2692 5024
170 626 210 689 lo
502 637 546 689 os
567 636 669 691 usos
688 636 912 691 ruminamus

170 784 217 856 At
240 784 419 855 revocavit
442 794 525 857 ante
548 796 702 879 tempus,
728 794 765 858 et
788 786 957 881 praecipiti
982 786 1097 860 edicto
1121 790 1249 865 iecisse

171 907 312 980 videtur
333 905 507 978 iniuriam.
532 906 671 978 Nullum
696 908 753 979 bic
776 907 989 1002 praetinitum
1014 918 1157 1005 tempus
1175 922 1246 997 est;

172 1027 248 1099 sine
271 1026 420 1099 termino
449 1026 629 1100 debitores
660 1050 795 1101 sumus.
826 1030 863 1101 Si
894 1051 1057 1103 essemus
1088 1032 1126 1103 in
1154 1032 1248 1105 diem

171 1145 332 1239 obligati,
364 1166 551 1240 possemus
581 1149 703 1242 utiquc
739 1148 900 1236 dilicme,
938 1150 1189 1243 tergiversari,
1212 1163 1249 1225 et

171 1267 356 1375 exactricis
380 1269 563 1340 avaritiam
588 1272 753 1362 culpare:
777 1291 870 1342 nunc
893 1270 940 1344 de
963 1273 1143 1345 eeleritate
1167 1294 1249 1346 con-

172 1391 271 1482 queri
290 1410 361 1461 non
378 1411 583 1483 possumus,
605 1394 707 1485 quasi
727 1401 809 1464 ante
826 1393 921 1465 diem
942 1403 1122 1487 repetatur
1135 1396 1246 1489 quod,

173 1512 290 1585 statim
306 1522 347 1583 ut
358 1513 578 1606 accepimus,
610 1512 809 1586 debuimus.
841 1516 912 1588 sed
928 1524 1079 1609 potarat
1102 1517 1247 1589 ulterius

172 1636 305 1709 vivere.
330 1636 471 1706 Poterat
494 1643 531 1705 et
554 1634 657 1707 citius
681 1620 785 1721 mori,
807 1646 943 1731 poterat
958 1645 994 1709 et
1014 1638 1117 1710 aliter
1138 1638 1247 1711 mori:

173 1765 221 1842 et,
247 1776 459 1850 quamquam
485 1756 634 1828 honesto
657 1757 735 1829 viro
764 1760 859 1829 nulla
888 1778 984 1831 mors
1015 1758 1128 1852 possit
1150 1758 1249 1831 inbo-

172 1888 274 1951 nesta
291 1878 508 1971 contingere,
529 1888 666 1977 poterat
680 1888 799 1952 umen
813 1879 938 1953 durius
953 1882 1053 1953 mori.
1073 1882 1147 1955 Ista
1163 1902 1249 1955 varo

174 1999 225 2072 sic
247 1999 353 2084 vixit,
380 1998 432 2071 sic
456 2008 616 2071 mortuus
642 2006 714 2085 est,
739 2008 780 2069 ut
803 2000 877 2073 Deo
901 2000 1033 2092 gratias
1057 2022 1166 2092 agero
1188 2001 1250 2075 de-

173 2121 273 2206 beas,
301 2130 337 2192 et
364 2120 461 2213 quod
484 2121 590 2191 talem
614 2118 731 2206 dedit,
757 2130 794 2192 et
822 2118 917 2213 quod
947 2120 1062 2191 taliter
1094 2120 1247 2193 abstulit.

173 2246 218 2315 Et
242 2242 273 2314 si
295 2244 366 2314 lata
390 2264 508 2315 rerum
539 2243 771 2315 humanarum
803 2262 844 2313 ac
873 2241 1080 2313 varietatem
1104 2262 1250 2315 casuum

174 2385 419 2456 recognoscas,
453 2386 523 2436 non
555 2366 668 2435 solum
700 2386 770 2436 non
800 2363 958 2456 lugebis,
991 2364 1055 2436 sed
1090 2365 1251 2436 fortassis

173 2485 278 2554 etiam
309 2482 480 2575 gaudebis
506 2483 715 2554 extinctum:
742 2504 839 2578 saepe
862 2485 956 2556 enim
987 2504 1083 2555 mors
1113 2482 1250 2556 labores

175 2604 259 2674 vitae
302 2604 489 2695 praesentis
533 2604 725 2696 intercipit,
765 2625 862 2698 aaepe
892 2614 1122 2699 praeoccupat.
1166 2605 1251 2690 Quis

174 2727 388 2808 anxietatem
417 2723 654 2796 solicitudines
678 2725 799 2797 mundi
823 2726 944 2811 buius,
972 2727 1052 2819 quis
1076 2726 1249 2811 miserias,

174 2846 254 2939 quis
279 2850 456 2917 aerumnas
481 2853 517 2915 et
541 2854 591 2914 tot
611 2846 839 2918 contumelias
860 2849 1025 2932 fortunae,
1046 2848 1127 2941 qnia
1145 2847 1250 2919 animi

176 2968 403 3062 corporisque
428 2966 601 3062 pericula,
628 2968 725 3038 etin
749 2976 937 3061 utrumque
961 2969 1018 3041 ius
1048 2968 1252 3040 habentium

175 3089 375 3161 morborum
402 3086 524 3160 turbas
549 3090 761 3160 enumeret?
784 3088 920 3172 Quibus
948 3087 1034 3183 (etsi
1054 3109 1123 3160 non
1143 3090 1254 3160 omni-

175 3210 242 3280 bus
263 3211 470 3302 premimur)
495 3232 634 3305 semper
653 3220 771 3282 tamen
792 3209 1030 3295 subiacemus,
1052 3210 1165 3281 donec
1189 3230 1253 3280 nos

174 3328 221 3398 ab
245 3350 367 3398 eorum
393 3340 567 3421 potestate
599 3353 762 3424 suprema
794 3331 872 3402 dies
903 3331 1086 3402 exemerit.
1118 3328 1174 3400 Ab
1197 3330 1254 3401 bis

175 3445 338 3520 omnibus
363 3449 480 3540 itaque
505 3454 613 3522 irater
630 3461 712 3522 tuus
731 3450 901 3522 beneficio
918 3451 1142 3544 tempestivae
1163 3472 1255 3522 mor-

176 3573 220 3642 tis
246 3571 410 3641 immunis
436 3579 502 3640 est.
530 3572 567 3641 ln
592 3573 659 3643 boc
683 3584 822 3658 autem,
858 3583 957 3666 pater
989 3571 1252 3664 benignissime,

175 3696 324 3765 fallimur
348 3703 383 3764 et
409 3693 512 3764 nimis
531 3695 725 3785 vulgariter
751 3717 924 3781 erramus,
946 3695 1041 3788 quod
1067 3695 1255 3765 morientes

176 3815 324 3887 dicimus
348 3816 432 3886 vitae
456 3814 647 3885 commodis
672 3815 819 3901 abduci,
852 3817 912 3909 qui
944 3824 1081 3899 tamen,
1115 3815 1146 3884 si
1176 3815 1255 3907 quis

176 3939 280 4008 altius
322 3937 547 4020 consideret,
582 3934 628 4006 ab
660 3935 971 4007 innumerabilibus
1004 3937 1105 4006 malis
1143 3943 1256 4006 morte

176 4057 359 4129 discedunt
373 4083 381 4141 3
394 4057 488 4152 quod
512 4056 672 4128 facillime
697 4078 838 4149 possem
863 4065 898 4127 ct
922 4055 1198 4141 auctoritatibus
1220 4064 1257 4125 ct

177 4179 383 4265 rationibus
410 4192 445 4251 et
470 4181 642 4274 exemplis
667 4179 869 4266 ostendere,
908 4179 975 4250 nisi
1001 4180 1083 4271 quia
1115 4181 1256 4269 longum

178 4317 374 4369 sermonem
398 4304 557 4393 epistolae
583 4299 740 4372 brevitas
761 4323 828 4371 non
849 4302 951 4394 capit.
976 4302 1046 4370 lam
1067 4320 1153 4390 ergo
1174 4298 1257 4370 felix

178 4415 382 4487 adolescens
407 4421 473 4492 ista
499 4444 568 4492 non
593 4423 738 4503 metuit3
765 4422 879 4492 evasit
898 4422 991 4493 enim
1013 4421 1105 4503 binc,
1129 4430 1163 4490 cl
1185 4440 1258 4491 mo
