2692 5024
492 849 977 945 PROLEGOMENON.

696 1134 774 1146 c--—

273 1611 377 1687 Quum
393 1609 571 1675 Franciscus
587 1604 763 1687 Petrerea,¹
780 1610 916 1675 doctrina
933 1616 964 1673 et
980 1610 1158 1675 auctoritate
1178 1612 1274 1677 etatis

194 1734 258 1781 sure
271 1716 322 1779 vir
337 1715 424 1778 laeile
443 1714 600 1811 princeps,
622 1720 772 1794 quotquot
791 1715 841 1777 vel
856 1714 1028 1778 litterarum
1044 1716 1143 1793 cultu,
1162 1717 1211 1779 uel
1227 1733 1273 1780 er·

195 1838 320 1885 morum
345 1821 457 1899 glorie,
484 1821 534 1883 vel
560 1819 713 1898 dignitatis
741 1830 771 1882 et
801 1821 895 1899 regiae
921 1820 1086 1883 maiestatis
1116 1821 1276 1901 splendore

273 1995 282 2026 ⁴
298 1992 584 2056 ousmvlstnpiertsque
592 1990 727 2042 Codieibus
734 1992 914 2055 veteribusque
922 1991 1077 2042 editionibus
1084 2005 1150 2057 pene
1157 1993 1276 2045 omnibus

197 2086 286 2125 nomen
297 2073 407 2125 summis
418 2066 502 2123 bostri
512 2070 598 2121 littera
610 2070 632 2120 il
644 2070 743 2122 duabus
753 2071 850 2123 ultimis
862 2073 1011 2136 interposita
1026 2072 1149 2137 seriptum
1165 2073 1278 2127 invenis·

196 2160 249 2214 tur,
260 2166 343 2217 eaque
354 2166 408 2203 non
419 2152 502 2203 solum
512 2150 539 2202 in
552 2156 623 2202 reeto
635 2150 682 2201 sed
698 2158 725 2202 et
740 2151 767 2201 in
785 2152 894 2216 obliquis
907 2153 963 2203 eius
976 2154 1086 2205 nominis
1102 2154 1202 2205 casibus
1217 2167 1278 2205 oon-

194 2238 291 2282 subter
301 2236 439 2296 appareat,
452 2242 500 2279 nos
512 2236 596 2280 umen
610 2229 721 2279 litteram
732 2229 801 2279 iliam
813 2231 1007 2294 expungendam
1017 2231 1149 2294 duximus,
1159 2246 1189 2284 ea
1201 2234 1277 2297 potis·

84 2365 88 2376 ,
195 2313 286 2362 dmum
296 2309 396 2361 rstione
410 2305 488 2368 ducti,
501 2308 569 2371 quod
582 2307 609 2356 tn
620 2306 747 2370 epitapblo
758 2309 791 2358 ab
801 2308 911 2372 ipsomet
924 2309 973 2359 sibi
988 2311 1126 2374 composito
1141 2317 1168 2360 et
1179 2311 1277 2361 adeius

194 2395 386 2443 monumentum
397 2387 522 2451 Arqusde
532 2387 615 2437 adbuc
627 2393 767 2450 prestante,
778 2402 828 2438 non
839 2389 920 2437 solum
933 2390 1059 2439 Petrcrcc
1069 2390 1096 2439 ln
1107 2390 1189 2455 primo
1200 2402 1277 2439 versu

194 2472 345 2534 inscriptum
361 2469 476 2534 legator,
494 2467 542 2518 sed
559 2467 627 2531 quod
643 2480 690 2518 ceu
704 2468 782 2519 serbe
801 2467 838 2518 illi
858 2469 1003 2521 assonautta
1020 2470 1047 2520 ln
1062 2468 1162 2523 dm
1176 2470 1222 2536 qui
1238 2483 1277 2521 se

195 2556 310 2615 quuntm
318 2553 432 2613 possset
445 2560 503 2598 ores
515 2547 628 2598 adbibita
640 2547 750 2598 ruerint:

356 2672 457 2710 ”issiu
470 2672 598 2710 1111618111
614 2673 684 2710 wi!
697 2675 739 2709 liic
755 2674 827 2710 'tudir
842 2674 901 2709 ΟΜ
915 2675 1063 2711 mmm!

356 2744 457 2782 mem
472 2745 545 2781 111ῦο
559 2744 652 2781 mm
667 2746 777 2792 ΔΙΙΙΑΙ,
790 2747 852 2781 ΜΕ
867 2746 967 2782 visurus
981 2747 1072 2793 beser,

355 2818 480 2860 ”mom
494 2818 539 2853 itti
554 2817 641 2853 mm
654 2818 720 2855 (ΚΕΗ
734 2818 885 2858 nomnen
900 2818 925 2854 itt
941 2819 1009 2855 ΔΙΘΙ.

197 2929 234 2979 Ex
245 2942 297 2993 quo
307 2933 378 2993 patet
387 2927 549 2979 Fnudseum
560 2940 589 2980 se
599 2940 652 2978 nou
662 2927 819 2985 Petrcrcbc.
832 2927 880 2978 sed
892 2927 1019 2978 Potroree
1029 2927 1131 2978 nemim
1141 2926 1225 2977 vocari
1236 2939 1278 2977 ro·

196 3008 288 3071 luisse;
303 3006 427 3073 quidquid
442 3008 470 3059 in
481 3007 635 3058 contrariom
649 3005 764 3070 plerique
779 3006 915 3065 senserint,
933 3012 960 3055 et
976 3006 1116 3069 praesertim
1129 3004 1279 3055 tonsorios

196 3085 310 3139 bscrrus
319 3086 346 3137 ln
360 3086 467 3150 epistola
473 3086 506 3138 ad
516 3086 564 3139 lae.
575 3087 638 3138 Pbil.
646 3086 807 3138 'lomasinum
815 3087 883 3136 edita
894 3092 950 3149 post
963 3084 1127 3133 Petrercbum
1142 3082 1278 3133 redivivum

195 3166 306 3225 Puteoli.
324 3164 389 3217 {ddi
398 3204 405 3224 ,
420 3178 478 3229 pso.
496 3166 554 3217 2⁴9.
572 3165 605 3215 Et
622 3179 700 3227 sane,
717 3166 805 3228 siqua
822 3164 965 3228 proteratur
980 3162 1136 3227 autographa
1152 3162 1279 3214 lrandsci

195 3247 335 3311 sulptura,
346 3258 404 3311 quse
417 3258 511 3297 nomen
522 3246 578 3297 eius
588 3246 686 3297 adlecta
697 3245 850 3309 aspiratione
860 3245 992 3306 exhibeat,
1010 3245 1092 3297 lasoes
1110 3258 1151 3296 me
1170 3245 1279 3297 lilsenter

196 3326 381 3378 submissurum
392 3326 520 3391 protlteor.
532 3326 588 3378 lion
599 3326 657 3378 ideo
675 3332 760 3377 nmen
776 3326 858 3377 rietus
874 3327 963 3377 abeam
979 3327 1048 3390 quod
1063 3325 1089 3375 in
1106 3326 1236 3377 codicibus
1252 3333 1279 3377 et

198 3406 326 3458 veteribus
345 3406 500 3459 editionibus
520 3413 699 3458 testamentum
716 3407 796 3471 ipsius
814 3421 844 3458 es
860 3406 1046 3470 subscriptione
1063 3407 1204 3459 claudetur.
1225 3407 1279 3469 Epo

196 3480 344 3533 Francicus
355 3482 491 3534 Pctrcrebu
504 3483 600 3548 scripsi.
613 3483 714 3534 Etenim
731 3484 754 3534 si
772 3484 893 3535 Fortunio
910 3484 997 3535 Liceto
1014 3497 1064 3535 non
1080 3483 1128 3535 luit
1144 3484 1278 3535 commite

198 3562 343 3614 oesdiliim
363 3567 542 3615 testamiui»
560 3577 576 3612 o
593 3563 729 3615 Pctrsrcbo
747 3579 824 3615 mono
841 3565 943 3628 proprio
961 3564 1126 3629 eomors'ptrtm
1143 3564 1210 3613 inter
1225 3563 1279 3612 elus

197 3654 273 3706 opere
283 3642 529 3706 muliawsisst'me
542 3643 718 3707 transcriptum
729 3643 806 3706 {abac
824 3645 985 3695 carneadem
1000 3657 1103 3708 proram
1120 3642 1278 3705 ortopropbs'o

194 3721 350 3783 potissimam
360 3722 457 3787 proprii
468 3723 632 3786 supposuistis,
646 3724 727 3775 multo
739 3724 801 3774 mibi
812 3726 893 3789 magis
905 3738 920 3775 a
931 3725 1037 3776 veritate
1048 3724 1171 3773 absonum
1179 3720 1279 3773 uidetur

196 3798 358 3852 mousson
373 3800 483 3865 posteris
496 3802 529 3853 de
541 3814 570 3852 se
580 3814 727 3865 supremum
741 3808 767 3853 et
778 3803 898 3854 marmori
916 3804 949 3856 ad
968 3805 1115 3867 perpetuam
1131 3800 1171 3851 sui
1185 3813 1280 3851 memo

197 3880 260 3931 rism
270 3880 460 3933 msertbeneum
472 3881 644 3933 admonium
656 3882 797 3944 terentem,
814 3889 843 3934 ut
858 3884 932 3934 metri
944 3878 1114 3933 consonantiae
1123 3878 1277 3946 indulgeret,

197 3973 272 4024 quam
283 3960 352 4011 lamii
362 3966 462 4026 poterat
473 3961 571 4013 ratione
584 3967 696 4022 mutare,
708 3961 845 4026 ingenuam
858 3961 969 4013 nominis
980 3959 1020 4010 sui
1032 3959 1280 4023 ortograpblsmeor·

198 4052 316 4103 rumpere
325 4040 445 4092 voluisse.
458 4040 583 4093 Ceterum
594 4054 642 4092 nec
653 4041 799 4092 testsmenti
812 4040 985 4106 autographon
997 4037 1088 4101 aliquis
1104 4039 1187 4091 adbuc
1202 4039 1277 4101 sidit,

197 4130 244 4168 nee
254 4117 346 4168 mirum
355 4118 447 4185 cuique
457 4130 515 4170 esse
524 4124 608 4183 potest
616 4120 706 4184 quoda
715 4118 825 4169 librariis
834 4123 860 4168 et
872 4116 1036 4180 typographis
1045 4117 1187 4169 vetustioris
1198 4120 1279 4169 oetotis

198 4198 275 4250 iatino
284 4210 404 4251 sermone
417 4198 588 4251 scribentibus
598 4199 751 4266 aspiratione
766 4199 864 4262 adjecta
880 4196 956 4248 tuerit
972 4203 1052 4262 poetae
1067 4211 1159 4250 nomeu
1175 4211 1279 4263 usurpa-

198 4288 264 4343 tum,
275 4294 354 4347 mum
364 4281 499 4333 mensula
509 4281 586 4332 etism
598 4281 685 4344 lineos
696 4285 783 4330 nostra
799 4278 896 4328 exorati
911 4279 1031 4343 sequioris
1047 4281 1164 4347 temporis
1178 4279 1278 4332 oodless

198 4369 225 4411 et
234 4362 363 4414 iibriillud
374 4363 464 4414 eadem
475 4361 573 4415 ratione
584 4361 705 4426 scripturn
717 4357 863 4421 exhibeant,
871 4359 933 4423 quin
940 4367 1024 4413 umen
1034 4374 1122 4413 eorum
1131 4360 1278 4412 auctoritate

199 4442 288 4495 donus
302 4442 428 4509 quispiam
437 4441 581 4494 lnveolatur
593 4440 637 4506 qui
649 4438 668 4489 tt
680 4437 818 4488 Pstrsrcbo
827 4452 873 4502 pro
880 4439 900 4491 s'l
907 4440 1061 4493 Petrsresin
1071 4441 1154 4494 italica
1165 4439 1278 4491 oratione

199 4534 264 4575 naue
273 4524 388 4576 smibsre
398 4522 467 4575 reiis

319 4624 340 4663 r.
1105 4621 1120 4655 o

411 4744 573 4899 diiij
