2692 5024
413 788 417 795 -
497 748 685 813 Fannclscl
704 749 911 814 puluinum

303 992 373 1070 DE
426 991 611 1072 REBUS
667 988 1105 1072 unulnlnltlssos

476 1213 631 1286 LIBER
665 1211 940 1287 SECUNDUS.

599 1701 778 1768 EPISTOLA
798 1703 819 1767 l.

172 1912 367 1964 uannclscus
381 1912 548 1962 Pll'l'llllllCd
563 1910 707 1961 PHILIPPO
722 1909 875 1961 EPISCOPO
889 1909 1118 1962 olenticetis!
1135 1912 1162 1962 S.
1177 1912 1205 1962 P.
1218 1913 1246 1961 D.

504 2093 543 2149 De
557 2093 634 2150 obitu
647 2094 740 2150 fratris
753 2095 920 2150 consolatur.

270 2328 399 2420 Ingens
420 2329 593 2399 scribendi
620 2330 799 2420 negotium
821 2328 904 2398 mihi
926 2350 1020 2398 nuno
1040 2327 1161 2399 adimit
1181 2329 1251 2398 vir-

175 2460 230 2519 tus
257 2461 336 2521 tua:
364 2461 402 2520 ut
426 2451 517 2520 enim
544 2450 714 2540 eorporis,
743 2450 793 2520 sio
824 2450 928 2519 animi
954 2450 1098 2540 gravius
1123 2449 1248 2533 affecti,

173 2569 341 2639 difficilior
365 2590 448 2638 cura
480 2579 546 2638 est.
579 2569 724 2660 Utrique
755 2579 873 2639 autem
905 2590 1012 2653 sano,
1039 2579 1100 2640 aut
1124 2571 1249 2652 nullm,

174 2701 233 2758 aut
254 2693 356 2780 plane
383 2688 571 2759 levioribus
592 2690 757 2761 remediis
778 2701 833 2759 est
853 2712 956 2780 opus;
972 2700 1080 2782 utque
1098 2691 1164 2762 illic
1181 2711 1253 2760 me-

174 2811 263 2896 dieo,
293 2811 340 2880 ita
371 2812 427 2881 hio
453 2814 668 2882 consolatore
700 2814 831 2896 minus,
860 2812 928 2882 imo
959 2832 1046 2881 vero
1071 2812 1170 2894 nihil,
1198 2820 1252 2881 est

173 2956 272 3027 opus.
288 2934 415 3006 Tecum
437 2954 535 3025 ergo,
558 2934 613 3004 vir
632 2935 769 3027 optime,
786 2934 981 3006 ommatius
998 2955 1153 3024 agerem,
1173 2932 1203 3003 si
1219 2942 1254 3002 te

175 3058 338 3149 fregisset
355 3067 415 3128 aut
436 3056 622 3128 stravisset
642 3055 852 3128 adversitas.
873 3057 985 3141 Nunc,
1007 3078 1087 3126 oum
1105 3057 1254 3125 fortunae

174 3181 339 3271 impetum
372 3182 448 3250 lorti
474 3182 588 3251 animo
614 3181 749 3263 tuleris,
775 3179 1000 3250 consolatoris
1026 3178 1111 3247 mihi
1136 3187 1254 3269 partes

175 3301 341 3390 eripienS,
375 3300 565 3371 laudatoris
602 3324 643 3372 ao
681 3302 854 3371 miratoris
885 3300 1035 3370 officium
1073 3299 1254 3391 reliquisti.

176 3421 252 3505 Qua
276 3420 311 3489 in
337 3441 375 3489 re
402 3419 457 3512 (ut
482 3420 659 3514 dicebam)
692 3422 902 3515 operosioris
935 3421 1003 3491 stili
1035 3421 1120 3489 mihi
1146 3432 1257 3491 mate-

144 3528 149 3537 ’
176 3544 260 3613 riam
288 3541 485 3636 procidisti.
514 3543 711 3613 Consolatio
737 3544 841 3627 enirn,
864 3544 956 3613 utin
977 3542 1093 3613 moesti
1119 3543 1256 3613 audito

177 3667 224 3734 ris
250 3667 403 3735 animum
425 3674 596 3758 penetret,
617 3676 698 3755 eget
720 3668 827 3735 multa
849 3664 1037 3735 verborum
1061 3665 1254 3743 maiestate,

176 3799 256 3878 eget
281 3788 449 3878 gravibus
475 3788 712 3878 animosisque
739 3787 931 3857 sententiis.
954 3787 1081 3857 Virtuti
1102 3788 1258 3856 testimo

178 3908 271 4007 nium
299 3910 447 4001 simplex
473 3916 508 3976 et
534 3909 698 3978 incultum
727 3907 873 3987 sufficit,
906 3927 970 3976 nec
1002 3916 1138 3997 oportet
1165 3906 1257 3977 veri-

178 4038 283 4099 tatem
305 4054 421 4100 rerum
443 4028 531 4100 fictis
553 4028 763 4101 adumbrare
783 4026 981 4109 coloribus,
1004 4029 1167 4120 quoniam
1186 4027 1258 4096 vir-

178 4158 234 4216 tus
267 4153 342 4242 ipsa
374 4153 439 4221 sibi
472 4154 619 4246 plaudit,
653 4161 688 4222 et
714 4150 852 4244 proprio
877 4159 1040 4219 contenta
1067 4149 1255 4241 praeconio,

178 4268 320 4338 alterius
348 4273 470 4342 theatri
504 4275 686 4367 strepitum
719 4295 788 4343 non
820 4272 975 4363 requirit.
1009 4271 1183 4340 Veneram
1214 4267 1259 4337 ad

180 4397 213 4455 te
244 4409 354 4477 nuper
392 4393 461 4460 acri
502 4415 641 4463 rumore
680 4394 861 4483 perculsus
901 4392 1096 4461 immaturae
1137 4390 1258 4460 morus
