2692 5024
127 640 187 704 450
467 653 510 701 aa
531 652 632 702 nunus
652 652 873 702 raxurnluaus

127 799 194 871 bus
214 797 308 870 curis
328 798 462 869 laceror
481 805 586 889 atque
604 795 803 889 discerp0r3
825 815 905 887 quae
924 793 1007 865 mibi
1030 793 1105 865 vita
1126 793 1217 865 nihil

126 930 238 993 morte
259 921 415 991 securior
434 929 501 1004 est,
523 930 559 990 et
578 917 682 989 finem
703 917 780 989 eius
798 916 1011 1013 supplicibus
1029 925 1137 1010 atque
1154 938 1216 988 as-

127 1045 239 1117 siduis
264 1044 356 1115 votis
381 1051 520 1139 expeto.
546 1040 732 1133 Aliquanto
757 1040 850 1111 enim
872 1039 1007 1130 longior
1026 1048 1083 1110 est
1103 1060 1213 1133 quam

127 1169 270 1249 vellem;
291 1168 407 1239 adhuc
425 1166 567 1260 quidem
588 1165 735 1235 iuvenes
755 1159 985 1234 videbamur:
1006 1183 1086 1232 ecce
1113 1160 1217 1231 bien-

127 1287 185 1360 nio
205 1291 389 1381 plusquam
410 1286 563 1379 oportuit
586 1286 753 1355 viximus.
780 1282 860 1354 Misi
884 1281 1028 1354 nuncios
1054 1304 1095 1353 ac
1119 1281 1217 1352 litte-

128 1430 187 1480 rus
199 1431 261 1504 per
273 1409 414 1479 diversa
434 1418 618 1489 terrarum,
638 1407 672 1476 in
690 1402 812 1498 primis
828 1402 1048 1485 Placentiam,
1066 1403 1217 1473 Floren-

128 1527 222 1613 tiam,
245 1549 286 1601 ac
306 1530 461 1598 Romam.
483 1528 540 1596 Ex
560 1527 615 1597 his
636 1524 729 1598 enim
751 1523 922 1617 praecipue
941 1522 1145 1595 civitatibus
1168 1523 1216 1595 de

126 1671 169 1721 eo
192 1650 253 1741 qui
286 1658 466 1741 superstes
492 1647 617 1722 dicitur
642 1647 774 1740 aliquid
798 1644 1039 1741 expectabam.
1066 1646 1117 1717 lta
1143 1646 1215 1718 iam

126 1770 280 1843 intentus
304 1781 410 1863 atque
434 1771 589 1853 inhians,
615 1779 651 1841 et
675 1791 777 1841 omne
803 1769 869 1841 iter
901 1768 1212 1861 circumspicienS,

127 1904 163 1965 et
182 1893 228 1965 ad
247 1914 384 1964 omnem
411 1892 593 1985 strepitum
618 1892 906 1976 contremiscens,
932 1891 1092 1984 quintum
1118 1890 1216 1962 deci-

127 2039 225 2088 mum
246 2016 339 2088 diem
360 2036 447 2106 ago;
468 2014 563 2108 quod
584 2023 721 2108 tempus
743 2015 873 2087 sicum
894 2015 1082 2085 multorum
1102 2033 1217 2083 anno-

127 2162 204 2211 rum
226 2136 479 2209 calamitatibus
501 2138 700 2221 trutinetur,
727 2135 826 2208 lacile
850 2136 1105 2230 praeponderet.
1133 2134 1216 2205 Fuit

127 2258 212 2330 mihi
233 2259 383 2352 impetus
403 2259 578 2331 interdum
598 2260 661 2344 ire,
683 2280 747 2330 nec
765 2256 974 2341 subsistere,
993 2259 1104 2331 donec
1119 2277 1217 2350 prae-

129 2403 210 2453 sens
236 2383 341 2452 Lucae
366 2380 474 2451 nostri
506 2391 648 2465 statum,
672 2379 883 2472 quicumque
907 2391 1017 2464 esset,
1042 2401 1215 2470 agnosce-

128 2525 215 2586 rem,
237 2512 273 2573 et
292 2502 459 2574 Mainardi
483 2502 520 2596 (o
546 2500 756 2572 inevitabilis
782 2522 860 2572 sors
886 2500 1103 2594 hominuml)
1126 2503 1214 2594 alpi-

128 2633 266 2693 namet
287 2625 373 2693 rude
394 2645 571 2692 cernerem
590 2625 798 2713 sepulcrum.
826 2623 905 2693 Fuit
929 2624 1037 2706 euim,
1061 2633 1099 2694 ut
1119 2625 1214 2695 lama

127 2750 197 2827 est,
219 2742 363 2832 ingenti,
386 2765 455 2812 non
475 2743 579 2814 modo
603 2744 904 2816 circumstantium
919 2754 1127 2830 castrorum,
1146 2746 1214 2817 sed

128 2865 280 2938 civitatis
296 2863 400 2935 etiam
418 2885 601 2949 concursu,
618 2887 826 2958 summaque
843 2866 996 2939 omniurn
1014 2868 1215 2939 misericor-

129 2989 186 3060 dia
213 2990 420 3072 tumulatus,
448 2987 709 3079 indignantibus
735 2998 771 3059 et
796 2988 1073 3061 exclamantibus
1100 2993 1216 3069 multa

129 3111 303 3194 ruriculis
339 3110 563 3202 graviterque
595 3111 800 3194 serentibus
827 3133 896 3181 non
926 3111 1028 3184 modo
1059 3111 1217 3183 defuncti

128 3256 266 3318 casum,
295 3233 359 3304 sed
391 3231 565 3325 propriam
591 3255 730 3325 quoque
763 3234 947 3319 lortunam,
975 3234 1070 3326 quod
1095 3235 1217 3308 animo

128 3334 374 3446 praesagirent,
397 3353 433 3423 id
452 3353 546 3446 quod
566 3353 655 3424 illico
675 3364 900 3427 consecutum
921 3367 990 3441 est,
1018 3357 1217 3449 interrupto

129 3477 260 3549 scilicet
279 3475 415 3560 itinere,
443 3497 506 3568 pro
533 3474 726 3569 hospitibus
752 3498 793 3548 ac
818 3478 923 3549 lucris
949 3479 1120 3550 damnosa
1145 3479 1217 3551 sibi

128 3599 218 3670 bella
240 3597 438 3669 succedere.
462 3598 571 3667 lssem
597 3601 749 3689 prolecto
775 3599 990 3695 iampridem,
1012 3601 1047 3670 in
1064 3602 1216 3674 easdem

129 3724 216 3793 forte
237 3742 362 3792 manus
386 3720 489 3790 simul
505 3722 574 3790 fato
595 3719 792 3811 impellente
809 3733 994 3808 venturus,
1013 3723 1081 3794 nisi
1102 3746 1161 3794 me
1179 3736 1218 3797 et

130 3845 211 3916 auni
233 3854 370 3938 tempus
395 3844 599 3927 adversum,
628 3853 663 3914 et
688 3845 851 3917 valetudo
876 3847 1030 3938 corporis
1056 3847 1217 3921 imbecil-

128 3965 193 4037 lior
208 3966 394 4037 tenuisset:
414 3975 449 4035 et
471 3976 585 4037 tamen
602 3989 646 4037 au
665 3966 745 4052 sibi,
765 3968 879 4038 animo
896 3970 1107 4040 contrarium
1126 3992 1218 4063 sug-

130 4088 273 4177 gerenti,
297 4089 411 4182 potius
433 4088 688 4180 obtemperem,
712 4089 894 4177 hactenus,
916 4093 1033 4174 frater,
1058 4091 1216 4165 incertus

130 4229 219 4280 sum.
236 4209 419 4280 Transibat
431 4209 503 4294 bac,
520 4220 642 4281 sextus
656 4212 774 4297 hodie,
791 4225 829 4284 ut
843 4235 935 4297 reor,
958 4222 1018 4284 aut
1038 4216 1217 4307 septimus

129 4327 204 4399 dies
225 4340 291 4413 est,
315 4330 439 4401 nobilis
466 4331 606 4424 quidam
633 4334 687 4404 vir
712 4335 930 4406 Florentinus
955 4334 1042 4406 civis
1067 4357 1089 4405 e
1115 4340 1218 4409 curia

130 4447 291 4533 veniens,
314 4453 468 4523 cuicum
494 4456 580 4524 sorte
607 4454 640 4523 in
668 4456 725 4529 via
751 4456 888 4551 publica
913 4480 1008 4551 equos
1031 4480 1109 4530 suos
1136 4481 1221 4533 cur-
