2692 5024
419 711 510 759 arnan
533 706 877 760 saurus—urtsrom
900 711 930 758 rr.
1155 698 1214 759 313
1328 680 1331 687 ’

135 878 221 927 rum.
244 857 317 927 Huc
331 860 533 950 compulsus
550 869 605 929 est
621 860 763 937 Pcrses;
781 858 861 928 hinc
879 861 1042 950 repulsus
1054 869 1110 931 εει
1122 859 1214 931 Han-

134 977 240 1060 nibal;
262 979 343 1051 hinc
364 981 535 1076 impulsus
561 992 617 1052 est
642 982 822 1073 Iugurtha,
850 991 888 1050 ut
908 980 1049 1072 quidam
1069 983 1215 1075 opinan-

133 1112 201 1185 tur;
223 1103 278 1174 alii
299 1104 439 1175 veroin
461 1127 600 1177 carcere
621 1105 715 1176 illum
743 1114 878 1176 necant.
904 1105 966 1176 llic
988 1105 1216 1198 triumphavit

133 1226 266 1310 Caesar,
285 1226 341 1297 hic
360 1227 471 1320 periit.
492 1228 563 1300 Hoc
584 1226 768 1320 Augustus
794 1228 827 1297 in
856 1230 982 1322 templo
1002 1249 1106 1320 reges
1127 1228 1214 1300 affu-

134 1372 193 1422 sos
217 1361 253 1422 et
282 1349 500 1422 tributarium
532 1351 650 1422 orbem
682 1349 780 1422 vidit.
816 1349 877 1421 Hic
914 1349 1064 1444 Pompeii
1091 1371 1211 1434 arcus,

133 1473 209 1545 haec
233 1475 401 1567 porticus,
423 1475 489 1546 hoo
510 1475 607 1546 Marii
629 1475 805 1547 Cimbrum
834 1472 904 1565 isici
931 1473 1004 1544 fuit.
1026 1474 1109 1545 Haec
1130 1474 1214 1545 Tra-

131 1596 201 1667 iani
220 1598 393 1681 columna,
425 1597 482 1668 ubi
503 1597 558 1669 ille
588 1621 679 1669 unus
700 1598 853 1669 omnium
884 1598 1146 1692 imperatorum,
1177 1606 1213 1667 ut

132 1719 180 1791 ait
204 1719 395 1804 Eusebius,
427 1721 515 1792 intra
541 1720 663 1792 urbem
693 1731 748 1793 est
774 1723 940 1815 sepultus.
973 1721 1036 1793 Hic
1056 1719 1212 1794 eiusdem

131 1865 219 1938 pons
246 1845 305 1936 qui
332 1843 447 1917 Sancti
467 1844 558 1916 Petri
581 1866 707 1916 nomen
732 1846 879 1923 invenit:
900 1856 935 1917 et
955 1845 1117 1917 Hadriani
1139 1867 1213 1917 me

132 1965 194 2048 les,
214 1965 269 2036 cui
291 1966 365 2061 ipsc
386 1989 526 2060 quoque
544 1966 721 2039 subiectus
743 1976 811 2049 est;
832 1966 926 2059 quod
952 1967 1068 2038 Sancti
1089 1966 1212 2060 Angeli

131 2097 284 2161 castrum
312 2100 447 2160 vocant.
481 2089 553 2160 Hoc
584 2087 640 2160 est
672 2112 798 2161 saxum
834 2089 931 2161 mirae
964 2088 1211 2180 magnitudinis

131 2208 343 2304 aheneisque
364 2211 520 2284 leonibus
551 2211 720 2295 innixum,
749 2211 842 2284 divis
869 2210 1135 2305 imperatoribus
1155 2232 1212 2281 sa-

131 2357 245 2416 crum;
259 2334 359 2405 cuius
373 2334 407 2405 in
427 2337 558 2407 vertice
572 2337 647 2407 Iulii
661 2337 812 2408 Caesaris
825 2358 907 2408 ossa
920 2336 1101 2428 quiescere
1121 2337 1211 2408 lama

131 2467 194 2528 ost.
218 2458 300 2530 Haeo
321 2460 464 2531 Telluris
485 2462 596 2545 aedes,
612 2460 689 2533 haec
709 2464 870 2534 Fortunae
883 2462 1023 2545 domus,
1044 2462 1110 2533 hoc
1124 2471 1212 2532 tem-
1253 2462 1260 2475 '

131 2583 224 2675 plum
242 2583 351 2666 Pacis,
375 2584 529 2656 adventu
557 2608 640 2657 vere
657 2585 790 2682 pacifici
818 2588 910 2680 regis
930 2607 1107 2659 eversum.
1138 2586 1212 2658 Hoc

131 2726 219 2797 opus
241 2703 417 2799 Agrippa,
445 2708 538 2801 quod
564 2711 730 2781 salsorum
756 2707 902 2781 deorum
924 2710 1025 2781 matri
1053 2709 1127 2780 veri
1148 2710 1211 2781 Dei

134 2828 241 2898 Mater
257 2829 394 2923 eripuit.
418 2830 479 2902 llic
497 2807 610 2904 ninsit
630 2833 730 2905 nonis
744 2831 910 2925 Augusti3
929 2834 1008 2904 hinc
1026 2834 1125 2904 rivus
1145 2833 1210 2904 olei

133 2949 234 3021 lluxit
261 2951 295 3020 in
329 2951 493 3036 Tiberim,
523 2953 616 3039 hino,
644 2966 682 3025 nt
708 2957 797 3026 lama
821 2965 888 3038 est,
916 2962 1133 3026 monstrante
1159 2955 1211 3024 Si-

133 3072 233 3169 bylla,
248 3096 359 3146 senex
373 3074 555 3167 Augustus
569 3077 744 3148 Christum
758 3077 846 3147 vidit
860 3077 1035 3147 infantem.
1050 3078 1132 3147 Haec
1144 3075 1212 3148 Ne

131 3197 224 3268 ronis
245 3198 429 3270 insolentia
446 3210 481 3270 et
501 3199 536 3268 in
555 3198 712 3271 aediliciis
729 3199 870 3270 fervens
891 3200 1009 3268 luxus.
1027 3199 1120 3270 Haec
1140 3198 1212 3270 nu-

131 3331 235 3412 gusta
255 3321 394 3404 domus,
418 3323 475 3394 via
493 3323 671 3407 Flaminia,
699 3322 756 3393 ubi
780 3321 1002 3416 sepulchrum
1016 3321 1127 3416 ipsius
1148 3322 1212 3395 do-

131 3445 213 3515 mini
254 3445 395 3538 quidam
428 3447 578 3519 tradunt.
613 3447 694 3518 Haec
725 3445 888 3517 Antonini
923 3446 1103 3529 Columna3
1146 3447 1211 3518 hoc

130 3565 290 3639 eiusdem
323 3569 519 3661 proximum
554 3570 677 3664 Appiae
702 3570 879 3666 palatium.
901 3571 974 3642 Hoc
994 3569 1115 3641 Severi
1136 3568 1210 3639 Afri

131 3688 377 3783 Septizonium,
413 3715 519 3785 quam
541 3705 578 3765 tu
600 3696 720 3768 sedem
742 3694 831 3767 Solis
861 3715 982 3776 vocaS,
1011 3690 1074 3763 sed
1094 3712 1208 3761 meum

131 3792 256 3885 nomen
281 3816 314 3885 in
341 3818 496 3889 historiis
516 3820 682 3912 scriptum
708 3821 796 3911 lego.
823 3819 895 3888 Hoc
919 3815 1104 3887 Praxitelis
1129 3812 1211 3883 Phi-

128 3934 268 4031 diaeque
287 3951 414 4012 extans
435 3942 469 4012 in
490 3941 604 4035 lapide
630 3951 680 4012 tot
704 3941 771 4013 iam
794 3940 935 4011 saeculis
955 3939 1000 4010 de
1016 3936 1155 4028 ingenio
1173 3945 1210 4006 et

128 4073 203 4133 arte
220 4075 406 4135 certamen.
421 4065 484 4137 Hic
501 4065 661 4137 Christus
678 4065 825 4158 prologo
839 4061 970 4132 vicario
987 4059 1050 4130 luit
1068 4057 1206 4129 obvius.

127 4184 191 4256 Hic
210 4187 335 4259 Petrus
356 4188 390 4258 in
411 4210 550 4260 crucem
572 4199 682 4259 actus.
701 4185 763 4263 Hic
785 4192 964 4255 truncatus
990 4192 1045 4253 εει
1065 4181 1205 4262 Paulus,

128 4308 184 4381 hic
204 4321 345 4382 assatus
364 4310 588 4391 Laurentius,
616 4309 672 4380 hic
698 4308 856 4402 sepultus
882 4303 1035 4377 venienti
1062 4300 1207 4394 Stepha-

127 4453 173 4505 no
189 4434 302 4505 locum
324 4434 413 4505 lecit.
432 4432 494 4502 Hic
514 4431 648 4525 sprevit
663 4431 802 4503 larveus
820 4431 935 4501 oleum
957 4428 1137 4511 lohannes,
1152 4426 1208 4498 hic

129 4555 247 4644 Agnes
267 4568 347 4649 post
364 4554 496 4628 obitum
511 4555 647 4636 vivens,
668 4575 752 4626 suos
765 4553 851 4627 llere
867 4550 1052 4645 prohibuit.
1066 4549 1130 4625 Hic
1142 4548 1207 4621 Sil-

1280 4692 1294 4738 l
