2692 5024
372 777 463 826 ninnn
484 776 829 829 snmus-nmmum
852 782 893 828 ιιι.
1111 769 1167 831 cut

94 934 190 1014 sima,
210 930 383 1013 Valeriae,
410 928 647 1013 Cincinnatus,
676 930 816 1014 Curium
843 931 1034 1016 Fabricius
1054 935 1170 1026 Regu-

93 1058 146 1126 lus
161 1076 230 1125 uon
243 1054 373 1125 diutius
386 1075 490 1146 quam
505 1052 588 1124 dum
602 1056 764 1144 leguntur
776 1053 1021 1140 audiunturve‚
1035 1069 1070 1128 et
1090 1066 1169 1131 tuuc

92 1198 229 1271 quoque
250 1175 386 1245 nonnisi
408 1173 713 1270 superficietenus
734 1176 868 1248 animos
892 1197 1005 1250 caecos
1023 1180 1169 1252 avaritia

92 1312 128 1372 et
145 1297 333 1395 cupiditate
353 1299 538 1390 tangentia.
558 1299 627 1370 Sed
644 1302 752 1371 multo
770 1301 922 1372 maxime
942 1304 1168 1375 sacratissimi

92 1445 194 1495 senes
211 1422 333 1505 nostri,
356 1423 416 1515 qui
436 1422 705 1494 circumiverunt
725 1423 845 1495 orbem
866 1434 1047 1511 terrarum,
1077 1428 1169 1497 veri-

91 1555 195 1616 tatem
215 1544 406 1635 ingereudo
430 1545 630 1640 pectoribus
655 1544 843 1630 hominum,
871 1547 906 1617 in
930 1548 1020 1619 lame
1044 1558 1080 1618 et
1103 1571 1168 1619 uu·

89 1670 194 1740 ditate
227 1668 417 1750 laetissimi,
455 1667 630 1762 victisque
657 1680 692 1741 et
725 1671 864 1741 calcatis
898 1645 1166 1743 necessitatibus

91 1792 352 1885 triumphantes,
379 1812 527 1884 quorum
557 1792 661 1864 nudis
692 1792 838 1884 pedibus
864 1817 933 1865 ucu
963 1805 1038 1866 erat
1064 1796 1165 1866 tellus

89 1914 339 2007 dignacalcari.
354 1911 463 1998 Audc,
487 1923 519 1984 te
538 1915 652 2008 ipsum
671 1914 795 1986 talibus
808 1917 979 2010 exemplis
997 1918 1164 1989 inserere:

88 2037 172 2107 orrde
196 2039 308 2130 hospes
333 2049 539 2108 contemnere
569 2062 644 2132 opes
674 2059 742 2110 non
768 2039 908 2110 lortuito
931 2061 1044 2132 neque
1069 2041 1166 2111 inde-

88 2162 239 2232 liberate.
263 2159 362 2231 dude
384 2161 533 2254 inquam.
552 2162 673 2232 Plures
694 2163 739 2234 ad
764 2172 998 2253 contemptum
1018 2161 1111 2240 vitae.
1130 2170 1165 2234 et

87 2287 131 2358 ad
162 2285 410 2357 effundendum
431 2284 607 2377 proprium
635 2284 839 2375 sanguinem
864 2281 1163 2376 proiicieudasque
1262 2279 1268 2287 ’

86 2411 232 2493 animas,
255 2430 359 2501 quam
381 2407 427 2478 ad
447 2405 721 2478 contemnendas
738 2407 887 2492 divitias,
907 2409 1004 2479 luere
1020 2427 1164 2498 magna-

86 2533 177 2602 nimi.
212 2530 312 2602 dude
343 2531 460 2621 igitur,
494 2540 530 2600 et
563 2538 599 2601 tu
632 2530 780 2624 hospes,
807 2531 866 2623 qui
889 2552 956 2601 non
978 2529 1086 2601 habes
1107 2529 1163 2602 hic

85 2677 285 2726 mansuram
299 2656 491 2738 stationem,
506 2655 679 2748 deponere
692 2654 871 2746 sarcinam,
887 2651 1054 2726 libertatis
1066 2675 1163 2725 ama-

87 2777 217 2849 toribus
246 2779 489 2871 importunam,
519 2787 611 2849 tanto
641 2777 749 2849 tutius
770 2778 815 2849 ad
841 2778 986 2872 patriam
1012 2800 1163 2870 perven-

87 2911 184 2971 turus
203 2912 333 2995 quanto
357 2900 553 2994 expeditior
570 2899 765 2971 incesseris.
785 2900 889 2984 dude,
908 2902 1064 2994 inquam,
1083 2923 1162 2970 con-

85 3036 226 3095 temnere
258 3049 347 3119 opes,
383 3037 425 3106 et,
460 3023 554 3116 quod
593 3024 761 3114 sequitur,
803 3035 833 3092 te
869 3045 993 3113 quoqne
1025 3023 1161 3116 dipnum

80 3150 168 3240 finpe
195 3147 271 3218 bec.
298 3149 385 3231 Quis
411 3146 504 3217 enim
529 3142 663 3215 dubitet
688 3165 773 3238 opes
799 3144 1051 3238 potentiamque
1078 3168 1160 3216 con-

80 3282 246 3355 temnere,
280 3271 362 3342 dum
395 3268 590 3341 meminerit
617 3264 666 3357 (ut
693 3266 812 3338 sileam
838 3266 997 3360 caeteros)
1032 3269 1158 3339 Christi
1240 3280 1247 3287 “

81 3415 216 3463 sacram
236 3403 342 3485 atque
361 3393 526 3465 humilem
549 3402 802 3492 paupertatem3
823 3392 995 3486 praecipue
1022 3391 1052 3462 si
1078 3391 1159 3463 huic

80 3515 240 3604 cogitatio
261 3517 316 3585 illa
343 3516 567 3601 succreverit,
595 3526 762 3610 quantum
796 3516 1026 3588 calamitatum
1049 3537 1159 3608 quan-

82 3645 199 3708 tumve
217 3638 456 3711 discriminum
474 3640 553 3710 istae
570 3640 732 3711 omnibus
753 3639 844 3711 votis
861 3648 1035 3731 exoptatae
1050 3658 1159 3727 expc-

80 3757 221 3854 titaequc
253 3759 384 3833 divitiae
410 3785 528 3835 secum
555 3767 689 3835 ferant?
720 3765 821 3835 Certe
853 3764 1011 3832 Salomon
1042 3758 1158 3852 isqui

78 3884 171 3976 apud
203 3884 371 3957 Hebraeos
407 3888 545 3982 sapiens
584 3886 746 3969 habetur,
780 3896 820 3956 ut
857 3885 1025 3976 licurgus
1063 3882 1157 3977 apud

78 4005 375 4090 LacedaemonicS,
416 4012 518 4081 Solon
557 4009 650 4104 apud
686 4007 937 4090 AthenienseS,
977 4007 1061 4076 Cato
1101 4007 1156 4076 vel

78 4127 206 4199 Laelius
238 4133 330 4225 apud
361 4140 516 4215 nostros,
550 4154 619 4204 non
650 4131 791 4204 divitias
824 4151 935 4221 neque
973 4138 1156 4222 pauperta-

79 4259 146 4321 tem
172 4263 312 4347 optata
347 4257 429 4338 Deo,
461 4254 682 4347 superbiendi
717 4254 846 4325 scilicet
877 4251 1154 4347 desperandique

77 4376 270 4447 materiam.
311 4376 401 4461 Quid
441 4381 553 4469 ergo‘l
595 4377 736 4446 Tantum
776 4377 880 4446 victui
923 4398 993 4446 meo
1033 4377 1154 4458 tribue,

78 4497 199 4591 inquit,
242 4501 436 4573 neccssaria.
470 4500 580 4584 Quem
608 4509 750 4574 secutus
776 4484 984 4597 Apostolus,
1002 4499 1154 4570 totenes

80 4623 208 4706 uictum,
231 4624 351 4717 inquit,
375 4635 405 4693 et
428 4626 544 4715 quibus
570 4635 725 4719 tcpcmur,
747 4625 797 4696 ltir
816 4626 961 4697 contenti
977 4625 1087 4694 emus.
1109 4619 1154 4690 At
