2692 5024
129 742 189 805 330
464 752 505 803 nn
528 752 628 801 nunus
648 734 875 801 enuntiamus

128 904 196 977 bae
210 902 247 975 in
263 922 303 975 re
317 901 403 975 nihil
421 924 442 974 a
462 902 606 975 medicis
626 922 770 995 sperare
783 910 914 995 preter
932 898 1060 973 verba.
1078 901 1119 972 Si
1134 902 1220 997 quiid

128 1026 302 1101 adversus
322 1025 515 1120 podagram
534 1023 656 1097 auxilii
687 1032 758 1110 est,
788 1030 901 1095 toturn
932 1044 957 1095 a
986 1034 1216 1120 paupertate3

128 1152 185 1223 va
206 1150 236 1221 a
256 1148 294 1222 u
311 1148 443 1221 trasei
463 1146 524 1232 su,
542 1145 587 1219 aa
603 1145 709 1219 anmi
726 1124 967 1219 moderatione
981 1148 1217 1241 porsennam.

127 1272 296 1365 Podagrae
312 1270 482 1344 medicina
501 1268 630 1364 optima
649 1277 838 1364 paupertas
855 1277 926 1356 est,
948 1290 1015 1343 seu
1037 1270 1139 1345 illam
1158 1292 1221 1345 ne-

127 1395 289 1481 cessitas,
311 1416 374 1467 seu
394 1396 557 1468 voluntas
582 1395 743 1467 attulerit.
765 1393 926 1467 Ultimam
950 1393 1048 1467 hane
1070 1396 1219 1490 frugali-

70 1518 77 1531 '
128 1529 234 1593 tatem
246 1526 385 1599 vocant,
402 1537 508 1610 quam
524 1513 695 1588 deliniunt
706 1514 938 1588 voluntarium
954 1526 1217 1613 paupertatem.

127 1641 177 1713 De
197 1638 253 1711 bis
269 1649 385 1711 autem
407 1637 475 1709 alia
494 1639 540 1711 ad
560 1646 595 1710 te
614 1637 696 1710 olim
715 1638 862 1733 epistola
886 1637 974 1711 satis
997 1638 1148 1713 dixisse
1166 1640 1218 1711 vi·

127 1762 215 1835 deor
232 1760 386 1856 (quando
406 1761 562 1833 nondum
580 1760 628 1834 ad
643 1781 701 1834 ma
719 1760 788 1833 nisi
806 1760 975 1855 podagrae
991 1760 1110 1834 solius
1127 1764 1217 1835 mma

127 1881 360 1981 pervenerat),
382 1884 413 1957 si
434 1906 541 1957 unum
560 1882 657 1977 quod
675 1892 758 1956 tuno
780 1904 838 1956 me
862 1882 992 1957 latebat
1017 1884 1092 1957 illis
1117 1870 1217 1960 addi

127 2010 229 2083 dero:
259 2008 404 2083 eredere
437 2030 506 2087 me,
540 2007 708 2081 divinitus
740 2006 952 2103 permissum
978 2018 1018 2081 nt
1043 2010 1216 2104 podagre

127 2143 314 2230 paupertas
333 2131 536 2213 aeoesserit;
553 2143 600 2218 ut,
622 2132 713 2205 siout
727 2152 776 2203 ex
790 2129 1003 2225 quibusdam
1019 2134 1215 2207 venenosis

128 2253 362 2328 animantibus
378 2251 418 2326 fut
436 2253 629 2327 remedium
644 2252 779 2339 veneni,
791 2261 829 2325 et
848 2252 939 2327 sieut
957 2274 1048 2350 apes
1068 2278 1121 2328 ex
1141 2256 1216 2351 qui-

127 2375 277 2449 busdam
290 2377 409 2449 herbis
421 2375 650 2450 amarioribus
663 2376 863 2449 dulcissima
883 2378 986 2448 mella
1005 2377 1213 2463 conficiunt,

129 2498 175 2569 ita
200 2508 236 2570 tu
256 2499 356 2572 malis
377 2500 445 2573 tuis
465 2521 534 2571 non
554 2499 694 2573 aliunde
713 2522 818 2595 quam
841 2522 888 2572 ex
914 2499 984 2571 tuis
1004 2501 1115 2574 malis
1136 2520 1214 2598 pos·

130 2620 180 2692 sis
199 2621 350 2693 conflare
368 2622 531 2694 remedia.
564 2625 609 2695 Et
639 2623 683 2695 de
708 2631 912 2718 paupertate
931 2622 1080 2716 quidem
1102 2646 1214 2699 reme·

129 2743 257 2835 diuque
286 2743 382 2836 quod
412 2745 470 2816 illa
502 2767 622 2817 secum
655 2745 774 2831 babet,
805 2746 984 2819 hactenus.
1018 2749 1072 2819 De
1108 2748 1212 2821 animi

129 2877 245 2939 autem
277 2866 512 2941 moderatione
544 2869 789 2964 patientiaque,
821 2870 956 2962 longior
989 2892 1114 2945 sermo
1131 2882 1211 2959 est,

129 2990 407 3077 auetoritatibus,
432 2991 624 3065 rationibus
657 3004 693 3065 et
722 2993 893 3088 exemplis
917 2993 1128 3068 instructus.
1155 2997 1213 3069 llio

129 3115 279 3187 occurrit
297 3117 440 3198 Marius,
467 3117 524 3191 bio
547 3120 686 3190 Marcus
710 3116 861 3201 Attilius,
888 3116 944 3188 bio
969 3116 1123 3211 integrae
1149 3121 1213 3195 llo

130 3257 244 3309 manae
264 3239 429 3328 legiones.
449 3240 553 3312 Nulla
573 3241 666 3312 enim
687 3262 774 3333 gens
792 3239 826 3309 in
845 3238 911 3310 bae
931 3239 1044 3331 gloria
1064 3263 1133 3335 par
1149 3254 1211 3315 est

130 3359 193 3429 Hie
215 3381 262 3429 ex
282 3360 349 3431 alio
369 3383 497 3452 genere
518 3363 695 3436 homiuum
717 3361 936 3447 Posidonius,
955 3362 1210 3451 Anaxarchus,

71 3474 74 3481 ’
129 3493 164 3554 et
176 3505 246 3576 quo
260 3481 372 3568 vilius,
385 3506 436 3568 eo,
452 3486 517 3557 nisi
533 3489 640 3573 fallor,
659 3487 834 3560 efficacius
848 3489 1059 3583 exemplum,
1084 3510 1213 3564 servus

129 3607 212 3679 Aser
234 3609 323 3679 ultor
342 3607 471 3680 domini
491 3632 512 3681 a
532 3611 606 3681 Tito
631 3611 731 3683 Livio
757 3613 900 3695 relatus,
934 3610 996 3705 qui
1026 3615 1214 3688 tormentis

129 3732 310 3816 laueratus
333 3755 402 3803 non
422 3732 525 3805 modo
545 3757 613 3805 nou
633 3733 815 3825 ingemuit,
831 3732 896 3805 sed
913 3744 1105 3825 superante
1127 3737 1215 3811 taeti-

130 3855 176 3926 tia
195 3856 345 3939 doloreS,
368 3855 521 3948 speciem
538 3878 676 3950 quoque
695 3854 844 3950 praebuit
867 3853 1023 3928 ridentis.
1046 3856 1214 3933 lunum·

130 3977 251 4050 rabilia
270 3993 352 4051 sunt
372 3979 409 4053 id
425 4001 550 4071 geone,
582 4002 603 4053 e
634 3979 762 4073 quibus
794 4000 864 4050 non
896 3977 1001 4050 modo
1022 3980 1213 4074 epistolam

129 4102 285 4196 impleas,
308 4102 372 4175 sed
391 4102 528 4174 librum.
549 4104 808 4189 Verumtamen,
832 4113 870 4175 ut
888 4101 978 4186 dixi,
1006 4114 1090 4196 post
1114 4106 1215 4181 Cioe·

130 4246 248 4295 ronem
280 4227 519 4298 verecundum
551 4227 817 4321 modestumque
850 4224 1023 4297 silentium
1057 4227 1213 4303 videtur.

130 4348 194 4418 list
209 4349 386 4422 secundus
404 4350 495 4421 itlius
511 4349 602 4423 inter
614 4351 828 4422 Tusculanas
840 4347 1100 4442 disputationes
1112 4351 1214 4439 liber,

130 4491 234 4562 quem
255 4493 351 4565 saepe
371 4472 546 4546 salubrem
570 4473 607 4544 in
631 4471 719 4546 meis
739 4470 917 4546 doloribus
939 4484 1132 4568 expertus,
1153 4475 1217 4549 uli·

130 4602 214 4683 quot
232 4590 390 4683 insignes
410 4592 506 4666 viros
527 4592 645 4667 audivi
665 4592 711 4667 de
730 4592 809 4665 libri
829 4592 919 4686 illius
938 4592 1099 4671 efficacia
1116 4599 1217 4673 simi·
