<?xml version="1.0" encoding="UTF-8"?>
<!DOCTYPE html PUBLIC "-//W3C//DTD XHTML 1.0 Transitional//EN"
    "http://www.w3.org/TR/xhtml1/DTD/xhtml1-transitional.dtd">
<html xmlns="http://www.w3.org/1999/xhtml" xml:lang="en" lang="en">
 <head>
  <title>
</title>
<meta http-equiv="Content-Type" content="text/html;charset=utf-8" />
  <meta name='ocr-system' content='tesseract 3.04.00' />
  <meta name='ocr-capabilities' content='ocr_page ocr_carea ocr_par ocr_line ocrx_word'/>
</head>
<body>
  <div class='ocr_page' id='page_1' title='image "./epistolaederebu00fracgoog_0510.png"; bbox 0 0 2692 5024; ppageno 0'>
   <div class='ocr_carea' id='block_1_1' title="bbox 411 660 1208 754">
    <p class='ocr_par' dir='ltr' id='par_1_1' title="bbox 411 660 1208 754">
     <span class='ocr_line' id='line_1_1' title="bbox 411 660 1208 754; baseline 0.009 -8"><span class='ocrx_word' id='word_1_1' title='bbox 411 697 503 747; x_wconf 82' lang='lat' dir='ltr'>uoen</span> <span class='ocrx_word' id='word_1_2' title='bbox 523 697 864 750; x_wconf 66' lang='lat' dir='ltr'>sextus-ammona</span> <span class='ocrx_word' id='word_1_3' title='bbox 888 704 926 751; x_wconf 88' lang='lat' dir='ltr'>u.</span> <span class='ocrx_word' id='word_1_4' title='bbox 1017 660 1022 667; x_wconf 40' lang='lat'>¹</span> <span class='ocrx_word' id='word_1_5' title='bbox 1151 691 1208 754; x_wconf 71' lang='grc'>347</span> 
     </span>
    </p>
   </div>
   <div class='ocr_carea' id='block_1_2' title="bbox 357 965 978 1190">
    <p class='ocr_par' dir='ltr' id='par_1_2' title="bbox 357 965 978 1190">
     <span class='ocr_line' id='line_1_2' title="bbox 551 965 790 1031; baseline 0.008 -2"><span class='ocrx_word' id='word_1_6' title='bbox 551 965 728 1030; x_wconf 81' lang='lat' dir='ltr'><strong>EPISTOLA</strong></span> <span class='ocrx_word' id='word_1_7' title='bbox 745 967 790 1031; x_wconf 85' lang='lat' dir='ltr'>Vl.</span> 
     </span>
     <span class='ocr_line' id='line_1_3' title="bbox 357 1137 978 1190; baseline 0.008 -5"><span class='ocrx_word' id='word_1_8' title='bbox 357 1137 551 1186; x_wconf 79' lang='lat' dir='ltr'>rnnucrscus</span> <span class='ocrx_word' id='word_1_9' title='bbox 574 1137 741 1187; x_wconf 71' lang='lat' dir='ltr'>ruminel</span> <span class='ocrx_word' id='word_1_10' title='bbox 765 1139 806 1187; x_wconf 82' lang='lat' dir='ltr'>uu</span> <span class='ocrx_word' id='word_1_11' title='bbox 828 1140 978 1190; x_wconf 88' lang='lat' dir='ltr'>rcuorun.</span> 
     </span>
    </p>
   </div>
   <div class='ocr_carea' id='block_1_3' title="bbox 253 1286 1081 1453">
    <p class='ocr_par' dir='ltr' id='par_1_3' title="bbox 253 1286 1081 1453">
     <span class='ocr_line' id='line_1_4' title="bbox 253 1286 1081 1367; baseline 0.011 -26"><span class='ocrx_word' id='word_1_12' title='bbox 253 1287 285 1341; x_wconf 89' lang='lat' dir='ltr'>ln</span> <span class='ocrx_word' id='word_1_13' title='bbox 299 1286 443 1361; x_wconf 88' lang='lat' dir='ltr'>desperata</span> <span class='ocrx_word' id='word_1_14' title='bbox 458 1291 595 1344; x_wconf 86' lang='lat' dir='ltr'>malorum</span> <span class='ocrx_word' id='word_1_15' title='bbox 610 1291 802 1347; x_wconf 79' lang='lat' dir='ltr'>emendatione</span> <span class='ocrx_word' id='word_1_16' title='bbox 816 1293 909 1348; x_wconf 90' lang='lat' dir='ltr'>oleum</span> <span class='ocrx_word' id='word_1_17' title='bbox 922 1302 950 1349; x_wconf 92' lang='lat' dir='ltr'>et</span> <span class='ocrx_word' id='word_1_18' title='bbox 968 1312 1081 1367; x_wconf 77' lang='lat' dir='ltr'><strong>operam</strong></span> 
     </span>
     <span class='ocr_line' id='line_1_5' title="bbox 520 1381 820 1453; baseline 0.01 -20"><span class='ocrx_word' id='word_1_19' title='bbox 520 1395 575 1433; x_wconf 90' lang='lat' dir='ltr'>non</span> <span class='ocrx_word' id='word_1_20' title='bbox 593 1397 653 1434; x_wconf 89' lang='lat' dir='ltr'>esse</span> <span class='ocrx_word' id='word_1_21' title='bbox 670 1381 820 1453; x_wconf 86' lang='lat' dir='ltr'>perdenda.</span> 
     </span>
    </p>
   </div>
   <div class='ocr_carea' id='block_1_4' title="bbox 128 1602 1210 4644">
    <p class='ocr_par' dir='ltr' id='par_1_4' title="bbox 128 1602 1210 4644">
     <span class='ocr_line' id='line_1_6' title="bbox 228 1602 1209 1697; baseline 0.003 -22"><span class='ocrx_word' id='word_1_22' title='bbox 228 1604 308 1675; x_wconf 87' lang='lat' dir='ltr'>Sine</span> <span class='ocrx_word' id='word_1_23' title='bbox 329 1605 439 1686; x_wconf 92' lang='lat' dir='ltr'>illum,</span> <span class='ocrx_word' id='word_1_24' title='bbox 466 1605 583 1697; x_wconf 90' lang='lat' dir='ltr'>linque</span> <span class='ocrx_word' id='word_1_25' title='bbox 603 1627 683 1675; x_wconf 91' lang='lat' dir='ltr'>cum</span> <span class='ocrx_word' id='word_1_26' title='bbox 707 1604 795 1675; x_wconf 91' lang='lat' dir='ltr'>sibi:</span> <span class='ocrx_word' id='word_1_27' title='bbox 821 1613 960 1676; x_wconf 84' lang='lat' dir='ltr'>aetatem</span> <span class='ocrx_word' id='word_1_28' title='bbox 993 1602 1114 1688; x_wconf 89' lang='lat' dir='ltr'>babet,</span> <span class='ocrx_word' id='word_1_29' title='bbox 1141 1608 1209 1678; x_wconf 84' lang='lat' dir='ltr'>viae</span> 
     </span>
     <span class='ocr_line' id='line_1_7' title="bbox 128 1727 1209 1823; baseline 0.002 -24"><span class='ocrx_word' id='word_1_30' title='bbox 128 1736 262 1823; x_wconf 89' lang='lat' dir='ltr'>patent:</span> <span class='ocrx_word' id='word_1_31' title='bbox 285 1727 333 1798; x_wconf 90' lang='lat' dir='ltr'>iro</span> <span class='ocrx_word' id='word_1_32' title='bbox 361 1727 440 1798; x_wconf 90' lang='lat' dir='ltr'>licet</span> <span class='ocrx_word' id='word_1_33' title='bbox 473 1750 692 1821; x_wconf 90' lang='lat' dir='ltr'>quocumque</span> <span class='ocrx_word' id='word_1_34' title='bbox 720 1728 813 1800; x_wconf 90' lang='lat' dir='ltr'>libet.</span> <span class='ocrx_word' id='word_1_35' title='bbox 840 1728 988 1801; x_wconf 86' lang='lat' dir='ltr'>Demittc</span> <span class='ocrx_word' id='word_1_36' title='bbox 1019 1728 1053 1799; x_wconf 92' lang='lat' dir='ltr'>in</span> <span class='ocrx_word' id='word_1_37' title='bbox 1083 1730 1209 1802; x_wconf 90' lang='lat' dir='ltr'>collum</span> 
     </span>
     <span class='ocr_line' id='line_1_8' title="bbox 128 1850 1206 1946; baseline 0.003 -23"><span class='ocrx_word' id='word_1_38' title='bbox 128 1851 285 1923; x_wconf 83' lang='lat' dir='ltr'>habenas</span> <span class='ocrx_word' id='word_1_39' title='bbox 323 1850 453 1920; x_wconf 89' lang='lat' dir='ltr'>bomini</span> <span class='ocrx_word' id='word_1_40' title='bbox 491 1851 679 1937; x_wconf 90' lang='lat' dir='ltr'>indomito;</span> <span class='ocrx_word' id='word_1_41' title='bbox 718 1853 847 1923; x_wconf 82' lang='lat' dir='ltr'>frustra</span> <span class='ocrx_word' id='word_1_42' title='bbox 886 1851 1018 1922; x_wconf 90' lang='lat' dir='ltr'>niteris.</span> <span class='ocrx_word' id='word_1_43' title='bbox 1058 1854 1206 1946; x_wconf 89' lang='lat' dir='ltr'>Repeto,</span> 
     </span>
     <span class='ocr_line' id='line_1_9' title="bbox 128 1973 1207 2068; baseline 0.001 -23"><span class='ocrx_word' id='word_1_44' title='bbox 128 1975 245 2067; x_wconf 89' lang='lat' dir='ltr'>linque</span> <span class='ocrx_word' id='word_1_45' title='bbox 269 1974 365 2046; x_wconf 92' lang='lat' dir='ltr'>illum</span> <span class='ocrx_word' id='word_1_46' title='bbox 392 1974 480 2059; x_wconf 89' lang='lat' dir='ltr'>sibi;</span> <span class='ocrx_word' id='word_1_47' title='bbox 509 1989 566 2048; x_wconf 90' lang='lat' dir='ltr'>eat</span> <span class='ocrx_word' id='word_1_48' title='bbox 589 1996 659 2068; x_wconf 88' lang='lat' dir='ltr'>quo</span> <span class='ocrx_word' id='word_1_49' title='bbox 684 1976 749 2046; x_wconf 89' lang='lat' dir='ltr'>lert</span> <span class='ocrx_word' id='word_1_50' title='bbox 774 1974 920 2046; x_wconf 88' lang='lat' dir='ltr'>animus.</span> <span class='ocrx_word' id='word_1_51' title='bbox 955 1973 1066 2045; x_wconf 83' lang='lat' dir='ltr'>Crede</span> <span class='ocrx_word' id='word_1_52' title='bbox 1093 1985 1207 2046; x_wconf 88' lang='lat' dir='ltr'>autem</span> 
     </span>
     <span class='ocr_line' id='line_1_10' title="bbox 130 2092 1209 2190; baseline 0.003 -24"><span class='ocrx_word' id='word_1_53' title='bbox 130 2095 228 2174; x_wconf 89' lang='lat' dir='ltr'>mibi,</span> <span class='ocrx_word' id='word_1_54' title='bbox 258 2118 327 2166; x_wconf 90' lang='lat' dir='ltr'>uon</span> <span class='ocrx_word' id='word_1_55' title='bbox 360 2095 533 2167; x_wconf 86' lang='lat' dir='ltr'>ascendet.</span> <span class='ocrx_word' id='word_1_56' title='bbox 559 2096 685 2168; x_wconf 82' lang='lat' dir='ltr'>Vidisti</span> <span class='ocrx_word' id='word_1_57' title='bbox 709 2117 819 2190; x_wconf 90' lang='lat' dir='ltr'>equos</span> <span class='ocrx_word' id='word_1_58' title='bbox 854 2096 899 2169; x_wconf 91' lang='lat' dir='ltr'>ad</span> <span class='ocrx_word' id='word_1_59' title='bbox 938 2096 1003 2167; x_wconf 88' lang='lat' dir='ltr'>iter</span> <span class='ocrx_word' id='word_1_60' title='bbox 1028 2106 1063 2167; x_wconf 90' lang='lat' dir='ltr'>et</span> <span class='ocrx_word' id='word_1_61' title='bbox 1087 2092 1209 2169; x_wconf 85' lang='lat' dir='ltr'>asceu-</span> 
     </span>
     <span class='ocr_line' id='line_1_11' title="bbox 130 2218 1208 2314; baseline 0.004 -26"><span class='ocrx_word' id='word_1_62' title='bbox 130 2239 206 2288; x_wconf 93' lang='lat' dir='ltr'>sum</span> <span class='ocrx_word' id='word_1_63' title='bbox 240 2219 374 2312; x_wconf 71' lang='lat' dir='ltr'>pigros</span> <span class='ocrx_word' id='word_1_64' title='bbox 401 2219 447 2290; x_wconf 89' lang='lat' dir='ltr'>ad</span> <span class='ocrx_word' id='word_1_65' title='bbox 471 2242 623 2314; x_wconf 79' lang='lat' dir='ltr'>pugnam</span> <span class='ocrx_word' id='word_1_66' title='bbox 657 2218 815 2312; x_wconf 88' lang='lat' dir='ltr'>pavidos,</span> <span class='ocrx_word' id='word_1_67' title='bbox 844 2229 960 2291; x_wconf 90' lang='lat' dir='ltr'>tamen</span> <span class='ocrx_word' id='word_1_68' title='bbox 990 2220 1208 2314; x_wconf 89' lang='lat' dir='ltr'>impatientes</span> 
     </span>
     <span class='ocr_line' id='line_1_12' title="bbox 130 2341 1208 2443; baseline 0.001 -33"><span class='ocrx_word' id='word_1_69' title='bbox 130 2341 213 2411; x_wconf 92' lang='lat' dir='ltr'>socii</span> <span class='ocrx_word' id='word_1_70' title='bbox 230 2342 514 2434; x_wconf 79' lang='lat' dir='ltr'>trementesque?</span> <span class='ocrx_word' id='word_1_71' title='bbox 529 2343 718 2432; x_wconf 79' lang='lat' dir='ltr'>Degeneris</span> <span class='ocrx_word' id='word_1_72' title='bbox 736 2342 840 2412; x_wconf 89' lang='lat' dir='ltr'>animi</span> <span class='ocrx_word' id='word_1_73' title='bbox 864 2342 1001 2443; x_wconf 70' lang='lat' dir='ltr'>signum</span> <span class='ocrx_word' id='word_1_74' title='bbox 1022 2354 1077 2414; x_wconf 92' lang='lat' dir='ltr'>est</span> <span class='ocrx_word' id='word_1_75' title='bbox 1102 2344 1208 2412; x_wconf 90' lang='lat' dir='ltr'>insul-</span> 
     </span>
     <span class='ocr_line' id='line_1_13' title="bbox 130 2462 1208 2558; baseline -0.001 -24"><span class='ocrx_word' id='word_1_76' title='bbox 130 2473 203 2534; x_wconf 89' lang='lat' dir='ltr'>tare</span> <span class='ocrx_word' id='word_1_77' title='bbox 224 2462 429 2546; x_wconf 90' lang='lat' dir='ltr'>minoribus,</span> <span class='ocrx_word' id='word_1_78' title='bbox 448 2485 517 2533; x_wconf 91' lang='lat' dir='ltr'>uon</span> <span class='ocrx_word' id='word_1_79' title='bbox 537 2484 641 2555; x_wconf 86' lang='lat' dir='ltr'>posse</span> <span class='ocrx_word' id='word_1_80' title='bbox 661 2463 820 2534; x_wconf 89' lang='lat' dir='ltr'>comitem</span> <span class='ocrx_word' id='word_1_81' title='bbox 841 2464 926 2558; x_wconf 91' lang='lat' dir='ltr'>pati,</span> <span class='ocrx_word' id='word_1_82' title='bbox 950 2463 1108 2547; x_wconf 90' lang='lat' dir='ltr'>nocendi,</span> <span class='ocrx_word' id='word_1_83' title='bbox 1128 2486 1208 2534; x_wconf 92' lang='lat' dir='ltr'>cum</span> 
     </span>
     <span class='ocr_line' id='line_1_14' title="bbox 130 2586 1210 2679; baseline 0.001 -22"><span class='ocrx_word' id='word_1_84' title='bbox 130 2586 252 2679; x_wconf 89' lang='lat' dir='ltr'>possit,</span> <span class='ocrx_word' id='word_1_85' title='bbox 274 2586 491 2657; x_wconf 80' lang='lat' dir='ltr'>occasionem</span> <span class='ocrx_word' id='word_1_86' title='bbox 511 2596 706 2678; x_wconf 78' lang='lat' dir='ltr'>expectare,</span> <span class='ocrx_word' id='word_1_87' title='bbox 730 2609 797 2657; x_wconf 92' lang='lat' dir='ltr'>non</span> <span class='ocrx_word' id='word_1_88' title='bbox 817 2609 970 2659; x_wconf 88' lang='lat' dir='ltr'>causam.</span> <span class='ocrx_word' id='word_1_89' title='bbox 988 2588 1119 2658; x_wconf 86' lang='lat' dir='ltr'>Muscae</span> <span class='ocrx_word' id='word_1_90' title='bbox 1135 2610 1210 2658; x_wconf 92' lang='lat' dir='ltr'>ma·</span> 
     </span>
     <span class='ocr_line' id='line_1_15' title="bbox 130 2708 1209 2803; baseline 0.001 -24"><span class='ocrx_word' id='word_1_91' title='bbox 130 2731 208 2779; x_wconf 92' lang='lat' dir='ltr'>cros</span> <span class='ocrx_word' id='word_1_92' title='bbox 230 2708 407 2778; x_wconf 90' lang='lat' dir='ltr'>stimulant</span> <span class='ocrx_word' id='word_1_93' title='bbox 428 2708 549 2794; x_wconf 91' lang='lat' dir='ltr'>boves,</span> <span class='ocrx_word' id='word_1_94' title='bbox 573 2730 759 2803; x_wconf 85' lang='lat' dir='ltr'>pauperem</span> <span class='ocrx_word' id='word_1_95' title='bbox 790 2709 1012 2802; x_wconf 81' lang='lat' dir='ltr'>peregrinum</span> <span class='ocrx_word' id='word_1_96' title='bbox 1038 2710 1133 2780; x_wconf 90' lang='lat' dir='ltr'>cauis</span> <span class='ocrx_word' id='word_1_97' title='bbox 1158 2710 1209 2780; x_wconf 92' lang='lat' dir='ltr'>in-</span> 
     </span>
     <span class='ocr_line' id='line_1_16' title="bbox 131 2831 1207 2925; baseline 0.001 -23"><span class='ocrx_word' id='word_1_98' title='bbox 131 2834 241 2902; x_wconf 84' lang='lat' dir='ltr'>festat.</span> <span class='ocrx_word' id='word_1_99' title='bbox 264 2833 517 2903; x_wconf 87' lang='lat' dir='ltr'>Homuuculum</span> <span class='ocrx_word' id='word_1_100' title='bbox 539 2844 695 2902; x_wconf 86' lang='lat' dir='ltr'>nostrum</span> <span class='ocrx_word' id='word_1_101' title='bbox 724 2832 776 2902; x_wconf 93' lang='lat' dir='ltr'>bis</span> <span class='ocrx_word' id='word_1_102' title='bbox 802 2831 971 2925; x_wconf 83' lang='lat' dir='ltr'>exemplis</span> <span class='ocrx_word' id='word_1_103' title='bbox 998 2831 1207 2916; x_wconf 90' lang='lat' dir='ltr'>adscribito;</span> 
     </span>
     <span class='ocr_line' id='line_1_17' title="bbox 130 2953 1206 3046; baseline -0.003 -19"><span class='ocrx_word' id='word_1_104' title='bbox 130 2955 190 3027; x_wconf 90' lang='lat' dir='ltr'>ubi</span> <span class='ocrx_word' id='word_1_105' title='bbox 224 2956 280 3025; x_wconf 91' lang='lat' dir='ltr'>vel</span> <span class='ocrx_word' id='word_1_106' title='bbox 312 2953 520 3024; x_wconf 89' lang='lat' dir='ltr'>miserabilis</span> <span class='ocrx_word' id='word_1_107' title='bbox 553 2954 701 3035; x_wconf 82' lang='lat' dir='ltr'>orbitas,</span> <span class='ocrx_word' id='word_1_108' title='bbox 733 2957 790 3025; x_wconf 90' lang='lat' dir='ltr'>vel</span> <span class='ocrx_word' id='word_1_109' title='bbox 822 2965 980 3025; x_wconf 85' lang='lat' dir='ltr'>extrema</span> <span class='ocrx_word' id='word_1_110' title='bbox 1006 2963 1206 3046; x_wconf 86' lang='lat' dir='ltr'>paupertas,</span> 
     </span>
     <span class='ocr_line' id='line_1_18' title="bbox 130 3076 1210 3171; baseline -0.002 -21"><span class='ocrx_word' id='word_1_111' title='bbox 130 3078 280 3171; x_wconf 89' lang='lat' dir='ltr'>denique</span> <span class='ocrx_word' id='word_1_112' title='bbox 308 3076 368 3147; x_wconf 94' lang='lat' dir='ltr'>ubi</span> <span class='ocrx_word' id='word_1_113' title='bbox 400 3076 610 3148; x_wconf 80' lang='lat' dir='ltr'>detensionis</span> <span class='ocrx_word' id='word_1_114' title='bbox 642 3088 697 3148; x_wconf 92' lang='lat' dir='ltr'>cst</span> <span class='ocrx_word' id='word_1_115' title='bbox 729 3078 867 3160; x_wconf 82' lang='lat' dir='ltr'>minus,</span> <span class='ocrx_word' id='word_1_116' title='bbox 896 3076 942 3145; x_wconf 91' lang='lat' dir='ltr'>ibi</span> <span class='ocrx_word' id='word_1_117' title='bbox 964 3079 1042 3169; x_wconf 91' lang='lat' dir='ltr'>plus</span> <span class='ocrx_word' id='word_1_118' title='bbox 1064 3077 1210 3148; x_wconf 81' lang='lat' dir='ltr'>saevitiae</span> 
     </span>
     <span class='ocr_line' id='line_1_19' title="bbox 132 3196 1206 3292; baseline -0.002 -22"><span class='ocrx_word' id='word_1_119' title='bbox 132 3200 345 3292; x_wconf 90' lang='lat' dir='ltr'>nocendique</span> <span class='ocrx_word' id='word_1_120' title='bbox 367 3199 555 3269; x_wconf 82' lang='lat' dir='ltr'>ferventior</span> <span class='ocrx_word' id='word_1_121' title='bbox 574 3198 690 3271; x_wconf 89' lang='lat' dir='ltr'>libido.</span> <span class='ocrx_word' id='word_1_122' title='bbox 707 3199 782 3283; x_wconf 87' lang='lat' dir='ltr'>Qua</span> <span class='ocrx_word' id='word_1_123' title='bbox 803 3196 836 3266; x_wconf 92' lang='lat' dir='ltr'>in</span> <span class='ocrx_word' id='word_1_124' title='bbox 859 3219 896 3267; x_wconf 89' lang='lat' dir='ltr'>re</span> <span class='ocrx_word' id='word_1_125' title='bbox 919 3197 1003 3266; x_wconf 93' lang='lat' dir='ltr'>nibil</span> <span class='ocrx_word' id='word_1_126' title='bbox 1024 3197 1206 3281; x_wconf 87' lang='lat' dir='ltr'>deliberat,</span> 
     </span>
     <span class='ocr_line' id='line_1_20' title="bbox 132 3320 1210 3413; baseline -0.001 -19"><span class='ocrx_word' id='word_1_127' title='bbox 132 3323 212 3407; x_wconf 87' lang='lat' dir='ltr'>nisi,</span> <span class='ocrx_word' id='word_1_128' title='bbox 227 3346 271 3395; x_wconf 90' lang='lat' dir='ltr'>an</span> <span class='ocrx_word' id='word_1_129' title='bbox 284 3325 427 3395; x_wconf 78' lang='lat' dir='ltr'>facultas</span> <span class='ocrx_word' id='word_1_130' title='bbox 448 3322 555 3404; x_wconf 83' lang='lat' dir='ltr'>adsit3</span> <span class='ocrx_word' id='word_1_131' title='bbox 575 3323 736 3393; x_wconf 91' lang='lat' dir='ltr'>voluntas</span> <span class='ocrx_word' id='word_1_132' title='bbox 753 3342 930 3413; x_wconf 90' lang='lat' dir='ltr'>uunquam</span> <span class='ocrx_word' id='word_1_133' title='bbox 949 3320 1051 3392; x_wconf 89' lang='lat' dir='ltr'>abest</span> <span class='ocrx_word' id='word_1_134' title='bbox 1066 3332 1101 3393; x_wconf 88' lang='lat' dir='ltr'>ct</span> <span class='ocrx_word' id='word_1_135' title='bbox 1118 3343 1210 3393; x_wconf 90' lang='lat' dir='ltr'>sem-</span> 
     </span>
     <span class='ocr_line' id='line_1_21' title="bbox 130 3442 1209 3546; baseline 0 -30"><span class='ocrx_word' id='word_1_136' title='bbox 130 3467 195 3546; x_wconf 92' lang='lat' dir='ltr'>per</span> <span class='ocrx_word' id='word_1_137' title='bbox 218 3468 296 3516; x_wconf 91' lang='lat' dir='ltr'>una.</span> <span class='ocrx_word' id='word_1_138' title='bbox 322 3446 412 3530; x_wconf 89' lang='lat' dir='ltr'>Quid</span> <span class='ocrx_word' id='word_1_139' title='bbox 444 3445 595 3536; x_wconf 83' lang='lat' dir='ltr'>castigas</span> <span class='ocrx_word' id='word_1_140' title='bbox 628 3444 758 3537; x_wconf 70' lang='lat' dir='ltr'>igitur?</span> <span class='ocrx_word' id='word_1_141' title='bbox 786 3442 908 3515; x_wconf 87' lang='lat' dir='ltr'>Perdis</span> <span class='ocrx_word' id='word_1_142' title='bbox 941 3465 1094 3539; x_wconf 89' lang='lat' dir='ltr'>operam.</span> <span class='ocrx_word' id='word_1_143' title='bbox 1126 3447 1209 3516; x_wconf 87' lang='lat' dir='ltr'>Plus</span> 
     </span>
     <span class='ocr_line' id='line_1_22' title="bbox 131 3566 1208 3661; baseline -0.002 -22"><span class='ocrx_word' id='word_1_144' title='bbox 131 3567 260 3660; x_wconf 91' lang='lat' dir='ltr'>aliquid</span> <span class='ocrx_word' id='word_1_145' title='bbox 280 3590 383 3659; x_wconf 90' lang='lat' dir='ltr'>quam</span> <span class='ocrx_word' id='word_1_146' title='bbox 405 3567 514 3639; x_wconf 85' lang='lat' dir='ltr'>verba</span> <span class='ocrx_word' id='word_1_147' title='bbox 535 3566 678 3661; x_wconf 89' lang='lat' dir='ltr'>requirit</span> <span class='ocrx_word' id='word_1_148' title='bbox 697 3567 763 3639; x_wconf 92' lang='lat' dir='ltr'>boc</span> <span class='ocrx_word' id='word_1_149' title='bbox 783 3568 923 3636; x_wconf 91' lang='lat' dir='ltr'>malum.</span> <span class='ocrx_word' id='word_1_150' title='bbox 946 3569 997 3638; x_wconf 90' lang='lat' dir='ltr'>Da</span> <span class='ocrx_word' id='word_1_151' title='bbox 1024 3567 1070 3638; x_wconf 93' lang='lat' dir='ltr'>illi</span> <span class='ocrx_word' id='word_1_152' title='bbox 1092 3588 1208 3659; x_wconf 88' lang='lat' dir='ltr'>parem</span> 
     </span>
     <span class='ocr_line' id='line_1_23' title="bbox 130 3689 1210 3782; baseline -0.004 -20"><span class='ocrx_word' id='word_1_153' title='bbox 130 3691 393 3773; x_wconf 81' lang='lat' dir='ltr'>adversarium3</span> <span class='ocrx_word' id='word_1_154' title='bbox 425 3691 604 3764; x_wconf 83' lang='lat' dir='ltr'>confestim</span> <span class='ocrx_word' id='word_1_155' title='bbox 639 3689 741 3763; x_wconf 91' lang='lat' dir='ltr'>ardor</span> <span class='ocrx_word' id='word_1_156' title='bbox 774 3691 838 3762; x_wconf 89' lang='lat' dir='ltr'>iste</span> <span class='ocrx_word' id='word_1_157' title='bbox 871 3690 1030 3782; x_wconf 90' lang='lat' dir='ltr'>tepuerit.</span> <span class='ocrx_word' id='word_1_158' title='bbox 1067 3691 1210 3781; x_wconf 89' lang='lat' dir='ltr'>Semper</span> 
     </span>
     <span class='ocr_line' id='line_1_24' title="bbox 132 3809 1207 3909; baseline -0.006 -23"><span class='ocrx_word' id='word_1_159' title='bbox 132 3814 198 3886; x_wconf 87' lang='lat' dir='ltr'>crit</span> <span class='ocrx_word' id='word_1_160' title='bbox 221 3816 339 3907; x_wconf 92' lang='lat' dir='ltr'>lupus,</span> <span class='ocrx_word' id='word_1_161' title='bbox 365 3835 431 3884; x_wconf 87' lang='lat' dir='ltr'>ove</span> <span class='ocrx_word' id='word_1_162' title='bbox 457 3825 651 3909; x_wconf 89' lang='lat' dir='ltr'>conspecta.</span> <span class='ocrx_word' id='word_1_163' title='bbox 686 3809 844 3886; x_wconf 78' lang='lat' dir='ltr'>Admone</span> <span class='ocrx_word' id='word_1_164' title='bbox 876 3812 1007 3905; x_wconf 90' lang='lat' dir='ltr'>lupum,</span> <span class='ocrx_word' id='word_1_165' title='bbox 1030 3810 1108 3882; x_wconf 91' lang='lat' dir='ltr'>ovis</span> <span class='ocrx_word' id='word_1_166' title='bbox 1132 3809 1207 3881; x_wconf 89' lang='lat' dir='ltr'>erit.</span> 
     </span>
     <span class='ocr_line' id='line_1_25' title="bbox 137 3930 1209 4029; baseline -0.005 -22"><span class='ocrx_word' id='word_1_167' title='bbox 137 3935 226 4024; x_wconf 82' lang='lat' dir='ltr'>Ouid</span> <span class='ocrx_word' id='word_1_168' title='bbox 255 3936 373 4029; x_wconf 82' lang='lat' dir='ltr'>igitur,</span> <span class='ocrx_word' id='word_1_169' title='bbox 409 3947 446 4008; x_wconf 91' lang='lat' dir='ltr'>ut</span> <span class='ocrx_word' id='word_1_170' title='bbox 479 3938 526 4009; x_wconf 88' lang='lat' dir='ltr'>ait</span> <span class='ocrx_word' id='word_1_171' title='bbox 551 3938 710 4022; x_wconf 86' lang='lat' dir='ltr'>Flaccus,</span> <span class='ocrx_word' id='word_1_172' title='bbox 746 3936 899 4005; x_wconf 85' lang='lat' dir='ltr'>obseratis</span> <span class='ocrx_word' id='word_1_173' title='bbox 927 3933 1063 4003; x_wconf 73' lang='lat' dir='ltr'>auribus</span> <span class='ocrx_word' id='word_1_174' title='bbox 1097 3930 1209 4022; x_wconf 70' lang='lat' dir='ltr'>sundri</span> 
     </span>
     <span class='ocr_line' id='line_1_26' title="bbox 130 4055 1209 4154; baseline -0.003 -25"><span class='ocrx_word' id='word_1_175' title='bbox 130 4061 264 4154; x_wconf 81' lang='lat' dir='ltr'>preces?</span> <span class='ocrx_word' id='word_1_176' title='bbox 284 4059 375 4143; x_wconf 87' lang='lat' dir='ltr'>Quin</span> <span class='ocrx_word' id='word_1_177' title='bbox 397 4071 433 4132; x_wconf 95' lang='lat' dir='ltr'>tu</span> <span class='ocrx_word' id='word_1_178' title='bbox 456 4060 529 4131; x_wconf 90' lang='lat' dir='ltr'>sine</span> <span class='ocrx_word' id='word_1_179' title='bbox 555 4060 648 4130; x_wconf 92' lang='lat' dir='ltr'>illum</span> <span class='ocrx_word' id='word_1_180' title='bbox 676 4056 866 4130; x_wconf 87' lang='lat' dir='ltr'>sceleribus</span> <span class='ocrx_word' id='word_1_181' title='bbox 897 4055 1059 4128; x_wconf 93' lang='lat' dir='ltr'>obrutum</span> <span class='ocrx_word' id='word_1_182' title='bbox 1087 4065 1122 4125; x_wconf 90' lang='lat' dir='ltr'>et</span> <span class='ocrx_word' id='word_1_183' title='bbox 1147 4076 1209 4148; x_wconf 95' lang='lat' dir='ltr'>op-</span> 
     </span>
     <span class='ocr_line' id='line_1_27' title="bbox 132 4176 1205 4281; baseline -0.009 -24"><span class='ocrx_word' id='word_1_184' title='bbox 132 4208 293 4281; x_wconf 89' lang='lat' dir='ltr'>pressum</span> <span class='ocrx_word' id='word_1_185' title='bbox 326 4186 412 4268; x_wconf 91' lang='lat' dir='ltr'>suis,</span> <span class='ocrx_word' id='word_1_186' title='bbox 441 4182 602 4279; x_wconf 89' lang='lat' dir='ltr'>superbia</span> <span class='ocrx_word' id='word_1_187' title='bbox 636 4180 819 4264; x_wconf 91' lang='lat' dir='ltr'>tumidum,</span> <span class='ocrx_word' id='word_1_188' title='bbox 841 4180 1022 4251; x_wconf 87' lang='lat' dir='ltr'>ardentem</span> <span class='ocrx_word' id='word_1_189' title='bbox 1045 4176 1205 4261; x_wconf 90' lang='lat' dir='ltr'>avaritia,</span> 
     </span>
     <span class='ocr_line' id='line_1_28' title="bbox 133 4299 1208 4390; baseline -0.001 -16"><span class='ocrx_word' id='word_1_190' title='bbox 133 4306 309 4379; x_wconf 88' lang='lat' dir='ltr'>iracundia</span> <span class='ocrx_word' id='word_1_191' title='bbox 344 4304 520 4390; x_wconf 87' lang='lat' dir='ltr'>rabidum,</span> <span class='ocrx_word' id='word_1_192' title='bbox 555 4303 685 4375; x_wconf 90' lang='lat' dir='ltr'>invidia</span> <span class='ocrx_word' id='word_1_193' title='bbox 717 4302 969 4386; x_wconf 87' lang='lat' dir='ltr'>tabescentem,</span> <span class='ocrx_word' id='word_1_194' title='bbox 1007 4299 1208 4373; x_wconf 90' lang='lat' dir='ltr'>libidinibus</span> 
     </span>
     <span class='ocr_line' id='line_1_29' title="bbox 134 4423 1209 4521; baseline -0.003 -21"><span class='ocrx_word' id='word_1_195' title='bbox 134 4429 322 4514; x_wconf 85' lang='lat' dir='ltr'>efferatum,</span> <span class='ocrx_word' id='word_1_196' title='bbox 350 4429 442 4520; x_wconf 78' lang='lat' dir='ltr'>gulae</span> <span class='ocrx_word' id='word_1_197' title='bbox 461 4428 664 4521; x_wconf 90' lang='lat' dir='ltr'>ventrisque</span> <span class='ocrx_word' id='word_1_198' title='bbox 690 4423 912 4518; x_wconf 88' lang='lat' dir='ltr'>mancipium,</span> <span class='ocrx_word' id='word_1_199' title='bbox 938 4423 1045 4496; x_wconf 89' lang='lat' dir='ltr'>nimio</span> <span class='ocrx_word' id='word_1_200' title='bbox 1070 4445 1209 4520; x_wconf 86' lang='lat' dir='ltr'>semper</span> 
     </span>
     <span class='ocr_line' id='line_1_30' title="bbox 135 4546 1208 4644; baseline -0.006 -22"><span class='ocrx_word' id='word_1_201' title='bbox 135 4573 259 4644; x_wconf 89' lang='lat' dir='ltr'>sopore</span> <span class='ocrx_word' id='word_1_202' title='bbox 280 4551 485 4633; x_wconf 85' lang='lat' dir='ltr'>coniectum,</span> <span class='ocrx_word' id='word_1_203' title='bbox 503 4559 547 4635; x_wconf 90' lang='lat' dir='ltr'>et,</span> <span class='ocrx_word' id='word_1_204' title='bbox 565 4558 604 4622; x_wconf 94' lang='lat' dir='ltr'>ut</span> <span class='ocrx_word' id='word_1_205' title='bbox 619 4546 667 4621; x_wconf 86' lang='lat' dir='ltr'>ait</span> <span class='ocrx_word' id='word_1_206' title='bbox 684 4548 796 4632; x_wconf 85' lang='lat' dir='ltr'>Mam,</span> <span class='ocrx_word' id='word_1_207' title='bbox 814 4571 928 4620; x_wconf 82' lang='lat' dir='ltr'>somno</span> <span class='ocrx_word' id='word_1_208' title='bbox 943 4550 1085 4641; x_wconf 69' lang='lat' dir='ltr'>ciboque</span> <span class='ocrx_word' id='word_1_209' title='bbox 1100 4550 1208 4642; x_wconf 80' lang='lat' dir='ltr'>sepol-</span> 
     </span>
    </p>
   </div>
   <div class='ocr_carea' id='block_1_5' title="bbox 0 0 1358 5024">
    <p class='ocr_par' dir='ltr' id='par_1_5' title="bbox 0 0 1358 5024">
     <span class='ocr_line' id='line_1_31' title="bbox 0 0 1358 5024; baseline 0 0"><span class='ocrx_word' id='word_1_210' title='bbox 0 0 1358 5024; x_wconf 95' lang='lat' dir='ltr'> </span> 
     </span>
    </p>
   </div>
  </div>
 </body>
</html>
