2692 5024
124 583 182 642 tto
464 589 505 636 oe
527 587 628 636 aeuus
649 583 869 634 annullamus

125 761 282 832 agerem,
297 746 334 809 et
348 740 436 809 torte
453 737 516 808 soli
533 735 619 807 hora
636 735 705 807 diei
719 735 790 806 iam
803 753 883 805 sera
897 751 1086 816 essemus,
1105 730 1226 804 deam-

126 862 285 933 bulantes
306 860 342 929 in
362 858 427 930 Via
446 860 546 942 Lata,
568 877 649 949 quae
670 878 690 926 a
711 854 873 927 domibus
895 855 969 925 tuis
991 853 1042 926 ad
1066 852 1223 947 Capitolii

125 1004 241 1054 arcem
260 981 374 1063 ducit;
400 979 620 1050 constitimus
647 978 786 1048 tandem
811 976 889 1059 illic,
918 973 983 1044 ubi
1010 984 1223 1046 transversa

125 1104 218 1174 illam
244 1113 341 1174 secat
372 1100 443 1184 via,
477 1119 557 1193 quae
586 1098 810 1169 amantibus
844 1097 890 1169 ad
923 1097 1065 1168 Camilli
1099 1118 1219 1168 arcum

126 1238 231 1317 atque
251 1223 331 1294 inde
351 1222 397 1292 ad
417 1220 568 1293 Tiberim
590 1217 789 1299 descendit,
809 1218 972 1310 dumque
994 1219 1031 1288 in
1054 1219 1115 1288 illo
1133 1240 1217 1310 qua·

127 1351 253 1441 drivio,
267 1351 361 1421 nullo
374 1349 621 1440 interpellante,
637 1347 745 1416 multa
759 1346 1042 1436 colloqueremur
1061 1342 1111 1414 de
1128 1354 1213 1415 stato

128 1474 255 1544 domus
275 1491 315 1541 ac
335 1468 474 1539 lumiliae
494 1477 578 1551 tuae,
600 1487 681 1559 quae
701 1478 782 1537 tune
805 1465 856 1560 (ut
875 1486 976 1559 saepe
995 1466 1079 1537 aliis
1105 1478 1212 1538 exter·

128 1592 183 1661 nis
203 1589 327 1660 clarior
348 1585 528 1679 periculis)
543 1587 636 1658 civili
656 1587 747 1659 bello
768 1587 985 1678 gravissimo
1002 1587 1209 1679 agitabatur3

128 1709 260 1793 incidit,
281 1721 319 1781 ut
340 1707 391 1793 fit,
410 1709 514 1780 unius
527 1731 574 1780 ex
589 1707 669 1780 liliis
691 1710 760 1782 tuis
782 1709 926 1793 mentio,
941 1731 1117 1802 quocum,
1135 1731 1209 1802 sug·

130 1840 231 1923 gestu
250 1832 518 1915 malevolorum,
533 1841 572 1901 nt
589 1853 683 1915 reor,
698 1854 741 1903 eo
755 1842 922 1925 tempore,
937 1832 1022 1924 plus
1036 1854 1144 1924 quam
1157 1854 1207 1924 pu·

131 1965 229 2026 terna
253 1953 430 2025 iracundia
454 1950 665 2025 dissidebas.
688 1953 756 2026 Sed
777 1952 897 2023 tribuit
913 1952 1003 2023 mihi
1021 1951 1208 2047 benignitas

132 2089 190 2148 tna
210 2076 305 2169 quod
331 2077 448 2147 multis
469 2085 549 2148 ante
574 2096 786 2166 negaveras,
808 2083 859 2153 ut,
888 2093 945 2143 me
972 2083 1137 2159 auctore,
1161 2075 1208 2143 ille

132 2210 212 2270 tunc
236 2208 349 2269 tecum
376 2197 506 2268 rediret
530 2198 564 2267 in
590 2197 746 2288 gratiam.
783 2196 954 2267 Caeterum
989 2218 1075 2269 cum
1109 2197 1154 2267 de
1174 2217 1209 2267 eo

131 2321 239 2390 mrrlta
257 2340 390 2390 mecum
410 2318 623 2389 familiariter
638 2327 787 2410 questus
804 2337 919 2399 esses,
938 2325 1083 2390 mutata
1100 2319 1206 2397 ironte,

133 2440 271 2512 tandem
292 2439 449 2511 adiecisti
470 2440 546 2510 hacc
566 2442 658 2508 sere:
681 2439 860 2510 nonenim
879 2460 999 2509 rerum
1019 2441 1138 2524 modu,
1154 2438 1208 2510 scd

133 2563 318 2631 verborum
341 2560 423 2628 mihi
446 2560 598 2652 suppetit
622 2561 797 2634 memoria.
823 2590 838 2624 ι
864 2561 972 2632 Filius
996 2586 1115 2647 meuS,
1136 2562 1211 2635 ami-

137 2710 152 2743 ι
181 2701 244 2772 eus
266 2688 360 2760 tuuS,
379 2677 424 2748 de
445 2700 514 2769 quo
538 2700 591 2748 me
612 2682 710 2771 cogis
732 2692 769 2753 ut
789 2692 931 2774 paterno
957 2684 1027 2753 sim
1051 2686 1210 2766 aliudue,

137 2834 151 2867 ιι
182 2804 215 2872 in
231 2810 442 2874 senectutem
458 2822 568 2872 meam
586 2823 666 2894 quae
685 2804 864 2874 honestius
881 2805 1121 2879 continuisset
1137 2830 1213 2878 evo

138 2958 152 2990 ι
181 2928 276 2997 muit.
296 2927 365 2997 Sed
382 2924 546 3018 quoniam
565 2946 694 3017 negare
709 2925 767 2995 tibi
782 2925 847 2997 hoc
862 2947 929 2996 non
948 2949 1109 3020 possum,
1132 2950 1213 3021 prae-

139 3079 153 3114 ιι
185 3051 362 3122 teritorum
384 3048 538 3119 omnium
560 3047 689 3118 oblivio
714 3058 762 3131 et,
792 3059 828 3117 ut
853 3048 962 3130 aiunt,
987 3048 1135 3123 abolitio
1160 3053 1210 3122 sit.

138 3201 150 3230 ιι
181 3173 262 3241 Post
282 3171 371 3240 hunc
392 3170 483 3240 diem
506 3171 637 3239 nullum
660 3169 755 3252 mihi,
771 3172 827 3238 vel
841 3170 874 3238 in
894 3170 1013 3253 verbo,
1030 3172 1096 3242 irae
1111 3174 1214 3244 vesti-

138 3320 152 3352 »
182 3291 276 3379 glum
299 3288 446 3358 videbis.
470 3291 580 3359 Unum
601 3312 668 3360 non
691 3289 811 3373 silebo,
835 3292 933 3360 cuius
956 3298 990 3360 te
1018 3303 1160 3386 tempus
1184 3296 1214 3363 in

139 3443 153 3473 ι
181 3433 284 3481 omno
307 3419 431 3481 testem
453 3411 550 3480 lacio.
573 3410 655 3480 lllihi
681 3411 820 3503 quidem
847 3411 1007 3482 obiicitur
1026 3413 1060 3481 in
1084 3417 1213 3505 primis,

138 3564 151 3596 ι
181 3533 274 3625 quod
304 3543 422 3604 contra
448 3533 561 3602 aetatis
588 3553 677 3601 meae
702 3534 824 3615 (locus,
848 3533 1006 3623 pluribus
1033 3557 1091 3605 me
1120 3537 1213 3607 bellis

140 3687 153 3717 ι
183 3656 368 3748 implicem,
391 3676 495 3746 quam
517 3663 671 3745 oportet;
697 3655 785 3724 hanc
807 3653 886 3725 liliis
904 3655 1062 3726 odiorum
1086 3680 1130 3729 ac
1147 3658 1214 3729 dis-

139 3805 152 3835 ιι
182 3775 364 3845 criminum
400 3772 625 3843 hereditatum
660 3774 854 3845 relicturus.
886 3776 960 3865 Ego
985 3795 1073 3846 vero
1104 3757 1213 3849 ileum

140 3927 154 3958 ιι
185 3908 307 3978 testor,
330 3898 458 3966 nullam
481 3917 536 3963 me
557 3895 659 3964 aliam
681 3895 727 3965 ob
747 3917 899 3977 causam,
921 3897 988 3966 nisi
1009 3921 1133 3971 amore
1159 3924 1215 3992 pa-

139 4048 152 4079 ιι
183 4018 242 4101 cis,
258 4018 346 4088 bella
360 4017 548 4109 suscipere.
572 4016 706 4098 Quietis
728 4017 868 4087 avidum
892 4040 947 4087 me
968 4022 1025 4089 vel
1048 4034 1213 4093 senectus

141 4170 155 4200 ιι
185 4141 314 4219 ultima,
336 4148 370 4207 et
391 4138 424 4206 iu
447 4138 511 4208 hoo
532 4138 600 4207 iam
622 4141 734 4208 lerrco
755 4149 893 4230 pectore
919 4140 1119 4230 frigescens
1146 4147 1214 4217 aui-

140 4286 154 4317 ιι
184 4283 274 4342 mua,
298 4261 352 4329 vel
374 4261 476 4350 longa
498 4260 727 4331 humanorum
750 4282 895 4333 casuum
917 4263 1070 4334 reddidit
1095 4269 1216 4339 obser-

143 4405 157 4435 ιι
186 4381 287 4450 vatio.
311 4381 438 4450 Verum
461 4382 505 4452 ita
524 4381 632 4451 fixum
653 4393 755 4474 atquc
775 4382 946 4454 firmatum
970 4384 1100 4473 habeo,
1124 4391 1218 4461 labo-
