2692 5024
416 660 507 707 trouu
531 660 898 710 cernuus-enisurus
922 663 940 708 r.
1158 649 1216 708 tta

141 832 157 865 n
189 804 216 873 ri
238 814 334 894 terga
351 823 420 873 uon
436 813 586 874 vertere.
617 804 754 874 Mallem
774 803 1022 895 tranquilliora:
1044 805 1105 876 sed
1123 807 1152 876 si
1170 807 1217 877 ita

142 953 157 987 n
186 946 263 996 sors
286 925 414 1008 tuterit,
437 926 483 998 ad
504 927 702 1019 sepulcrum
737 924 852 1017 potius
887 924 1074 1016 pugnando
1095 949 1219 1020 perve-

140 1074 155 1104 »
184 1045 292 1125 niam,
314 1066 418 1135 quam
440 1043 573 1115 discam
596 1044 730 1114 servire
751 1066 872 1115 senex.
890 1043 945 1115 Ad
968 1043 1004 1115 id
1021 1065 1105 1117 sane
1124 1049 1217 1138 quod

141 1193 156 1228 »
185 1165 230 1236 de
251 1165 443 1237 hereditate
463 1165 604 1249 dicitur,
624 1166 690 1236 hoc
711 1188 819 1236 unum
853 1164 1077 1257 respondisse
1098 1167 1217 1251 velim3

141 1315 156 1351 c
184 1297 220 1357 et
250 1286 307 1356 hic
341 1286 409 1376 fige
436 1289 470 1356 in
498 1308 554 1356 me
574 1287 707 1369 oculos,
730 1284 971 1376 animumque:
995 1287 1130 1356 Utinam
1158 1287 1219 1358 be-

140 1439 156 1474 »
185 1410 366 1482 reditatem
390 1410 539 1501 aliquam
562 1407 641 1478 titiis
663 1409 897 1481 dimitterem!
922 1410 991 1481 Sed
1016 1411 1110 1482 aliud
1138 1423 1218 1483 voto

139 1561 155 1595 ν)
185 1554 263 1602 meo
283 1531 451 1614 debitum,
474 1530 566 1601 atiud
589 1533 658 1602 sato
680 1531 796 1601 visum
820 1530 927 1623 (quod
945 1543 1093 1603 moestus
1110 1534 1217 1627 dico):

141 1683 156 1717 t
185 1652 371 1744 siquidem,
397 1654 543 1723 contuso
563 1661 698 1722 naturae
724 1650 858 1736 ordine,
887 1650 1037 1724 fitiorum
1063 1677 1217 1726 meorum

141 1804 156 1839 »
184 1775 339 1845 omnium
361 1772 464 1843 heres
484 1793 556 1843 ero.
583 1801 597 1834 »
623 1773 706 1844 Haec
726 1773 847 1845 dicens
873 1776 1044 1847 undantes
1069 1779 1219 1850 lacrimis

135 1897 255 1967 ocutos
276 1894 447 1966 avertisti.
474 1895 512 1964 ld
536 1916 688 1986 quonam
717 1916 779 1966 scu
806 1896 910 1968 animi
937 1899 1126 1992 praesagio,
1155 1922 1218 1971 seu

135 2018 197 2087 Dei
215 2018 345 2087 monitu
364 2017 513 2101 dixeris,
537 2016 718 2099 incertum
732 2019 893 2110 quamvis
908 2020 1088 2090 vaticinari
1102 2021 1218 2112 aliqua

135 2140 180 2211 de
202 2149 358 2211 natorum
379 2138 564 2209 eventibus
582 2138 755 2232 principes
774 2121 899 2223 solere,
920 2141 1019 2212 testis
1035 2153 1091 2213 est
1106 2143 1217 2214 Divus

134 2260 388 2353 Vespasianus
416 2260 473 2352 qui
501 2259 644 2331 alterius
670 2270 830 2332 natorum
852 2261 973 2332 mortis
994 2285 1116 2354 genus,
1144 2287 1217 2336 am-

135 2381 330 2473 borumque
352 2381 600 2474 praenuntiavit
621 2382 813 2475 imperium.
835 2385 910 2474 Ego
928 2385 1068 2477 quidem
1086 2386 1143 2457 die
1159 2387 1217 2458 illo

136 2512 312 2594 tamquam
340 2504 395 2573 vel
422 2525 506 2574 casu
534 2503 593 2574 tibi
619 2505 792 2598 elapsum,
821 2506 875 2576 vel
900 2505 945 2576 ab
980 2507 1217 2599 indignatione

135 2627 333 2717 proiectum,
352 2625 500 2696 verbum
518 2627 722 2720 contempsi,
750 2629 873 2712 iatecr,
902 2651 1016 2722 nequo
1042 2639 1215 2704 tantarum

134 2748 206 2818 sore
227 2747 353 2819 virium
375 2748 574 2842 suspicatus
597 2770 686 2820 sum.
704 2749 787 2822 Post
803 2752 944 2841 longum
964 2773 1049 2824 vero
1067 2763 1214 2847 tempus,

133 2869 218 2939 dum
243 2869 376 2941 crebris
406 2869 555 2941 fitiorum
589 2871 758 2943 mortibus
785 2873 895 2964 quaeri
922 2872 1026 2943 fidem
1054 2877 1216 2948 vaticinio

136 2991 302 3074 viderem,
331 3014 403 3062 rem
430 2991 520 3063 inter
545 2993 674 3065 amicos
700 2992 819 3073 retuli;
846 2990 925 3061 inde
950 2993 985 3062 in
1011 2996 1141 3086 vulgus
1166 2999 1216 3066 et-

133 3116 210 3186 susa
243 3124 307 3185 cst.
343 3115 462 3206 ltaque
502 3136 614 3187 sacrae
648 3116 827 3186 memoriae
861 3114 1047 3199 Iohannes,
1080 3119 1211 3188 romani

132 3234 241 3305 decus
260 3230 412 3305 cardinis
433 3245 469 3305 et
489 3236 627 3307 familiae
649 3247 719 3306 tuae
737 3235 912 3328 princeps,
932 3232 1043 3305 tribus
1061 3235 1129 3307 iam
1146 3239 1214 3310 sra-

135 3355 245 3426 tribus
279 3357 472 3441 defunctis,
505 3356 609 3428 evicit
637 3354 798 3451 precibus
830 3355 1047 3448 extorsitque
1080 3371 1119 3430 ut
1148 3359 1213 3431 sibi

134 3499 207 3546 rem
233 3487 338 3549 totam
364 3478 486 3550 ordine
511 3500 703 3563 narrarem,
733 3478 929 3572 quodcum
956 3478 1087 3551 invitus
1112 3482 1214 3552 iecis-

134 3619 222 3681 sem,
238 3598 293 3669 ille
310 3600 494 3693 suspirans
513 3601 576 3671 ait:
595 3602 757 3672 «Utinam
774 3603 910 3692 genitor
927 3610 1127 3673 nosternon
1142 3612 1211 3672 tam

136 3745 151 3780 a
181 3719 357 3791 veridicus
378 3731 478 3791 vates
498 3722 606 3792 esset!
637 3750 651 3784 n
674 3721 806 3794 Eodem
826 3743 931 3806 anuo,
954 3723 1049 3794 serati
1067 3723 1124 3795 illo
1143 3721 1211 3814 pri-

132 3840 297 3931 mogeniti
321 3841 369 3911 tui
390 3863 431 3913 ac
453 3852 615 3935 nepotum
630 3866 725 3928 casu,
741 3844 852 3935 magis
873 3865 914 3914 ac
935 3843 1046 3934 magis
1067 3842 1211 3914 horrere

131 3962 344 4053 praesagium
371 3974 468 4035 tuum
490 3966 608 4061 coepit,
636 3967 747 4038 donec
773 3967 848 4059 ipse
873 3965 991 4036 dolore
1017 3967 1209 4047 coniectus,

126 4093 170 4153 ,ut
202 4082 363 4168 arbitror,
391 4087 585 4158 novissime
607 4088 794 4171 moriendo,
822 4087 952 4159 dictum
979 4086 1087 4180 patris
1121 4086 1209 4157 tristi

130 4202 271 4296 quidem
294 4205 356 4276 sed
378 4208 480 4298 piena
501 4207 570 4279 fide
591 4210 786 4301 complevit.
809 4209 896 4291 Quae
917 4229 974 4279 res
995 4209 1128 4280 cunctis
1149 4211 1209 4302 qui

128 4349 204 4398 eam
227 4324 393 4398 audivere
416 4327 598 4414 mirabitis,
620 4329 703 4398 mihi
726 4350 811 4399 vero
831 4329 944 4418 magis
965 4329 999 4398 in
1025 4329 1102 4400 dies
1128 4330 1229 4401 hor-⁴

131 4449 238 4519 ribitis
260 4471 300 4520 ac
319 4449 488 4541 stupenda
508 4460 573 4521 est.
595 4448 780 4521 Meministi
801 4449 967 4534 omnium,
989 4471 1056 4522 non
1074 4453 1207 4525 dubito.
