2692 5024
463 137 499 177 tul
524 136 619 177 ltlssltl‘s
644 135 860 177 lalllllllltllzl's

128 296 240 355 tecum
250 290 317 351 est:
331 280 428 350 Laelii
442 280 510 350 mei
523 289 559 350 et
571 291 773 351 caeterorum
787 302 872 373 paco
885 280 1051 362 dixerim,
1065 279 1195 372 quibus

127 413 165 474 ut
180 423 236 474 mc
249 421 392 494 ‚aequare
411 399 559 471 audeam
580 398 731 493 superba
746 400 891 472 forsitan
907 403 1043 472 fortuna
1060 399 1197 472 illorum

126 525 230 618 cogit,
245 533 280 597 et
292 520 390 596 dolor
405 521 485 595 mei.
499 523 575 614 Ego
589 521 682 593 enim
694 532 728 594 te
741 521 870 596 mundo
882 522 1036 617 praetuli3
1051 533 1088 595 tu
1100 523 1196 609 mihi,

126 667 262 740 quaeso,
300 643 384 738 quid
412 668 482 717 non
506 647 681 737 praelers‘l
705 642 760 716 An
785 645 928 717 timuisti
952 668 998 717 ne
1023 657 1197 721 secretum

127 781 223 842 tuum
241 791 288 839 ex
304 791 360 840 me
378 769 412 839 in
429 771 557 858 vulgus
575 771 795 861 erumperet?
813 769 863 840 lta
879 791 922 839 no
941 768 1108 841 rimosum
1133 794 1199 843 ex-

127 902 246 986 pertus
261 914 315 977 es,
335 890 382 963 ita
398 888 525 961 infirmi
537 913 578 961 ac
590 890 696 962 sutilis
709 890 828 977 animi,
842 891 898 963 cui
912 901 980 962 tam
995 891 1092 963 facile
1104 916 1199 965 com-

127 1018 235 1087 missa
251 1015 478 1086 diffluerent?
494 1012 605 1104 Egisti
622 1012 771 1098 incaute,
790 1014 850 1106 qui
867 1012 950 1084 mihi
968 1013 1094 1085 totiens
1120 1039 1200 1108 gra-

127 1139 226 1211 viora
242 1135 443 1208 credideris.
474 1135 544 1207 Sed
574 1133 690 1228 (crede
718 1135 816 1230 mihi)
846 1134 1006 1227 quoniam
1028 1136 1132 1210 hodie
1150 1138 1201 1232 (ut

128 1259 243 1354 video)
257 1259 354 1331 dolor
367 1257 611 1331 verecundiam
626 1270 781 1350 superat;
798 1257 911 1343 crede,
929 1258 1080 1350 inquam,
1097 1261 1198 1346 mihi,

128 1380 229 1478 pater
247 1381 394 1475 optime,
412 1381 541 1461 nullius
560 1377 677 1476 (quem
693 1379 832 1474 quidem
852 1403 919 1472 ego
943 1381 1111 1476 noverim)
1130 1381 1201 1456 fido

130 1504 266 1578 silentio
282 1503 457 1577 secundus
476 1525 565 1575 sum.
583 1503 689 1574 Nemo
707 1525 762 1574 me
779 1503 857 1575 ideo
874 1504 968 1597 quod
981 1514 1116 1576 secreta
1131 1528 1201 1579 non

129 1639 277 1711 teneam,
295 1649 341 1698 ne
357 1625 470 1699 dicam
488 1624 582 1698 fideli
598 1624 771 1711 amicitiae,
786 1624 919 1699 sedvel
937 1627 1108 1699 senatorio
1119 1650 1202 1720 gra-

129 1750 204 1835 dui,
220 1752 277 1822 vel
290 1748 482 1822 sacerdotio
499 1748 633 1821 Cereris
650 1749 836 1821 inhabilem
854 1751 1016 1841 arguerit.
1034 1750 1201 1842 Legimus

129 1874 221 1968 apud
237 1875 363 1946 Persas
382 1872 468 1944 nihil
486 1870 555 1944 fide
572 1872 738 1956 sanctius,
756 1872 840 1942 nihil
860 1873 1036 1965 pulchrius
1054 1873 1199 1959 silentio,

129 1996 214 2066 nihil
229 1995 435 2088 loquacitate
451 1992 652 2066 deformius.
666 1994 785 2087 ltaque
797 1993 881 2065 illud
893 1997 950 2067 vel
963 2006 1073 2068 morte
1085 2007 1202 2070 custo-

131 2119 242 2202 diunt,
261 2118 351 2189 hanc
376 2131 486 2189 morte
511 2117 692 2210 castigant.
709 2118 785 2191 Non
804 2129 860 2190 est
883 2120 955 2212 qui,
982 2142 1202 2214 quocumque

131 2237 306 2331 supplicio,
322 2237 375 2308 sui
390 2237 484 2327 regis
496 2238 624 2332 pandat
635 2262 808 2312 arcanum.
823 2242 950 2333 Siquis
964 2244 1051 2313 sorte
1067 2253 1202 2315 contra-

130 2359 258 2445 lecerit,
278 2362 371 2431 nullo
396 2382 465 2431 non
491 2360 658 2453 supplicio
682 2362 810 2454 dignus
836 2363 993 2435 habetur.
1018 2367 1199 2440 Praeclare.

129 2481 220 2568 Quid
236 2483 329 2555 enim
346 2482 486 2556 omnino
502 2483 636 2556 facilius
652 2509 757 2578 quam
776 2490 912 2558 tacere?
936 2487 992 2560 hd
1015 2490 1101 2582 quid
1117 2512 1201 2582 ergo

128 2607 234 2691 utilis
254 2618 314 2678 aut
328 2605 385 2679 cui
401 2627 539 2699 magnae
550 2606 602 2681 rei
615 2607 660 2679 sit
671 2607 853 2682 habendus
871 2610 1030 2697 idoneus
1048 2613 1199 2704 quirem

130 2731 230 2817 longe
246 2728 438 2800 facillimam
456 2729 600 2823 implere
627 2730 840 2822 nequiverit?
867 2729 922 2801 An
939 2755 1024 2804 vero
1052 2755 1199 2824 oocupa-

130 2848 240 2918 tiones
259 2871 353 2919 meas
380 2852 632 2946 interrumpere
660 2854 822 2926 noluisti?
847 2857 1070 2930 Conversatio
1094 2855 1200 2950 igitur

129 2973 288 3062 longaeva
303 2973 387 3063 quid
403 2975 551 3066 profuit?
563 2977 721 3047 Nondum
735 2978 896 3071 intelligis
910 3002 979 3051 non
991 3003 1073 3052 esse
1086 3003 1143 3052 me
1155 2982 1200 3054 de

127 3094 262 3167 illorum
280 3116 400 3187 grege,
419 3096 479 3188 qui
497 3095 547 3191 (ut
563 3099 610 3169 ait
626 3098 780 3195 Flaccus)
799 3100 897 3171 brevi
919 3104 1024 3174 sortes
1049 3104 1200 3177 iaculan-

130 3230 184 3291 tur
201 3240 280 3291 aevo
296 3221 416 3304 multa,
434 3218 493 3312 qui
516 3229 624 3292 terras
645 3222 712 3294 alio
729 3225 879 3296 calentes
898 3228 969 3297 sole
986 3238 1198 3319 permutant,

128 3343 187 3434 qui
212 3351 393 3435 penetrant
417 3345 514 3414 aulas
540 3355 576 3415 et
599 3343 714 3416 limina
744 3368 878 3439 regum,
907 3351 1003 3420 velut
1032 3350 1199 3442 Virgilius

129 3465 187 3550 ait,
206 3466 265 3558 qui
282 3466 434 3538 animum
453 3488 555 3537 suum
572 3467 607 3537 in
624 3468 735 3540 frusta
759 3469 972 3563 discerpunt,
1004 3472 1085 3544 huic
1114 3473 1200 3544 arri-

129 3591 223 3672 dent,
242 3590 288 3659 illi
311 3589 479 3673 serviunt,
499 3590 669 3662 neminem
696 3615 743 3664 ex
768 3592 903 3687 integro
929 3595 1089 3686 diligunt,
1116 3595 1199 3665 nulli

130 3713 230 3798 plene
247 3711 446 3784 confidunt?
464 3713 564 3784 Certe
584 3737 650 3807 ego
667 3715 727 3808 qui
748 3717 812 3788 sim
832 3719 958 3789 nescio.
977 3720 1087 3791 Valde
1107 3719 1198 3790 enim

129 3831 163 3899 in
176 3827 300 3902 iudicio
313 3857 429 3905 rorum
443 3845 638 3907 nostrarum
652 3840 811 3925 fallimur3
827 3842 891 3913 sed
905 3853 941 3913 ut
955 3843 1019 3913 sim
1033 3845 1078 3914 de
1091 3862 1200 3936 grege

130 3947 212 4017 nihil
229 3955 431 4040 optantium,
451 3981 660 4050 magnopere
678 3962 808 4039 laboro:
825 3965 869 4035 de
886 3965 1003 4035 multis
1021 3990 1198 4059 nunquam
