2692 5024
368 672 462 722 arnan
482 671 870 724 susumus-ammom
892 675 943 723 xv.
1139 662 1198 725 tao

530 951 707 1016 EPISTOLA
728 952 785 1017 XV.

139 1161 334 1212 ananctscus
351 1160 520 1211 Pli'l'llllliCA
539 1162 671 1211 IOHANNI
688 1161 846 1212 COLUMNAE
865 1160 1036 1211 cenomani
1054 1161 1080 1211 S.
1099 1163 1127 1211 P.
1146 1163 1175 1211 ll.

248 1341 400 1396 lohannam
413 1347 442 1396 ot
453 1341 569 1412 Hagnen
583 1339 733 1396 Columnas
746 1357 857 1397 sorores
869 1341 1067 1397 illustrioribus

346 1437 517 1509 antiquitatis
532 1437 666 1492 matronis
680 1453 740 1492 csse
754 1437 965 1510 comparandas.

215 1666 302 1735 Sunt
333 1663 394 1756 qui
420 1665 653 1735 Romanorum
678 1674 816 1735 veteres
841 1674 1019 1737 matronas
1046 1665 1202 1757 singulas

118 1788 265 1880 singulis
285 1787 447 1859 laudibus
468 1787 640 1858 attollant:
661 1795 696 1857 et
716 1785 888 1857 Lucretiae
908 1785 1049 1879 quidem
1071 1785 1204 1880 pudici-

118 1910 199 1983 tiam
231 1909 448 1993 adscribunt‚
484 1908 617 1981 Martiae
650 1909 872 2000 gravitatem,
907 1909 1003 2002 pium
1036 1908 1203 2003 impetum

116 2032 283 2115 veturiae,
315 2031 508 2123 coniugalis
533 2031 662 2104 amoris
688 2031 848 2102 ardorem
875 2030 1020 2114 Porciae,
1049 2031 1203 2103 Claudiae

117 2155 325 2228 bilaritatem
347 2153 513 2237 sobriam,
536 2154 633 2225 luliae
653 2152 795 2224 facetias
815 2160 851 2222 et
870 2151 1101 2245 eloquentiam
1128 2174 1205 2223 mu-

119 2278 274 2362 liebrem,
298 2277 529 2349 urbanitatem
550 2276 711 2361 Caeoiliae,
734 2275 845 2346 Liviae
869 2275 1101 2358 maiestatem,
1121 2275 1204 2346 Cor-

117 2402 288 2473 neliorum
308 2399 406 2471 alteri
428 2420 638 2490 generosum
664 2397 772 2469 robur
796 2396 913 2481 animi,
941 2395 1041 2467 alteri
1065 2416 1202 2467 morum

117 2523 377 2615 verborumque
396 2521 627 2594 dulcedinem.
649 2522 737 2591 Sunt
757 2520 871 2613 etqui
896 2518 1101 2614 peregrinas
1127 2517 1203 2589 suis

118 2645 280 2719 laudibus
301 2654 573 2738 prosequantur:
591 2644 811 2716 honestatem
829 2643 863 2714 in
880 2644 1066 2737 Penelope,
1086 2641 1122 2712 in
1138 2638 1205 2711 Ar-

118 2769 254 2842 temisia
266 2787 421 2840 amorem
434 2767 673 2852 immortalem,
688 2767 724 2838 in
737 2767 964 2864 Hypsicratea
978 2763 1202 2849 tolerantiam,

120 2889 156 2960 in
182 2888 346 2985 Thomyri
370 2888 622 2975 fortitudinem,
644 2889 826 2962 consilium
848 2890 884 2961 in
905 2889 1064 2974 Thetide,
1086 2886 1205 2960 mode
1233 2968 1242 2978 ,

122 3012 225 3083 stiam
251 3012 286 3081 in
310 3009 434 3104 Argia,
457 3012 621 3105 pietatem
642 3011 678 3081 in
698 3011 886 3102 Antigone,
908 3011 944 3081 in
964 3010 1098 3081 Didone
1123 3030 1205 3081 con-

121 3134 283 3205 stantiam
303 3134 529 3206 admirantes.
551 3135 683 3205 Vellem
705 3143 743 3205 ut
763 3133 786 3201 ii
807 3133 1006 3205 laudatores
1034 3140 1201 3213 veterum,

120 3278 259 3332 sorores
277 3266 365 3342 tuas
381 3258 571 3330 lohannam
584 3266 621 3327 et
633 3253 805 3346 Agnetem
822 3263 1016 3328 comerent.
1030 3251 1205 3327 Haberent

118 3384 274 3479 prolecto
294 3381 329 3450 in
352 3402 421 3452 una
441 3380 547 3453 domo
563 3376 813 3473 amplissimam
832 3376 996 3450 laudandi
1013 3374 1203 3460 materiam,

120 3527 234 3599 neque
253 3504 412 3591 femineis
434 3504 543 3575 titulis
562 3499 809 3595 conquirendis
829 3520 892 3595 por
922 3521 1045 3572 omncs
1077 3507 1203 3579 terras,

120 3637 155 3698 et
174 3650 236 3720 per
257 3637 327 3698 tam
344 3629 455 3699 multu
474 3627 603 3699 saecula
620 3633 842 3716 vagarentur.
861 3621 1037 3714 Quidquid
1055 3640 1203 3710 usquam

121 3750 271 3845 sparsim
284 3750 461 3843 quaeritur,
476 3749 569 3844 apud
582 3746 647 3819 bas
661 3747 764 3819 simul
778 3745 960 3817 invenitur.
970 3742 1021 3812 Tu
1035 3739 1127 3823 vive,
1135 3759 1204 3809 non

123 3870 254 3943 virtute
274 3881 407 3946 tantum
428 3871 579 3967 propria,
595 3870 657 3942 sed
671 3868 785 3960 magni
808 3863 976 3958 genitoris
997 3859 1116 3954 gloria,
1135 3861 1204 3932 lra-

123 4001 283 4090 trumque
303 3997 499 4082 concordia,
521 4006 558 4067 et
576 3995 696 4067 talium
717 4014 875 4065 sororum
896 3989 1023 4084 pietate
1047 3981 1204 4057 felicissi-

120 4139 211 4191 mus.
233 4120 329 4194 Vale.

263 4265 375 4334 Roma,
391 4263 417 4319 X
430 4262 492 4320 Kal.
507 4261 619 4335 Aprilis.
