2692 5024
126 554 185 615 384
447 560 506 632 *uu
527 558 628 608 nauus
648 555 872 608 thtlttttntts

126 696 289 769 memori
314 715 383 765 non
407 691 529 765 debuit
554 700 633 784 post
656 710 712 761 me
737 697 854 761 natus.
880 685 1048 759 Accessit
1074 688 1223 760 fervens

125 829 231 913 atque
251 816 357 891 anxia
382 816 459 887 eius
484 811 692 907 expectatio
719 812 764 884 de
788 834 859 906 qua
883 811 999 883 multa
1024 810 1094 883 mm
1120 812 1222 885 dixi:

127 944 178 1016 sic
200 941 292 1014 enim
319 939 393 1035 ipse
417 937 502 1009 mibi
535 957 698 1029 supremo
723 935 909 1008 lacrimans
942 933 1129 1026 digressu,
1165 935 1222 1007 sic

126 1063 255 1140 deinde
287 1085 348 1157 per
372 1062 503 1132 litteras
528 1057 722 1152 pollicitus:
750 1057 801 1129 sic
825 1058 991 1129 Socrates
1017 1079 1125 1130 meus
1149 1078 1224 1129 non

127 1192 280 1262 futurum
302 1185 383 1267 iam,
406 1182 472 1255 sed
495 1190 705 1276 praesentem
728 1178 804 1252 eius
824 1180 1053 1253 nuntiaverat
1084 1181 1225 1254 adven·

128 1310 434 1402 tum,·digressum
450 1328 496 1378 ex
516 1305 624 1377 Gallia
652 1311 743 1376 recto
769 1303 815 1376 ad
835 1326 891 1377 me
917 1303 1060 1375 tramite
1090 1302 1130 1375 in
1157 1306 1224 1377 ita-

127 1437 210 1507 liam
238 1451 434 1526 properare.
465 1430 538 1499 Heu
564 1427 666 1498 mihi!
696 1449 788 1499 nunc
811 1428 942 1510 recolo,
971 1428 1077 1498 velut
1103 1427 1221 1501 adbuc

128 1557 210 1628 felix
229 1564 334 1648 atque
354 1555 499 1644 integer,
522 1551 716 1647 proximam
736 1548 990 1623 abscissionem
1014 1559 1052 1621 et
1085 1551 1220 1624 instan-

128 1691 182 1752 tes
220 1677 378 1750 miserias
415 1675 663 1769 praesagirem,
703 1694 828 1767 meque
864 1673 1049 1746 confestim
1096 1675 1214 1748 scirem

128 1802 257 1899 optima
277 1801 344 1872 mei
364 1800 474 1894 ipsius
495 1810 592 1892 parte
611 1796 812 1880 cariturum,
836 1795 1094 1868 brevissimam
1119 1799 1214 1871 felici-

130 1935 236 1998 tatem
256 1946 369 1995 meam
391 1921 528 1994 nitebar
546 1919 751 2004 extendere,
773 1917 858 2012 quid
881 1921 951 1991 fata
971 1941 1122 1993 mecum
1143 1945 1207 2016 age

132 2058 211 2120 rent
232 2047 407 2139 ignorans
429 2045 567 2129 Veniet,
586 2042 755 2127 dicebam,
777 2041 874 2136 prius
895 2064 952 2113 me
973 2064 1090 2136 quam
1119 2068 1207 2139 grau

131 2172 273 2244 daevum
294 2181 441 2265 patrem,
464 2191 568 2263 quam
591 2169 709 2241 dulces
735 2168 859 2237 iratres
885 2188 926 2237 ac
952 2188 1101 2240 sorores
1129 2170 1211 2240 vise

131 2319 180 2369 ro.
202 2295 353 2367 luiieiam
375 2316 498 2365 manus
524 2303 628 2386 atque
656 2289 794 2372 tenebo,
821 2312 885 2361 nec
910 2290 1052 2381 magnis
1080 2292 1211 2364 viribus

131 2440 219 2510 opus
245 2417 326 2497 erit;
353 2417 594 2509 opitulatorem
620 2437 666 2484 ex
699 2413 850 2484 adverso
882 2412 1084 2493 inveniam;
1124 2437 1212 2487 amor

131 2540 190 2631 qui
211 2561 289 2608 curn
311 2539 367 2607 ilio
388 2536 520 2606 habitat
540 2545 655 2628 partes
677 2559 812 2608 mecum
832 2535 943 2608 saciet.
966 2537 1041 2608 lam
1064 2539 1126 2610 ille
1147 2562 1214 2612 crs·

132 2659 194 2731 bro
214 2658 298 2729 mihi
315 2658 430 2729 dicere
456 2669 689 2732 consueverat
712 2660 936 2732 Horatianum
962 2660 1067 2732 iliud:
1100 2664 1213 2734 Teano

131 2784 243 2852 vivere
260 2805 380 2866 catera,
399 2792 502 2851 tecum
524 2783 635 2852 obeam
652 2785 763 2853 libeas.
783 2784 850 2855 Sed
866 2805 947 2854 ecce
965 2806 1112 2871 manus,
1129 2810 1212 2883 quas

130 2927 197 2998 ego
219 2905 285 2977 sibi
306 2905 444 2976 iniicere
464 2905 671 2998 cogitabam,
695 2929 788 2978 mors
814 2905 939 2989 iniecit,
969 2918 1005 2978 et
1035 2909 1149 3002 (quod
1175 2910 1213 2982 ad

133 3038 165 3099 te
185 3029 293 3123 pridie
315 3028 413 3100 brevi
437 3029 587 3121 quadam
614 3028 759 3124 epistola
783 3028 957 3111 dixeram,
985 3029 1030 3101 de
1056 3035 1212 3106 consiliis

130 3152 309 3222 hominum
340 3151 491 3223 iudicare
523 3151 706 3243 fortunam)
741 3154 843 3243 longe
876 3151 975 3222 aliter
1006 3165 1121 3248 atque
1152 3179 1213 3249 ego

132 3295 326 3357 senseram,
347 3274 569 3367 interpretata
594 3284 659 3344 ost.
678 3275 788 3359 Nunc,
807 3285 925 3370 erepta
947 3296 1023 3367 spe,
1055 3280 1213 3368 gemina-

132 3408 234 3488 toque
258 3395 445 3477 desiderio,
472 3398 557 3489 quid
583 3401 713 3487 agam?
738 3396 949 3468 Lacrimisne
968 3406 1078 3490 atque
1096 3402 1213 3495 suspi-

130 3519 190 3587 riis
212 3518 296 3603 cior,
318 3529 353 3590 et
378 3518 410 3587 in
438 3517 559 3587 amissi
586 3519 694 3588 iocum
722 3541 906 3590 moerorem
933 3542 1052 3591 mcum
1081 3523 1212 3595 indesi-

129 3652 252 3711 nenter
276 3643 490 3736 amplectar?
509 3640 563 3710 An
583 3664 668 3713 vero
690 3663 850 3714 serenare
870 3642 1024 3714 animum
1047 3645 1158 3732 nitar,
1179 3657 1213 3716 et

129 3763 494 3859 circumstrepentibus
527 3766 672 3835 sortunae
705 3764 806 3835 minis
839 3767 872 3835 in
906 3788 1022 3837 arcem
1064 3772 1212 3842 rationis

128 3889 307 3960 evadere?
327 3890 398 3959 Hoc
418 3897 574 3982 praestat,
594 3889 677 3959 illud
699 3893 829 3982 placet3
852 3889 931 3960 binc
953 3889 1067 3961 virtus
1090 3895 1212 3987 erigit,

129 4010 208 4083 bino
228 4012 370 4084 affectus
393 4013 589 4084 incurvant:
610 4026 733 4106 etque
754 4025 974 4097 mavortem,
995 4017 1136 4107 quidve
1153 4040 1214 4114 pc

128 4137 299 4207 tissimum
322 4159 462 4231 sequar,
486 4136 635 4208 incertus
663 4159 754 4221 sum,
783 4148 818 4208 et
835 4140 924 4209 male
942 4138 1029 4208 mibi
1056 4155 1118 4214 est
1146 4167 1216 4218 sae·

127 4260 270 4349 pissimo
300 4260 450 4343 cadenti,
479 4263 672 4356 saepissime
699 4261 905 4354 resurgenti.
934 4263 1053 4334 Saona
1081 4291 1215 4341 nocens

128 4390 229 4470 atque
247 4384 363 4474 impia,
387 4408 466 4476 quae
484 4407 539 4453 mc
563 4386 616 4456 bis
638 4384 873 4456 anxietatibus
896 4384 1098 4458 involvisti!
1123 4391 1216 4478 Quid
