2692 5024
396 698 487 749 cinna
509 697 879 758 oscarus-snsrom
899 699 941 748 ιιι.
1146 685 1204 749 tol

548 981 724 1047 Epistola
745 982 789 1047 lll.

199 1164 393 1214 rnlnctsctls
414 1164 581 1214 Parnasos
604 1163 752 1214 ROBERTO
774 1161 894 1212 SlClLlAE
917 1165 990 1214 REGI
1012 1166 1038 1215 S.
1061 1167 1088 1215 P.
1110 1167 1139 1215 D.

127 1333 235 1389 Laudat
251 1335 421 1407 epigramma
439 1349 455 1388 a
473 1332 596 1390 Robarto
615 1332 691 1404 Rege
710 1348 767 1389 sua
785 1336 877 1409 neptis
898 1335 1007 1390 tumulo
1028 1335 1207 1408 inscriptum,

215 1425 358 1496 multaque
380 1425 504 1495 congerit
521 1424 555 1481 de
573 1424 703 1480 humana
720 1424 782 1480 vitre
802 1426 935 1495 miseria,
953 1430 981 1480 et
999 1424 1208 1485 deanimarum

219 1512 435 1568 immortalitate.

227 1712 447 1783 Praestrinxit
466 1714 585 1785 oculos
605 1733 702 1785 moos
723 1713 836 1804 fulgor
853 1711 1022 1784 insolitus.
1040 1710 1140 1784 Felix
1152 1734 1211 1784 ca·

130 1840 242 1910 lamus
267 1834 369 1906 visus
402 1843 471 1918 est,
504 1833 560 1904 cui
593 1833 674 1906 talia
692 1834 926 1906 crederentur.
948 1833 1040 1918 Quid
1060 1834 1209 1929 primum

129 1958 257 2029 mirer?
276 1956 450 2028 Eximiam
473 1955 693 2042 brevitatem,
717 1979 761 2029 an
783 1957 1000 2028 maiestatem
1023 1957 1211 2031 sententia-

129 2103 220 2164 rum,
242 2101 285 2150 an
307 2079 461 2151 divinam
488 2079 615 2173 eloquii
639 2082 884 2151 venustatem?
907 2079 1105 2172 Nunquam,
1133 2082 1211 2153 Rex

128 2203 262 2299 inclyte,
277 2202 395 2287 fateor,
418 2200 548 2273 credidi
567 2224 641 2273 rem
662 2211 794 2272 tantam
811 2202 879 2274 dici
894 2222 999 2295 posse
1012 2211 1081 2273 tam
1094 2200 1211 2274 brevi·

130 2336 199 2407 ter,
220 2336 289 2396 tam
311 2323 481 2416 graviter,
504 2334 575 2396 mm
594 2332 735 2406 ornate3
756 2344 819 2395 nec
839 2324 907 2395 iam
930 2326 997 2396 tale
1017 2325 1148 2418 aliquid
1163 2347 1211 2398 ex

129 2447 293 2519 humanis
307 2446 458 2538 ingeniis
471 2445 712 2540 expectabam.
732 2446 912 2540 Equidem,
932 2457 970 2519 ut
985 2457 1162 2520 constaret
1179 2459 1212 2521 te

129 2570 234 2642 corda
259 2570 438 2641 bominum
458 2569 492 2639 in
509 2568 670 2642 manibus
688 2569 829 2655 habere,
849 2592 919 2665 quo
936 2580 1008 2645 tota
1024 2572 1212 2644 illustrium

129 2705 305 2765 oratorum
328 2692 482 2785 suspirat
499 2694 655 2779 intentio,
677 2693 827 2786 legentis
843 2695 998 2767 animum
1016 2706 1083 2767 tarn
1102 2695 1212 2768 variis

129 2814 308 2890 affectibus
330 2816 540 2911 impulsasti‚
564 2828 601 2888 ut
619 2817 695 2888 sine
715 2814 900 2889 luctamine
922 2818 956 2888 in
973 2838 1112 2890 omnem
1132 2841 1212 2913 par-

130 2951 200 3011 tem
222 2938 291 3009 stili
317 2940 366 3009 tui
391 2939 543 3032 vestigia
570 2949 776 3032 sequeretur
802 2938 1016 3011 volubilitate
1049 2938 1209 3010 mirabili.

131 3049 225 3133 Ecco'
240 3061 333 3132 enim
354 3063 388 3131 in
409 3062 520 3155 prima
542 3059 649 3132 sobrii
669 3062 779 3131 fronte
806 3060 986 3145 sermonis,
1009 3061 1093 3132 dum
1115 3082 1212 3131 snm-

133 3206 225 3256 mam
244 3182 407 3256 humanae
433 3183 601 3269 miseriae,
630 3182 889 3275 acerrimusque
914 3183 1091 3254 molestias
1116 3181 1211 3255 labo

131 3329 223 3392 rum,
246 3317 282 3378 et
305 3307 550 3378 necessitatem
572 3304 693 3376 mortis
714 3303 985 3390 acerbissimam,
1008 3304 1142 3377 tractim
1162 3326 1210 3377 ex

133 3428 260 3500 radicis
287 3429 364 3501 labe
389 3429 495 3501 ramis
520 3451 561 3501 ac
585 3426 766 3501 frondibus
787 3427 1029 3522 obrepentem,
1051 3426 1212 3522 magnifi-

133 3552 333 3624 centissime
349 3553 588 3647 deplorasses,
608 3549 776 3625 movebar
789 3553 1015 3645 usqueadeo,
1035 3563 1074 3624 ut
1089 3550 1212 3624 crebro

133 3676 223 3748 inter
240 3676 427 3768 legendum
446 3678 637 3773 suspirans,
655 3683 692 3747 ct
711 3674 918 3747 ineluctabili
937 3685 1030 3747 sorte
1050 3672 1212 3767 perterri-

133 3807 200 3884 tus,
216 3799 472 3892 totumqueboc
486 3822 610 3873 nomen
625 3796 775 3870 bominis
787 3818 944 3892 perosus,
959 3816 1060 3890 paene
1073 3816 1138 3865 nec
1151 3815 1212 3864 na·

134 3932 192 3993 tus
204 3943 285 3994 esse
300 3945 362 3994 nec
379 3948 530 4017 unquam
550 3921 748 3994 nasciturus
765 3920 970 4015 optaverim.
987 3917 1114 3988 Actum
1127 3928 1209 4001 erat,

133 4045 273 4116 etmihi
293 4046 362 4116 iam
381 4046 609 4140 tranquillitas
625 4045 738 4118 omnis
759 4043 951 4125 exciderat,
971 4040 1038 4112 nisi
1055 4060 1136 4133 quae
1162 4041 1213 4110 le-

135 4168 227 4239 thale
255 4171 382 4240 vulnns
406 4167 579 4238 inflixerat
605 4186 744 4247 manns,
771 4163 893 4237 eadem
919 4184 1002 4234 mox
1020 4160 1211 4232 remedium

132 4291 316 4362 attulisset.
339 4291 441 4361 Sensi
462 4310 568 4359 unum
586 4299 622 4358 et
637 4285 809 4378 repentini
827 4284 986 4357 moeroris
1003 4292 1040 4354 ct
1055 4284 1214 4356 consola-

134 4414 238 4485 tionis
264 4411 445 4486 artificem:
468 4431 533 4481 nec
559 4430 712 4502 unquam
739 4410 870 4480 certius
901 4407 985 4502 quid
1017 4407 1213 4502 eloquentia

133 4547 254 4630 posset
281 4556 504 4628 agnoveram.
539 4533 622 4605 'lam
651 4539 808 4626 potenter
826 4530 919 4604 enim
939 4552 1128 4626 pancorum
1148 4554 1213 4627 ope
