2692 5024
198 639 257 701 206
531 648 572 697 nu
592 647 693 698 usus
715 646 937 696 annullamus

198 815 310 879 renes,
332 793 417 888 quid
435 791 528 863 aliud
548 811 654 883 quam
675 789 868 862 studiorum
891 811 1028 861 summa
1052 790 1283 863 conformitas

197 918 300 991 lecit?
320 917 380 987 llle
396 913 538 1008 quidem
555 923 723 1007 quantum
739 912 833 984 curis
852 914 926 984 suis
944 914 1100 983 solamen
1117 912 1284 986 adscive-

197 1039 248 1125 rit,
262 1038 423 1123 dicerem,
439 1037 469 1108 si
483 1017 576 1132 apud
588 1035 693 1107 alium
707 1037 877 1129 loquerer.
892 1033 967 1106 Tibi
978 1044 1074 1107 oerte
1090 1034 1137 1107 ad
1149 1036 1281 1108 interni

198 1163 345 1235 hominis
369 1181 502 1255 paoem,
527 1181 645 1253 quam,
664 1158 713 1230 uti
738 1179 833 1253 saepe
851 1156 1069 1251 querebaris,
1097 1168 1279 1232 tusoarum

197 1307 312 1356 rerum
341 1285 459 1376 fragor
487 1283 682 1376 expulerat,
713 1304 783 1375 quo
808 1281 1090 1375 compendiosius
1111 1304 1278 1376 pergeres

196 1428 265 1479 non
284 1417 368 1480 erat.
391 1406 619 1498 congratulor
639 1426 724 1497 ergo
746 1426 807 1477 seu
827 1404 1022 1499 prudentiae
1044 1426 1108 1477 seu
1129 1408 1279 1478 lortunae

197 1541 278 1613 tuae,
300 1538 336 1600 et
355 1550 492 1613 vocem,
518 1548 598 1622 quae
623 1540 703 1599 tuno
735 1526 819 1598 mihi
845 1527 910 1598 luit
934 1528 969 1597 in
1001 1550 1076 1612 ora,
1100 1529 1278 1623 aliquanto

196 1675 289 1723 nuno
302 1648 472 1722 'fidentius
493 1661 623 1746 repeto.
642 1649 706 1722 Ubi
727 1651 818 1722 euim
841 1651 931 1722 lama
951 1650 1124 1745 primum,
1152 1652 1278 1724 deiude

196 1795 260 1868 per
284 1772 419 1878 litteras
447 1782 525 1846 tuas
546 1775 676 1867 aocepi,
700 1786 732 1848 te
751 1774 923 1847 Florentia
943 1774 1143 1866 digressum
1170 1776 1277 1849 ivisse

195 1896 389 1990 Neapolim;
410 1908 445 1970 et
465 1920 599 1970 mecum
617 1910 747 1971 etcum
766 1899 885 1970 amicis
902 1896 992 1969 dixi:
1009 1899 1202 1995 llionysius
1217 1922 1276 1972 uo

197 2030 269 2090 ster
302 2020 347 2092 ad
380 2021 661 2115 tranquillitatem
694 2023 797 2093 animi
831 2023 967 2116 maguis
998 2022 1166 2116 passibus
1199 2046 1276 2096 eou-

197 2143 317 2229 tendit,
355 2154 390 2216 et
426 2144 472 2216 ad
508 2143 646 2217 beatam
685 2144 793 2217 vitam
832 2156 961 2218 rectum
994 2145 1060 2218 iter
1091 2147 1273 2240 ingressus

196 2276 261 2338 est.
296 2269 344 2339 De
378 2290 434 2338 me
467 2278 584 2339 autem
625 2269 675 2340 sio
709 2268 826 2341 habe:
863 2269 963 2340 brevi
1000 2281 1034 2342 te
1066 2291 1272 2364 consequar.

196 2390 294 2460 Nosti
307 2390 399 2475 enirn
411 2390 497 2483 quid
515 2390 558 2461 de
576 2392 694 2462 laurea
711 2391 837 2483 cogito,
852 2413 966 2483 quam,
983 2391 1120 2484 singula
1132 2392 1271 2475 librans,

198 2524 325 2604 praetor
350 2513 463 2604 ipsum
492 2511 536 2582 de
561 2534 631 2606 quo
656 2512 829 2604 loquimur
859 2535 989 2605 regem,
1017 2512 1102 2584 nulli
1135 2514 1273 2585 omnino

197 2635 393 2702 mortalium
414 2633 541 2705 debera
562 2632 733 2703 constitui.
761 2635 796 2704 Si
830 2637 914 2706 tanti
947 2638 1045 2707 luero
1076 2646 1117 2707 ut
1149 2659 1270 2719 vocer,

198 2755 286 2825 bene
306 2765 370 2825 est.
404 2755 575 2848 Alioquin,
596 2755 723 2849 fingam
753 2761 871 2830 nescio
904 2759 989 2852 quid
1022 2759 1193 2848 audiisse,
1221 2763 1272 2833 vel

196 2879 353 2973 epistolae
375 2900 449 2950 suae
466 2901 618 2965 sensum,
641 2903 744 2973 quam
762 2883 837 2976 ipse
856 2882 940 2952 mihi
968 2905 1103 2953 summa
1125 2883 1273 2955 hominis

197 3002 358 3094 incogniti
378 3014 413 3074 et
433 3002 701 3076 familiarissima
721 3004 920 3095 dignatione
943 3005 1150 3092 transmisit,
1175 3010 1271 3104 quasi

197 3126 370 3207 dubitans
390 3127 424 3196 in
437 3149 514 3197 eam
531 3126 749 3221 potissimum
768 3140 898 3220 partem
917 3131 1053 3199 traham
1072 3141 1110 3201 ut
1129 3146 1273 3207 vocatus

197 3249 327 3319 videar.
351 3251 394 3318 Et
415 3250 510 3341 regio
531 3249 670 3343 quidem
694 3251 771 3321 stilo
791 3251 955 3343 quiddam
978 3252 1081 3323 modo
1099 3256 1272 3349 plebeium

198 3370 340 3453 reddidi,
359 3374 493 3462 fulgore
512 3371 690 3455 attonitus,
714 3395 778 3443 nec
794 3374 905 3465 aequis
923 3375 1051 3466 ingenii
1070 3377 1225 3467 viribus,
1243 3390 1274 3450 et

197 3495 280 3589 lyra,
303 3503 341 3565 ut
357 3495 464 3579 aiunt,
488 3497 589 3585 longe
611 3495 742 3587 impari.
766 3497 860 3566 Vale.

339 3642 363 3695 ll
383 3641 475 3695 Nonas
490 3640 618 3695 ianuarii.
637 3640 680 3694 Ad
692 3640 796 3696 fontem
811 3642 922 3713 Sorgiae.
