2692 5024
184 643 243 704 l5ll
465 676 468 685 ·
523 657 565 705 ne
586 655 688 705 nunus
709 656 930 706 rnmnrlnrnns

182 821 325 884 cursus
365 800 489 871 scabra
525 801 662 883 levitas,
702 801 906 892 scrupulosa
932 799 1105 885 suavitas,
1140 801 1266 876 blanda

183 921 385 1004 crudelitas,
416 922 549 993 dolosae
580 920 767 1002 blanditiae,
796 922 902 991 fallax
927 920 1093 1007 amicitia,
1119 945 1266 994 concors

184 1041 375 1126 discordia,
397 1041 591 1133 foedifrage
611 1042 774 1126 induciae,
797 1041 925 1112 bellum
946 1042 1174 1127 inexorabile,
1195 1067 1266 1136 pax

184 1164 309 1248 infida,
355 1164 517 1235 simulata
548 1165 681 1248 virtus,
716 1172 885 1236 excusata
918 1165 1089 1256 nequitia,
1125 1166 1267 1237 laudata

185 1288 297 1370 irene,
324 1286 530 1358 honoratum
556 1286 729 1372 dedecus,
756 1286 858 1357 irrisa
883 1285 1095 1380 simplicitate,
1122 1297 1159 1357 et
1183 1309 1267 1358 con-

187 1417 316 1502 tempta
335 1403 438 1492 fides,
463 1429 567 1500 nugae
588 1409 704 1492 seriae,
727 1406 907 1499 ingeniosa
926 1409 1114 1492 dementia,
1137 1411 1269 1501 loquax

187 1540 317 1623 torpor,
340 1532 455 1601 velata
472 1530 679 1622 ignorantia,
694 1529 809 1623 opinio
824 1528 978 1600 scientiae
992 1531 1137 1615 tumida,
1154 1532 1269 1602 scien-

187 1653 233 1722 tia
253 1653 460 1735 veronulla,
480 1654 701 1744 querelarum
720 1651 882 1743 suspiria,
901 1652 1158 1723 contentionum
1179 1664 1269 1724 stre-

186 1773 294 1867 pitus,
333 1773 431 1863 vulgi
466 1774 599 1863 fragor,
638 1772 809 1845 obliviosa
845 1772 1098 1866 peregrinatio,
1145 1775 1269 1864 patriae

186 1894 318 1978 odium,
341 1916 438 1966 amor
458 1894 568 1978 exilii,
590 1897 762 1964 lemurum
789 1894 912 1966 civitas
941 1904 1044 1986 atque
1072 1896 1267 1996 larvarum,

186 2020 383 2089 daemonnm
397 2039 556 2110 regnum,
571 2016 721 2088 Luciferi
742 2016 954 2112 principatus
977 2016 1040 2110 (sic
1058 2018 1151 2088 enim
1168 2018 1269 2087 Prin-

185 2142 297 2234 cipem
311 2139 430 2211 mundi
445 2140 549 2210 buius
566 2139 704 2209 Veritas
724 2138 847 2233 vocat),
865 2138 939 2210 vita
956 2139 1153 2210 daemonnm
1172 2162 1270 2211 meu-

187 2262 258 2335 dax
278 2271 314 2332 et
334 2261 519 2346 exanimis,
543 2261 679 2354 spirans
700 2281 807 2344 more,
831 2261 950 2352 segnis
972 2261 1190 2332 incuriositas
1213 2264 1269 2334 sui

96 2387 99 2394 '
188 2384 312 2478 ipsius,
332 2383 504 2455 inutilium
525 2404 622 2466 cura,
645 2382 834 2477 apparendi
862 2381 1024 2465 studium,
1058 2387 1269 2475 supervacui

188 2510 374 2601 appetitae,
398 2529 565 2600 operosus
588 2507 760 2577 vermium
778 2517 980 2598 apparatus
1000 2506 1193 2577 viventium
1216 2507 1269 2575 in-

187 2634 320 2709 fernus,
344 2639 379 2696 et
399 2629 560 2697 vivorum
581 2650 764 2720 corporum
785 2627 913 2698 divites
933 2630 1105 2719 exequiae,
1125 2630 1267 2718 longum

187 2754 304 2833 lunuS,
338 2770 503 2842 pomposa
534 2749 684 2832 vanitaS,
713 2749 887 2819 laboriosa
914 2749 1047 2833 militia,
1075 2750 1269 2844 periculosa

189 2853 341 2954 tentatio,
357 2869 508 2962 superba
521 2870 671 2954 miseria,
687 2871 885 2941 miseranda
897 2871 1051 2943 felicitas.
1066 2874 1127 2954 En,
1147 2875 1268 2960 amice,

188 2994 300 3086 qualis
322 2993 404 3063 mihi
426 2992 503 3064 haec
521 2995 674 3076 videtur,
698 3014 778 3085 quae
806 3002 875 3062 tarn
902 2995 1019 3064 multis
1043 2997 1271 3096 exoptatissi-

95 3170 97 3175 ,
188 3138 244 3185 ma
265 3138 305 3186 ac
326 3117 525 3206 gratissima
550 3115 621 3186 vita
640 3125 716 3197 est;
750 3113 897 3185 necdum
925 3123 1037 3188 tamen
1063 3128 1270 3209 conceptum

188 3261 325 3307 omnem
347 3259 435 3308 meae
456 3238 581 3309 mentis
606 3237 784 3331 expressi:
811 3237 906 3331 peior
943 3239 1035 3308 enim
1070 3248 1125 3308 est
1158 3243 1270 3310 multo

188 3357 336 3440 miseria,
352 3381 456 3450 quam
470 3383 491 3431 a
504 3384 568 3443 mc,
585 3382 648 3431 seu
664 3382 885 3453 quocumque
904 3362 1090 3445 hominum,
1106 3362 1173 3433 dici
1187 3385 1271 3455 pos-

189 3480 243 3549 sit.
266 3480 334 3549 Sed
355 3502 424 3573 quo
444 3505 483 3553 es
505 3483 657 3572 ingenio,
672 3505 719 3553 ex
740 3485 794 3552 bis
813 3483 931 3575 paucis
950 3493 1074 3564 totum,
1090 3505 1177 3567 reor,
1193 3485 1269 3553 ani-

188 3624 284 3672 mum
306 3605 475 3694 loquentis
497 3604 701 3696 introspicis.
726 3606 838 3675 Unum
862 3614 909 3674 tot
926 3605 960 3673 in
979 3605 1077 3675 malis
1096 3603 1186 3673 habe
1204 3604 1270 3674 bo-

189 3745 284 3807 num,
319 3724 413 3813 quod
438 3725 482 3794 ad
510 3724 633 3793 bonam
659 3734 695 3793 et
719 3736 885 3795 aeternam
907 3725 1030 3807 vitam,
1050 3725 1116 3794 nisi
1140 3724 1270 3796 dexter

190 3855 316 3917 trames
337 3846 533 3930 deseratur,
557 3846 613 3917 via
634 3855 699 3916 est.
721 3847 816 3917 Vale.

329 3994 405 4047 Inter
419 3994 503 4048 colles
518 3994 676 4065 EuganeoS,
692 3994 731 4048 111
747 3994 886 4048 Kalendas
900 3995 1071 4050 Decembris.

547 4289 622 4330 F1N1s
639 4289 721 4330 Pllllll
740 4290 902 4331 t'oublssn'ls.
