2692 5024
191 698 251 761 tlt
525 708 567 757 nn
587 706 687 759 nunus
707 706 929 759 ruminamus

190 857 262 927 fers
274 852 391 929 iudicii
403 853 581 939 rationem,
602 852 768 949 profiteor
787 876 843 925 me
861 875 933 926 non
951 852 1156 945 intelligere.
1177 854 1272 939 Quid

190 978 293 1053 enim.
304 996 434 1070 quaeso,
449 974 516 1048 sibi
533 978 610 1047 vult
629 976 724 1070 quod
742 976 810 1048 ais:
832 997 901 1048 non
920 984 957 1047 te
974 975 1070 1046 illum
1086 984 1272 1070 propterea

190 1098 389 1193 praetulisse
408 1101 491 1194 quia
510 1100 556 1170 sit
575 1099 701 1184 maior,
723 1100 789 1172 sed
811 1099 895 1194 quia
914 1098 1124 1171 fructuosior
1149 1099 1272 1172 Hoele-

192 1223 271 1308 siae,
298 1222 392 1316 quod
424 1223 459 1293 in
492 1222 642 1316 quodam
674 1242 779 1316 opere
815 1231 875 1294 tuo
906 1220 1078 1317 probasse
1113 1230 1149 1293 te
1182 1222 1271 1294 dieis

191 1345 424 1442 disputatione
444 1345 662 1438 longissima,
684 1366 788 1438 quam
809 1346 935 1417 vellem
954 1344 1077 1417 litteris
1098 1344 1271 1416 inseruis-

192 1492 267 1552 ses;
289 1469 353 1541 sed
376 1470 528 1563 proiecto
552 1469 611 1539 vel
635 1467 757 1539 nuntio
781 1465 983 1563 pepercisti,
1014 1468 1071 1538 vel
1096 1465 1267 1560 epistolae.

192 1593 293 1678 Quod
325 1603 441 1663 tamen
465 1590 511 1662 ad
535 1588 681 1661 huiusce
713 1591 763 1663 rei
789 1590 1027 1685 probationem
1051 1588 1268 1684 praecipuum

190 1724 275 1799 crat,
293 1712 478 1786 addidisti:
496 1712 563 1784 hoc
580 1712 708 1784 scilicet
728 1712 915 1807 Augustini
934 1712 1044 1806 ipsius
1063 1700 1269 1784 auctoritate

191 1837 360 1911 concludi.
386 1835 456 1908 Sed
487 1858 532 1907 an
561 1835 703 1928 ignoras
728 1837 824 1930 quod
852 1836 887 1907 in
921 1834 1075 1929 generali
1108 1856 1271 1910 sermone

191 1982 343 2057 persona
361 1959 534 2055 loquentis
554 1959 750 2055 excipitur?
768 1957 860 2043 Quid
880 1980 976 2045 vero,
997 1958 1124 2053 inquis,
1148 1960 1182 2032 si
1199 1957 1270 2031 Au·

69 2173 73 2179 ¹
192 2084 324 2179 gustini
348 2093 468 2178 aperta
490 2081 663 2156 confessio
687 2094 753 2168 est,
785 2080 851 2154 sibi
877 2081 1128 2177 Hieronymum
1145 2084 1269 2177 praete

192 2210 323 2281 rentis‘?
341 2208 427 2293 Quis
448 2228 518 2279 non
543 2204 641 2277 videt
658 2206 744 2300 quid
769 2204 911 2278 adhaec
935 2204 1003 2277 dici
1022 2203 1173 2278 debeat?
1184 2207 1267 2291 Hoc,

193 2332 348 2425 inquam,
370 2352 478 2402 unum
504 2339 570 2414 est,
597 2329 726 2422 inquo
751 2329 841 2399 illius
868 2327 1116 2400 sacratissimae
1145 2330 1269 2400 animae

194 2453 390 2527 testimonio
422 2475 491 2525 non
524 2462 666 2536 starem,
692 2453 748 2524 cui
781 2452 922 2524 insitum
950 2453 1022 2524 scio
1046 2461 1086 2524 ut
1117 2452 1163 2524 de
1195 2455 1270 2525 aliis

194 2577 357 2668 gloriose,
379 2574 424 2646 de
443 2596 482 2646 se
502 2584 618 2647 autem
639 2573 815 2645 humiliter
835 2586 871 2646 et
890 2577 1051 2668 loquatur
1075 2583 1112 2645 et
1133 2577 1268 2648 sentiat.

194 2698 270 2788 Ego
289 2696 429 2789 quidem
456 2697 623 2767 fructuosi
644 2695 772 2767 laboris
793 2699 941 2792 palmam
962 2699 997 2768 in
1017 2699 1177 2770 Ecclesia
1201 2698 1272 2771 Au-

194 2820 335 2912 gustino
359 2817 506 2900 dabam;
534 2816 628 2890 haud
651 2820 870 2914 pertinaciter
895 2832 1023 2903 tamen,
1046 2824 1145 2893 velut
1162 2823 1193 2893 is
1213 2824 1272 2916 qui

193 2966 259 3016 nec
284 2942 447 3037 opinioni,
474 2964 538 3014 nec
564 2952 683 3022 sectae,
710 2965 774 3015 nec
799 2944 928 3015 homini
950 2966 1061 3038 usque
1082 2944 1173 3018 adeo
1194 2966 1271 3017 sum

195 3067 368 3151 addictuS,
391 3074 429 3138 ut
454 3063 551 3137 abire
575 3087 643 3137 non
665 3067 805 3159 possim,
832 3066 977 3139 veritate
997 3078 1185 3163 comperta.
1201 3070 1272 3142 Hoc

195 3191 289 3284 apud
313 3192 467 3262 Marcum
493 3190 652 3275 Tullium,
681 3188 746 3260 hoc
775 3189 867 3282 apud
893 3189 1007 3284 ipsum
1040 3202 1174 3286 patrem
1200 3192 1272 3265 Au-

196 3313 373 3405 gustinum
395 3313 514 3396 didici,
541 3312 635 3406 quod
660 3313 735 3407 ipse
756 3312 849 3405 apud
873 3312 1036 3386 eumdem
1057 3314 1206 3387 Tullium
1233 3338 1270 3389 se

144 3512 147 3519 ,
196 3434 359 3508 didicisse
380 3458 448 3506 non
468 3448 582 3528 negat.
602 3437 688 3508 Nam
708 3437 800 3531 apud
818 3438 993 3508 Horatium
1015 3438 1177 3510 Flaccum
1195 3442 1272 3510 nul-

197 3560 261 3628 lius
296 3559 407 3627 iurare
438 3560 474 3626 r'o
504 3560 605 3628 cerdo
636 3561 799 3650 magistri,
827 3582 913 3651 puer
933 3560 1049 3641 valde,
1069 3560 1269 3635 didiceram.

197 3684 323 3769 Quanti
341 3692 456 3753 autem
474 3684 541 3755 ista
559 3683 626 3753 sint
642 3682 718 3776 ipse
733 3704 801 3753 non
814 3682 1025 3766 dissimulas
1040 3682 1116 3775 qui,
1130 3683 1199 3755 hac
1211 3682 1272 3755 de-

197 3807 362 3879 fensionis
388 3816 484 3899 parte
509 3805 662 3889 deserta,
689 3826 773 3875 mox
794 3805 838 3877 ad
858 3805 959 3875 aliam
980 3804 1119 3889 evadis,
1134 3806 1269 3893 dicens,

198 3929 359 4000 omnibus
380 3928 557 4013 excussis,
583 3927 723 3999 omnino
748 3927 831 3998 nihil
852 3929 1046 4021 essequod
1072 3938 1105 3999 te
1127 3929 1161 3999 in
1183 3928 1272 4002 hanc

196 4051 390 4145 opinionem
413 4050 571 4136 traxerit,
594 4049 661 4121 nisi
688 4047 862 4141 indignam
883 4050 1070 4142 quamdam
1095 4060 1132 4122 et
1152 4053 1273 4145 singu-

197 4175 304 4245 larem
323 4196 407 4266 erga
427 4175 674 4271 Hieronymum
694 4173 974 4266 ingratitudinem
1001 4176 1175 4248 italorum.
1201 4179 1272 4249 Hoc

198 4308 253 4369 ost
276 4298 361 4370 illud
386 4299 525 4370 unicum
545 4299 772 4395 patrocinium
793 4320 910 4371 causae
931 4310 1016 4370 ture:
1037 4300 1102 4371 hoc
1127 4312 1197 4385 est,
1220 4301 1273 4371 in·

198 4442 316 4512 quam,
339 4420 422 4492 illud
446 4421 531 4492 mihi
556 4425 649 4494 nulla
669 4445 715 4495 ex
741 4434 838 4516 parte
852 4423 1061 4495 intellectum
1083 4445 1148 4494 nec
1172 4423 1273 4494 intel-

197 4541 326 4633 ligibile
359 4558 610 4635 argumentum.
637 4548 805 4632 Quaenam
831 4548 921 4619 enim
956 4545 1033 4619 haec
1059 4547 1277 4649 ingratitudo
