2692 5024
213 697 273 757 tlt
468 665 472 673 ⁸
551 709 593 757 nn
614 704 715 756 nunus
735 703 958 753 enuntiamus
1031 738 1036 747 .

212 878 253 927 ac
271 855 376 927 totius
396 852 678 947 inhospitalitatis
694 849 819 944 erupit.
836 850 865 919 0
881 847 985 919 brevi
1002 849 1156 919 multum
1174 857 1304 921 mutata

213 977 393 1072 Neapolis!
414 979 442 1048 0
463 974 581 1046 infelix
602 974 760 1045 Aversal.
777 975 867 1044 Vere
887 993 1028 1056 aversa,
1051 993 1181 1043 nomen
1203 994 1252 1044 ex
1270 995 1305 1044 re

215 1116 413 1199 sumptum,
439 1120 573 1182 aversa,
596 1097 750 1191 inquam,
773 1117 919 1190 prorsus
945 1095 991 1166 ab
1016 1094 1242 1167 humanitate
1268 1117 1306 1167 ac

214 1227 305 1310 fide;
328 1246 475 1318 quarum
496 1222 607 1316 prima
627 1220 772 1306 homini,
796 1220 949 1292 secunda
970 1220 1045 1312 regi
1069 1229 1110 1291 et
1128 1219 1229 1292 iusto
1248 1220 1303 1292 do·

215 1353 308 1422 mino
339 1346 554 1428 debebatur;
581 1345 616 1415 in
647 1356 681 1416 te
713 1345 896 1436 utriusque
930 1353 1047 1436 spreta
1080 1345 1297 1425 reverentia,

216 1473 398 1561 utriusque
424 1468 458 1535 in
480 1478 513 1538 te
534 1488 672 1538 sacrum
693 1464 855 1558 gentihus
880 1466 1029 1536 fractum
1053 1465 1189 1537 loedus.
1218 1469 1299 1539 lnte

215 1595 307 1663 enim
328 1590 449 1661 fraude
469 1589 573 1682 impia
599 1589 701 1683 periit
733 1610 798 1659 rex
824 1598 921 1673 tuus,
948 1590 1040 1659 ferro
1071 1589 1231 1660 utinam.
1248 1597 1299 1658 aut

216 1717 307 1788 virili
328 1726 439 1786 morte
456 1714 537 1798 alia,
557 1724 596 1784 ut
612 1713 791 1785 hominnm
813 1711 974 1785 manibus
995 1712 1219 1797 interfectus,
1238 1734 1298 1785 non

216 1843 368 1912 ferarum
395 1838 559 1910 dentibus
583 1848 688 1930 atque
709 1837 886 1928 unguibus
913 1838 1083 1908 laceratus
1111 1837 1298 1908 videretur.

217 1964 246 2033 0
266 1961 384 2055 iniquo
403 1959 540 2033 condita
563 1959 691 2043 sidere,
715 1960 865 2029 infausto
891 1958 1028 2050 signata
1049 1979 1217 2043 vomere,
1239 1979 1298 2030 cae

219 2086 344 2156 mentis
365 2086 533 2156 instructa
553 2083 768 2175 sanguineis
789 2093 825 2153 et
846 2082 997 2175 vipereis
1017 2081 1178 2155 habitata
1196 2085 1298 2154 culto

218 2209 328 2292 ribuS,
351 2208 518 2299 magistra
545 2205 627 2278 urbs
649 2206 841 2277 crudelium
869 2207 1124 2298 exemplorum.
1153 2204 1299 2278 Abunde

219 2331 405 2424 impietatis
423 2341 459 2401 et
474 2330 659 2402 criminum
676 2339 751 2400 erat
767 2329 978 2400 animantum
999 2329 1165 2421 principis
1190 2351 1299 2401 sacro

221 2465 374 2525 sanctam
396 2455 546 2546 effigiem
567 2453 610 2525 ad
631 2455 816 2545 imaginem
843 2452 902 2523 Dei
928 2454 1050 2523 saetam
1070 2452 1212 2524 violare
1238 2465 1298 2524 tam

221 2579 395 2661 atrociter,
419 2589 487 2646 tam
511 2577 671 2668 superbe.
696 2577 795 2646 Nunc
821 2576 854 2646 id
879 2579 992 2647 scelus
1014 2597 1083 2646 non
1105 2576 1142 2646 in
1165 2578 1301 2650 homine

222 2698 376 2790 quolibet
396 2720 482 2769 ausa
503 2721 564 2780 es3
587 2698 649 2768 sed
670 2700 891 2770 mitissimum
909 2699 1301 2794 innocentissimnmque

222 2820 399 2891 hominum
420 2830 456 2892 et
475 2822 652 2892 dominnm
684 2833 796 2908 tuum,
823 2833 859 2894 et
882 2835 963 2893 ante
983 2844 1092 2892 annos
1121 2825 1171 2894 tui
1196 2827 1302 2898 solici-

225 2953 310 3028 tum,
333 2945 380 3015 tui
400 2955 586 3030 amantem,
609 2967 697 3017 rarae
722 2945 846 3016 indolis
872 2968 1033 3040 puerum,
1061 2967 1208 3037 magnae
1237 2949 1301 3042 spei

224 3089 357 3157 regem,
381 3070 673 3139 truculentissime
695 3070 840 3140 laniasti.
866 3069 938 3138 lmo
964 3092 1032 3139 non
1056 3078 1107 3149 tu,
1134 3073 1203 3142 sed
1222 3071 1256 3143 in
1275 3084 1303 3142 te

224 3213 323 3260 aeres
343 3203 379 3261 et
398 3192 561 3274 immites,
589 3192 700 3263 dicam
726 3192 883 3263 homines
909 3213 953 3260 an
979 3190 1116 3277 belluae,
1141 3215 1188 3264 an
1216 3195 1303 3288 quod

166 3396 169 3403 ‚
226 3313 408 3384 adventicii
424 3338 535 3405 genus
549 3315 717 3385 monstri?
734 3316 791 3408 qui
810 3316 929 3386 orbem
948 3315 1103 3386 Italicum
1122 3317 1304 3392 barbarica

225 3436 357 3507 feritate
379 3443 606 3523 maculantes,
630 3450 725 3508 tuum
749 3461 920 3530 suumque
946 3462 1065 3531 regem
1086 3462 1158 3511 non
1178 3444 1302 3533 gladio,

227 3580 295 3629 non
312 3583 461 3643 veneno,
477 3562 565 3632 dura
584 3562 659 3632 lioet
676 3584 715 3632 ac
734 3562 833 3632 solita
847 3585 969 3653 regum
988 3572 1110 3647 morte,
1129 3566 1195 3635 sed
1216 3570 1304 3636 velut

227 3683 474 3754 incendiarium
501 3695 560 3754 aut
584 3687 751 3755 latronem
784 3685 898 3755 infami
925 3688 1047 3778 laqueo
1067 3699 1303 3778 peremerunt,

227 3820 262 3876 ot
281 3808 380 3878 cuius
401 3808 521 3879 vertici
543 3807 696 3879 debitum
715 3830 755 3879 ac
773 3818 948 3902 speratum
969 3807 1132 3880 diadema
1152 3811 1217 3882 diu
1235 3836 1306 3906 per-

229 3931 297 4002 lida
332 3932 617 4024 tergiversatione
650 3934 869 4018 distulerant,
897 3933 973 4004 eius
1000 3935 1087 4004 collo
1116 3948 1251 4008 restem
1277 3951 1306 4007 et

229 4056 340 4127 nodos
371 4057 584 4128 miserabiles
617 4057 828 4139 iniecerunt;
859 4067 897 4125 ut
925 4059 1157 4148 exequiarum
1185 4084 1307 4153 genere

229 4323 298 4391 gna
318 4315 533 4394 praeteream,
554 4306 583 4376 si
602 4317 720 4376 nostro
741 4307 828 4375 forte
849 4303 983 4373 silentio
1004 4315 1230 4395 posterorum
1253 4330 1310 4378 no·

229 4423 313 4493 titiae
345 4425 603 4499 subtrahantur.
635 4431 685 4499 Tu
709 4429 864 4522 quidem,
900 4427 1029 4499 misera
1057 4429 1203 4517 civitas,
1239 4434 1309 4504 baec

232 4567 397 4639 perpessa
422 4551 489 4620 tuis
516 4552 548 4618 in
576 4551 827 4642 penetralibus,
855 4571 934 4643 qnae
966 4571 1090 4622 omnes
1124 4563 1257 4642 terras,
1279 4566 1309 4625 et
