2692 5024
376 609 468 657 urum
491 607 612 657 rursus
624 607 828 657 -urrsroun
848 611 876 658 v.
1118 599 1158 661 ta

508 876 684 942 EPlSTOLA
712 878 745 940 ll.

94 1042 282 1104 Pn'lnclscus
298 1049 464 1100 Puralncn
481 1051 596 1100 lacono
614 1050 770 1101 cononum
788 1049 938 1099 briscono
951 1051 1159 1103 nonuunlsnsl

565 1156 590 1204 S.
609 1156 636 1203 P.
655 1156 684 1203 b.

115 1320 296 1377 Familiariter
308 1320 487 1393 conqueritur
500 1321 589 1393 quod,
605 1338 637 1376 eo
651 1338 706 1376 non
720 1328 874 1395 expectato,
889 1323 1007 1378 Romam
1021 1323 1137 1395 petierit.

295 1407 381 1463 Multa
394 1407 429 1462 de
442 1407 495 1461 side
509 1413 536 1462 et
550 1408 734 1464 taciturnitate
748 1418 954 1466 commemorat.

146 1632 150 1639 ·
187 1614 404 1688 Revertebar
420 1636 441 1685 c
456 1615 652 1702 Germania,
671 1627 707 1687 et
722 1616 789 1688 iam
806 1619 1015 1710 Lugdunum
1040 1640 1164 1714 perve-

96 1762 221 1824 neram,
238 1759 380 1833 precum
398 1747 536 1810 tuarum
552 1749 588 1810 et
602 1737 767 1811 desiderii
785 1741 853 1812 mei
870 1742 969 1815 uncis
987 1744 1166 1816 retrahen-

98 1863 200 1945 tibus
233 1884 303 1934 non
335 1871 404 1932 tam
436 1859 570 1953 poetico
600 1872 659 1932 aut
688 1862 847 1957 physico,
881 1887 985 1956 quam
1011 1866 1166 1938 cursorio

99 2005 192 2055 more
207 1983 385 2056 lestimns.
404 1982 455 2053 llli
470 1983 589 2054 cursui
606 2004 684 2053 meo
709 1984 994 2057 molestissimum
1019 1989 1165 2059 lraenum

97 2104 252 2178 adhibuit
267 2105 463 2199 insperatus
481 2127 613 2177 rumor:
631 2106 811 2195 aufugisse
827 2117 873 2191 te,
892 2107 1063 2180 absentias
1079 2129 1167 2180 meae

98 2231 193 2301 velut
208 2229 459 2321 opportunitate
475 2238 624 2321 captata,
639 2237 675 2298 et
687 2227 763 2298 sine
775 2249 830 2298 me
843 2230 985 2300 Romam
1002 2230 1165 2321 petiisse:

99 2350 192 2444 quod
207 2353 354 2446 pmfccto
366 2374 542 2445 nunquam
556 2353 724 2424 iacturum
741 2373 822 2422 esse
840 2350 1062 2444 pmmiseras.
1077 2352 1168 2436 Quid

98 2475 231 2548 dicam?
246 2472 393 2547 Amaute
409 2497 478 2545 non
495 2487 608 2548 amato
625 2476 672 2547 nil
689 2496 768 2547 reor
784 2497 866 2546 essa
882 2473 1057 2547 miserius.
1076 2474 1169 2557 Quo

98 2598 200 2672 modo
216 2606 332 2668 autem
351 2607 400 2680 ta,
420 2618 484 2667 seu
500 2597 627 2689 quibus
644 2599 793 2691 primum
810 2597 930 2670 verbis
955 2596 1169 2689 aggrediar?

99 2717 329 2813 Suspitiosum
345 2739 402 2801 ne,
421 2740 466 2789 an
484 2728 619 2790 tuorum
637 2729 906 2812 contemptorem
923 2723 1063 2813 putem‘l
1078 2718 1170 2790 Nihil

99 2842 253 2916 moribus
270 2841 385 2914 minus
402 2840 470 2912 tuis
488 2843 660 2913 convenit.
678 2842 895 2914 Obliviosum
912 2864 1048 2934 querar,
1067 2842 1171 2912 mira-

102 2975 153 3036 tor
165 2965 240 3057 ipse
250 2963 426 3036 memoriae
439 2967 527 3035 tuae‘l
540 2962 760 3055 Fidetragum
773 2964 903 3034 dicam?
917 2962 978 3033 sed
990 2960 1170 3032 notissima

102 3083 190 3156 fides
208 3096 344 3156 tuaest.
363 3085 455 3170 Quid
470 3089 578 3178 ergo?
595 3087 645 3157 Tu
663 3088 774 3178 culpae
791 3106 917 3156 nomen
938 3081 1109 3166 invenies,
1136 3093 1172 3153 et

102 3207 262 3301 teipsum
280 3207 541 3292 condemnabis,
560 3208 617 3277 vel
635 3208 665 3278 si
682 3208 765 3278 libet
789 3206 967 3278 absolves:
994 3204 1087 3297 apud
1111 3203 1172 3276 tri-

101 3330 204 3403 bunal
222 3342 317 3403 tuum
336 3343 447 3403 tecum
468 3331 596 3422 agitur:
617 3341 652 3403 tu
669 3329 762 3402 idem
787 3340 823 3401 et
847 3350 928 3401 reus
954 3339 990 3400 et
1013 3328 1112 3402 testis
1137 3338 1172 3400 et

102 3454 210 3526 iudex
226 3450 307 3524 eris.
325 3453 416 3525 Sede
432 3453 548 3546 igitur,
575 3464 610 3525 et
635 3476 770 3526 mecum
795 3452 1045 3547 aliquantisper
1070 3473 1172 3545 aequo

103 3575 177 3648 iure
192 3574 357 3670 discepta.
375 3576 501 3669 AEquat
516 3576 607 3649 enim
625 3598 721 3648 amor
738 3575 897 3670 imparia:
919 3576 1014 3669 quod
1036 3575 1065 3644 si
1090 3595 1173 3643 con-

103 3708 154 3770 tra
170 3720 227 3770 me
242 3701 329 3771 torte
346 3700 463 3793 lingua
480 3710 539 3773 tua
556 3700 841 3792 pronuntiaverit,
861 3698 906 3770 ad
925 3695 1171 3768 conscientiam

102 3823 308 3914 provocabo.
330 3824 513 3918 Responde
530 3823 639 3896 dolori
656 3846 732 3895 meo
749 3820 938 3915 quaerenti:
966 3820 1034 3888 Cur
1051 3826 1088 3889 tu
1106 3817 1174 3885 no

104 3964 183 4028 mae,
197 3967 263 4036 ego
276 3946 310 4017 in
325 3945 432 4018 Gallia
446 3949 545 4018 sum‘l
558 3946 649 4030 Quid
662 3954 755 4017 tanto
769 3941 919 4014 divortio
931 3940 1074 4029 dignum
1088 3936 1174 4007 teci‘l

104 4064 156 4138 An
170 4078 208 4139 ut
223 4068 353 4141 inutilis
366 4080 401 4140 et
412 4069 585 4140 inamoena
598 4068 734 4139 sarcina
745 4067 780 4136 in
800 4075 935 4155 tergum
950 4057 1113 4130 abiicior‘?
1123 4059 1174 4128 De

103 4192 247 4264 utilitate
276 4190 416 4283 quidem
447 4190 591 4261 videris:
610 4188 655 4260 de
673 4188 804 4280 reliquo
820 4183 993 4279 (quoniam
1010 4179 1109 4253 dolor
1120 4180 1174 4252 in-

103 4337 190 4406 gens
207 4314 375 4385 libertatis
392 4324 546 4387 assertor
562 4332 643 4382 esse
660 4309 759 4405 solet)
775 4309 850 4402 ipse
863 4305 1056 4398 pronuntio.
1074 4305 1174 4377 Nulla

105 4434 209 4529 igitur
228 4436 272 4530 (si
288 4448 322 4508 te
339 4439 433 4534 novi)
453 4435 634 4519 amoenior,
653 4436 747 4506 nulla
763 4431 857 4505 curis
871 4429 940 4503 tuis
952 4428 1175 4525 opportunior

256 4566 272 4605 r.
345 4604 352 4613 ,
1034 4552 1050 4601 t
