2692 5024
141 636 180 698 72
475 648 518 697 ll!
538 647 640 699 RRBUS
660 646 885 699 ruminamus

140 802 209 863 ret:
228 791 330 863 cuins
351 791 462 883 gloria
484 791 520 860 in
545 790 692 885 strepitu
714 799 751 861 et
774 787 941 861 conviciis
967 789 1034 860 sita
1056 798 1123 861 est.
1150 790 1221 864 Sed

138 911 229 983 bene
261 911 368 985 hahet
398 911 494 1005 quod
519 933 583 983 um
606 912 663 983 ille
687 908 840 983 scribere
863 908 996 1002 aliquid
1019 910 1132 997 novit,
1153 933 1218 985 nec

136 1055 203 1125 ego
221 1054 302 1105 eum
322 1033 403 1104 hinc
420 1032 584 1107 exaudio.
605 1032 657 1104 lta
675 1043 712 1105 et
730 1053 833 1104 auras
854 1030 1032 1103 interiecta
1052 1032 1160 1105 maris
1176 1050 1218 1105 ac

33 1196 39 1205 ·
137 1165 308 1229 terrarum
325 1154 452 1248 spatio,
469 1164 506 1225 et
520 1153 612 1227 oculi
627 1154 695 1227 mei
710 1153 804 1225 illius
820 1152 1015 1244 ignorantia
1032 1153 1098 1223 tuti
1115 1163 1214 1225 sunt:

137 1284 247 1349 totum
272 1276 465 1370 importuni
484 1275 732 1369 colloquutoris
762 1274 902 1369 pondus
926 1273 964 1345 in
989 1282 1088 1345 tuum
1112 1285 1218 1369 caput

135 1398 343 1485 refunditur,
363 1407 400 1470 et
418 1396 558 1482 merito;
578 1397 743 1491 quoniam
762 1396 896 1469 litteras
911 1396 1010 1467 meas
1026 1396 1217 1469 dialectids

134 1519 328 1593 ostendisti.
349 1518 407 1589 Ex
426 1518 589 1591 omnibus
610 1540 708 1605 sane,
729 1540 812 1613 quae
827 1519 872 1591 de
893 1517 985 1589 illins
1010 1519 1218 1595 raucissimo

137 1641 265 1714 latratu
284 1640 467 1733 collegisse
492 1649 527 1712 te
550 1640 653 1726 dicis,
678 1639 745 1710 hoc
769 1639 920 1732 primum
944 1648 1080 1713 enatet
1103 1642 1217 1713 maxi-

135 1782 243 1847 mnm,
265 1760 361 1854 qnod
379 1758 565 1833 artificium
584 1770 743 1835 nostrum
764 1761 920 1834 omnium
940 1762 1080 1835 minime
1096 1786 1217 1837 naras-

135 1883 266 1957 sarium
285 1882 378 1957 dicit.
399 1882 490 1955 Ecca
508 1883 577 1957 iam
597 1883 711 1968 virus,
733 1882 829 1977 quod
848 1883 884 1953 in
904 1883 982 1955 aliis
1006 1883 1132 1955 littaris
1152 1883 1217 1956 mi-

134 2004 294 2091 nabatur,
314 2005 481 2079 evomuit.
495 2005 565 2079 Sed
579 2014 695 2077 estne
711 2006 790 2092 hoc,
803 2005 900 2098 quod
910 2005 947 2075 in
963 2004 1081 2077 studia
1095 2014 1218 2079 nostra

134 2147 174 2197 se
205 2126 424 2199 invecturum
457 2126 695 2220 praedixerat?
718 2127 890 2199 Praeclare
917 2125 1069 2220 quidem.
1095 2123 1216 2199 Artifi-

135 2246 242 2333 cium,
257 2247 384 2343 inquit,
399 2258 617 2322 vestrumea
632 2246 796 2323 omnihus
809 2247 950 2320 minime
965 2248 1214 2321 necessarium.

134 2371 287 2443 Primum
307 2371 352 2442 de
371 2368 517 2443 artificio
537 2370 741 2443 viderimus.
762 2369 886 2441 Nescio
909 2368 1000 2439 euim
1025 2368 1112 2462 quid
1132 2371 1215 2441 arti-

136 2491 204 2563 ficii
216 2492 318 2565 nobis
332 2492 514 2565 attribuat:
529 2491 592 2565 sed
608 2500 693 2584 puto
709 2490 754 2563 de
766 2491 899 2585 poetica
915 2512 995 2561 eum
1014 2491 1214 2583 intelhgere.

132 2613 228 2683 Hanc
247 2613 387 2683 minime
403 2612 635 2684 necessariam
652 2612 750 2695 dicit3
768 2634 838 2683 non
854 2609 997 2683 in'lioior.
1012 2611 1108 2684 ldem
1121 2612 1214 2684 enim

135 2733 272 2805 videtur
290 2743 326 2805 et
345 2734 487 2805 nostris

212 2920 350 3003 Namque
366 2924 478 2989 animis
494 2931 600 2989 natum
620 2926 842 3006 inventumque
858 2940 967 3005 poema
984 2922 1126 2988 iuvandis

133 3117 168 3179 ot
191 3107 335 3180 Flaccus
360 3109 436 3201 ipse
461 3117 621 3195 testatur,
648 3118 765 3181 etms
795 3110 871 3202 ipsa
899 3108 1017 3179 docuit
1041 3108 1213 3201 poeticam

131 3230 347 3303 delectationi
367 3240 472 3323 atquo
490 3242 693 3305 ornamento
712 3253 807 3315 esse,
829 3253 897 3302 non
918 3229 1116 3301 necessitati
1136 3231 1213 3301 edi-

131 3358 212 3420 tam.
238 3351 343 3420 Vivat
374 3373 458 3442 ergo
483 3353 683 3424 dialecticus
711 3363 806 3436 tuus,
832 3362 868 3424 et
892 3352 1046 3423 cornutis
1072 3373 1219 3445 semper

131 3470 251 3540 affluat
271 3471 498 3566 syllogismis,
520 3475 660 3565 quando
679 3483 715 3544 et
734 3472 915 3545 nobiscum
943 3473 1058 3557 sentit,
1080 3481 1116 3543 et
1140 3496 1210 3546 non

128 3602 183 3663 est
203 3593 345 3684 ignarus
366 3593 533 3677 omnium,
555 3605 595 3665 ut
614 3596 727 3667 rebar.
742 3595 810 3666 Sed
827 3617 1045 3687 nequaquam
1067 3595 1123 3665 his
1144 3604 1212 3666 ter-

129 3715 231 3786 minis
257 3717 452 3787 continetur
477 3725 627 3801 torrens,
649 3728 684 3788 et
708 3717 881 3790 fervidum
908 3717 1095 3808 ingenium.
1118 3715 1211 3799 Quid

127 3841 234 3929 crgo?
259 3839 431 3931 Rapidum
456 3840 680 3935 enthymema
703 3848 918 3931 contorquet.
946 3839 982 3908 Si
1007 3838 1123 3909 minus
1150 3859 1212 3908 ne

126 3961 278 4032 cessaria
298 3961 423 4053 inquit,
446 3970 481 4031 et
501 3961 615 4031 minus
637 3959 774 4031 nobilis.
796 3961 848 4031 Oh
874 3982 979 4053 quam
1006 3960 1095 4028 male
1121 3958 1208 4049 tegi-

127 4090 182 4151 tur
200 4083 348 4154 insania!
373 4083 444 4155 lam
466 4105 505 4154 se
522 4064 589 4155 non
607 4082 823 4155 dialecticum
841 4083 957 4166 modo,
981 4080 1044 4151 sed
1061 4081 1213 4175 phrene

127 4199 230 4269 ticum
244 4205 404 4276 ostendit.
420 4206 514 4297 Ergo
533 4205 667 4277 sutrina
682 4216 717 4276 et
734 4205 892 4298 pistrina,
908 4214 942 4274 et
960 4203 1211 4275 vilissimarum

126 4319 404 4397 mechanicarum
425 4329 551 4400 artium
573 4328 622 4422 (si
643 4328 833 4399 necessitas
854 4326 1036 4398 nobilitare
1055 4325 1132 4396 illas
1147 4346 1210 4416 po

127 4439 208 4535 lest)
230 4443 455 4519 nobilissima¹
481 4450 635 4521 omnium
663 4449 756 4520 fient.
782 4448 1008 4541 Philosophia
1033 4458 1150 4519 autem
1176 4456 1213 4516 et
