2692 5024
128 592 185 652 -ltll
462 601 503 647 us
525 599 626 647 nanus
648 598 869 648 raittnramous

127 775 190 822 seu
215 750 293 822 coeli
320 748 535 819 inclementia
561 757 749 830 contracto,
769 748 893 819 Saonae
918 747 1126 821 subsistere
1143 775 1228 825 eoa-

125 884 203 944 ctus
224 871 351 944 acerba
370 870 454 941 mibi
473 879 587 941 morte
608 870 835 941 subtrabitur.
853 872 930 955 Qua
955 872 990 942 in
1020 895 1062 944 re
1090 876 1221 968 quibus

128 993 278 1085 longaevi
299 992 454 1087 parentis
475 1013 515 1062 ao
536 991 674 1063 miserae
694 993 815 1063 matris
835 992 1024 1065 orbitatem
1051 998 1219 1070 fratrum-

127 1137 195 1207 que
223 1114 443 1185 solitudinem
470 1135 510 1185 ac
537 1134 694 1203 sororum
723 1115 881 1185 lacrimas
907 1119 1130 1202 consolarer,
1157 1124 1219 1212 qui

129 1259 225 1308 meas
246 1236 403 1331 proprias
425 1235 533 1306 lenire
554 1258 619 1306 non
643 1238 813 1327 possem?
832 1237 954 1328 ltaque
974 1238 1078 1309 turba
1097 1262 1218 1312 terum

128 1348 402 1440 circumventus,
426 1359 489 1426 leci
510 1358 605 1448 quod
627 1359 661 1427 in
689 1356 813 1427 talibus
841 1360 949 1441 soleo,
978 1360 1113 1454 quique
1141 1386 1218 1435 mos

128 1481 310 1576 peculiaris
337 1477 471 1548 inertiae
496 1498 584 1546 meae
609 1488 681 1548 est:
710 1480 815 1564 statui
839 1500 887 1549 ex
912 1501 1020 1573 aequo
1047 1484 1215 1558 universa

128 1603 317 1694 negligere,
334 1601 399 1682 vel,
419 1599 449 1669 si
466 1619 617 1691 possem,
632 1601 736 1671 ctiam
750 1601 918 1673 oblivisci.
938 1603 995 1674 Sic
1013 1606 1142 1679 affecto
1160 1620 1213 1682 tua

129 1725 282 1796 incidens
296 1723 442 1814 epistola
462 1732 633 1814 torporem
651 1719 809 1806 abstulit,
828 1733 863 1793 et
880 1723 1091 1797 destitutum
1112 1740 1212 1823 atque

128 1847 300 1917 abiectum
333 1848 505 1916 calamum
532 1842 703 1924 restituit,
744 1853 813 1914 tam
845 1844 956 1916 dulcis
996 1851 1159 1938 gravitas
1181 1865 1214 1923 et

130 1981 198 2040 tam
218 1967 498 2059 gravisdulcedo
512 1966 631 2037 inerat.
652 1966 741 2036 Sane
757 1966 850 2058 quod
869 1966 958 2037 inter
975 1979 1110 2043 caetera
1133 1975 1214 2045 scri-

130 2101 225 2183 ptum
244 2099 333 2173 erat,
354 2088 480 2160 Airicae
506 2109 594 2159 meae
621 2108 745 2158 nomen
772 2089 949 2180 suspirare
976 2095 1036 2162 vel
1068 2093 1211 2166 invitum

130 2214 315 2305 compulit3
334 2233 448 2303 neque
468 2213 559 2282 enim
583 2214 679 2282 solus
700 2210 803 2304 coepti
826 2211 918 2281 illius
942 2214 1080 2286 exitum
1107 2238 1215 2311 expe-

130 2347 214 2408 ctas.
231 2336 313 2406 Mihi
328 2357 413 2406 vero
431 2335 623 2430 promptius
643 2336 687 2406 sit
703 2356 830 2406 arenas
848 2335 952 2405 maris
969 2346 1006 2407 et
1022 2341 1101 2410 cnli
1122 2353 1212 2412 astra

132 2480 325 2539 numeram,
354 2480 459 2548 quam
486 2468 609 2526 cuncta
635 2456 782 2527 sortunae
809 2455 985 2528 laboribus
1013 2462 1103 2532 meis
1130 2465 1212 2533 inri-

130 2578 245 2646 dentis
283 2578 471 2646 obstacula.
512 2578 632 2645 Finem
670 2579 813 2671 etipse
845 2580 998 2650 incertus
1037 2587 1211 2675 opperior,

132 2720 274 2791 prorsus
301 2720 344 2767 ne
366 2700 493 2766 frustra
520 2697 753 2787 vigilaverim,
783 2724 823 2772 ac
848 2701 930 2772 mibi
958 2704 1081 2774 saltem
1110 2707 1213 2778 studii

132 2821 199 2892 mei
222 2823 382 2912 voluptas
400 2820 529 2911 aliqua,
549 2823 711 2913 quamvis
739 2845 830 2906 sera,
859 2835 1029 2895 servetur.
1058 2828 1163 2910 Quod
1188 2833 1213 2900 si

134 2944 197 3012 rite
219 2942 443 3025 successerit,
467 2941 511 3012 ad
533 2942 599 3012 boc
624 2947 876 3036 qualecumque
904 2951 1141 3039 spectaculum
1164 2952 1215 3020 in-

134 3066 226 3154 genii
247 3063 378 3134 curabo
398 3085 442 3132 ne
468 3064 547 3154 quis
575 3074 608 3133 te
635 3065 827 3157 praeveniat
852 3066 886 3135 in
911 3067 1103 3140 orchestra.
1129 3073 1213 3141 Ulti-

134 3208 224 3255 mam
246 3187 435 3255 litterarum
460 3195 596 3256 tuarum
618 3188 820 3276 particulam
842 3187 1028 3259 subridens
1051 3192 1132 3281 legi.
1161 3195 1216 3262 lu-

134 3315 194 3375 vat
213 3306 305 3373 enim
330 3306 439 3376 morbi
462 3307 528 3375 mei
557 3308 686 3377 veteris
713 3310 799 3377 tales
826 3330 930 3378 nosse
956 3311 1159 3404 participes,
1183 3328 1214 3384 el

133 3427 289 3498 arbitrari
313 3449 418 3517 cogor
441 3451 505 3497 non
529 3427 679 3519 ignobile
693 3429 863 3512 accidens
878 3430 972 3521 quod
994 3432 1026 3498 in
1050 3434 1108 3503 tali
1132 3458 1218 3506 oon-

74 3527 80 3533 *
134 3549 263 3620 sederit
286 3549 452 3619 subiecto.
475 3550 633 3619 Solamen
655 3570 740 3620 vero
766 3552 921 3640 vulgaris
947 3553 1092 3645 eloquii,
1120 3561 1217 3648 qnod

133 3693 177 3738 ex
200 3693 254 3739 me
276 3673 400 3748 iocose,
429 3670 495 3738 nisi
522 3672 629 3753 fallor,
657 3671 789 3762 exigis,
817 3694 883 3763 ego
908 3696 954 3743 ex
989 3685 1036 3758 te,
1074 3677 1104 3745 si
1128 3682 1218 3750 sorte

134 3791 236 3861 animi
260 3793 387 3860 vulnus
409 3792 513 3861 tando
532 3792 751 3875 lentesceret,
773 3803 808 3862 el
829 3795 1042 3885 poscendum
1062 3798 1219 3871 dicerem

133 3921 168 3980 et
190 3911 409 4003 sperandum.

295 4114 419 4175 llisoone
439 4114 597 4177 versiculis
616 4133 717 4195 speras
739 4119 793 4179 tibi
812 4135 900 4198 posse
918 4119 1038 4179 dolores

295 4215 392 4290 :tttpie
409 4221 501 4275 aestus
518 4229 668 4294 ternasque
685 4233 793 4293 grates
811 4233 826 4276 e
843 4224 964 4294 pectore
980 4215 1074 4292 pelli?

134 4405 314 4495 Augentur
332 4413 445 4502 potius
464 4416 682 4506 alunturque.
704 4413 777 4484 Alia
795 4427 849 4484 est
867 4413 970 4503 igitur
988 4412 1095 4487 buius
1116 4425 1227 4514 aegri-
