2692 5024
127 623 186 684 aot
464 629 506 679 nn
526 628 628 678 annus
648 624 870 678 rnuuinnmus

127 782 232 856 tantis
248 768 426 852 laboribus
442 777 618 871 tantisque
635 772 928 868 periculin·quaeri
947 773 1045 858 solet
1066 772 1104 844 id
1119 774 1217 848 obla-

128 915 202 978 tum
222 905 313 976 ultro
334 910 567 974 contemnere.
593 899 677 970 Mox
701 897 859 969 certatim
894 918 1086 969 oneramur
1111 921 1211 978 auro,

127 1029 268 1101 domum
301 1027 389 1096 clam
416 1021 507 1095 taciti
538 1020 783 1102 convehimus,
813 1019 942 1092 abditis
967 1044 1033 1115 pro
1060 1032 1216 1116 tempore

128 1171 209 1246 quae
227 1147 405 1242 exportari
425 1167 495 1217 uno
515 1146 609 1216 fasce
628 1166 696 1217 non
717 1153 886 1238 poterant.
910 1145 982 1216 Hoc
1003 1147 1131 1229 semel,
1151 1146 1220 1218 boc

128 1275 253 1345 iterum
278 1279 315 1342 et
342 1270 468 1341 iterum
489 1268 646 1352 facimus,
668 1277 704 1338 et
724 1288 861 1362 semper
885 1267 1048 1339 avidius:
1077 1289 1220 1362 semper

127 1396 234 1479 enim,
256 1402 295 1466 ut
314 1404 437 1464 natura
464 1414 579 1462 rerum
612 1389 733 1474 babet,
754 1413 834 1463 oum
855 1392 1002 1485 pecnnia
1030 1393 1220 1468 solicitudo

126 1516 368 1611 cupiditasque
388 1511 577 1583 crescebat.
595 1511 690 1582 Ferit
708 1535 813 1583 aures
823 1511 968 1583 interim
985 1535 1150 1586 murmur
1167 1517 1221 1586 in-

41 1693 47 1704 .
127 1641 265 1719 visum;
288 1642 459 1706 secretum
480 1643 651 1718 nostrum,
675 1635 758 1705 nulli
778 1634 858 1706 licet
878 1635 1062 1720 creditum,
1090 1647 1218 1732 sponte

129 1782 194 1831 sua
212 1759 247 1829 in
268 1759 398 1851 vulgus
418 1769 592 1850 eruperat.
612 1758 682 1830 Nec
702 1759 750 1830 ita
770 1761 878 1830 multo
896 1767 976 1854 post
995 1761 1118 1832 nescio
1137 1763 1216 1856 quis

73 1960 76 1967 ,
128 1882 237 1956 maior
254 1881 416 1953 dominus
435 1883 587 1953 locorum
605 1881 738 1967 aderat,
757 1881 939 1955 vindicans
958 1883 1023 1954 sibi
1041 1882 1124 1956 iure
1144 1884 1238 1958 the*

128 2028 282 2078 snorum.
315 2004 521 2077 Obnitimur.
555 2005 641 2077 Hinc
673 2006 822 2101 primum
853 2008 957 2099 longa
981 2016 1017 2079 et
1037 2007 1217 2083 inamoena

128 2129 315 2223 colloquia,
339 2129 481 2201 indolis
503 2129 699 2223 minaeque3
720 2136 757 2200 et
783 2151 923 2222 semper
947 2129 1067 2203 litibus
1098 2132 1218 2206 iuncta

128 2251 300 2336 convicia,
328 2250 386 2324 illo
417 2251 543 2322 acriter
575 2257 733 2342 urgente,
762 2249 862 2323 nobis
888 2250 1157 2343 indignantibus
1184 2255 1216 2324 in

130 2386 249 2447 nostro
281 2383 418 2467 reperta
451 2374 552 2446 nobis
590 2375 677 2466 eripi
725 2376 884 2471 propitiae
923 2374 1013 2447 dona
1054 2379 1216 2450 sortunae.

130 2498 221 2568 Mille
247 2497 394 2569 subinde
427 2520 543 2568 rerum
572 2507 701 2580 motuS,
737 2508 772 2568 et
805 2499 895 2568 mille
928 2499 1086 2583 consilia,
1124 2526 1218 2574 nunc

131 2632 266 2692 matura
287 2630 322 2691 et
347 2630 462 2705 cauta,
489 2644 581 2691 nunc
613 2622 796 2692 temeraria
816 2631 851 2694 et
877 2621 1022 2704 acerba;
1044 2646 1126 2695 oum
1150 2627 1217 2698 iam

131 2744 176 2816 ad
201 2742 434 2814 resistendum
459 2765 523 2815 uos
550 2766 618 2814 non
646 2753 716 2815 tam
741 2755 860 2817 nostra
888 2745 1078 2838 cupiditas,
1107 2771 1217 2841 quam

131 2864 354 2938 inexorabilis
388 2865 581 2938 adversarii
615 2867 766 2960 superba
799 2866 944 2939 durities
971 2869 1215 2944 inflammaret.

131 2992 202 3062 lam
222 2990 267 3061 ab
287 2989 361 3061 ocio
378 2992 469 3062 ruris
490 2990 533 3063 ad
556 2991 688 3063 urbana
709 2991 868 3083 negotia;
891 2991 958 3063 iam
980 3015 1000 3062 a
1021 2993 1150 3065 studiis
1172 2997 1217 3068 ad

130 3134 227 3183 arma
262 3112 432 3196 translati,
459 3112 561 3185 novis
593 3136 752 3185 curarum
788 3114 983 3185 turbinibus
1009 3116 1215 3207 agebamur.

131 3236 204 3305 lam
228 3258 290 3326 pro
311 3236 498 3307 intentione
516 3237 675 3329 pervigili
692 3246 727 3307 et
744 3237 964 3330 inquisitione
982 3240 1217 3333 pulcherrima

132 3376 300 3428 novarum
322 3377 451 3440 rerum,
477 3379 609 3450 pernox
630 3358 746 3429 odium
765 3368 869 3452 atque
890 3359 940 3428 ira
959 3373 1215 3434 successerant.

131 3479 310 3549 Postremo
336 3478 402 3548 iam
434 3501 490 3550 res
517 3503 536 3551 a
558 3481 665 3572 litigio
685 3483 730 3552 ad
756 3482 884 3554 bellum
911 3506 950 3554 se
976 3493 1141 3557 verterat.
1165 3490 1216 3561 lta

132 3612 287 3675 mutatus
308 3603 499 3674 animorum
523 3612 649 3688 status,
672 3613 708 3674 et
734 3627 829 3698 saepe
857 3606 981 3699 reperti
1006 3610 1081 3679 auri
1103 3614 1216 3702 poeni-

77 3736 79 3739 ’
134 3725 236 3797 tebat.
268 3724 603 3819 Philosophabamur
624 3725 657 3795 in
676 3727 877 3799 insomniis:
906 3730 964 3801 ubi
984 3731 1094 3800 vitam
1117 3742 1228 3805 sere-'

132 3871 210 3919 nam
247 3856 351 3940 atque
385 3847 604 3940 tranquillam
646 3850 840 3942 liquimus‘.l
881 3853 967 3936 Quis
1007 3854 1109 3925 nobis
1149 3856 1214 3928 has

132 3992 293 4041 curarum
329 3969 573 4064 superinduxit
603 3971 739 4043 nubes?
765 3974 849 4058 Quis
882 3975 916 4045 in
949 3976 1014 4047 has
1043 3982 1215 4071 procellas

133 4113 197 4162 nos
233 4093 400 4186 impegit?
436 4090 490 4162 An
527 4092 773 4184 ignorabamus
814 4096 849 4165 in
886 4119 971 4167 auro
1015 4100 1214 4192 speciosam

134 4234 337 4298 aerumnam,
369 4225 404 4289 et
433 4216 648 4309 splendidam
677 4238 756 4288 esse
787 4219 988 4290 miseriam?
1010 4221 1215 4297 Necessitas

133 4357 212 4407 oum
232 4339 361 4412 divitiis
379 4341 516 4425 crescit,
539 4352 575 4411 et
594 4340 682 4434 fugit
698 4363 777 4412 oum
798 4342 1034 4415 mediocritate
1054 4345 1213 4420 felicitas.

134 4459 368 4532 Occurrebant
386 4463 573 4532 acervatim
594 4468 753 4557 exempla
773 4488 909 4551 eorum,
931 4466 1006 4560 qui,
1028 4469 1084 4539 vel
1104 4469 1139 4539 in
1160 4469 1216 4542 di-
