2692 5024
730 314 735 322 ο

605 650 868 703 rnouuooltltttou.

127 1228 207 1284 1325.
229 1226 319 1281 Laura
334 1225 368 1280 de
381 1173 472 1280 Nores
486 1222 566 1278 nubit
580 1220 690 1294 Hugoni
703 1220 743 1275 De
757 1220 838 1275 Sade.

130 2151 210 2208 1328.
231 2149 387 2206 Ludovicus
400 2147 548 2204 Bavaricus
566 2146 636 2219 Imp.
657 2145 831 2201 anathemate
849 2142 987 2215 plectitur.
1004 2142 1118 2197 lacobus
1160 2155 1186 2191 1⁰.

273 2233 409 2290 Columna
417 2232 453 2288 ad
463 2232 555 2288 Sancti
564 2231 685 2287 Marcelli
695 2237 797 2303 postes,
807 2229 836 2282 in
846 2228 925 2297 urbe,
934 2226 1119 2281 excommuni-

273 2316 388 2371 cationis
403 2316 568 2370 sententiam
582 2313 677 2384 affigit

130 2485 210 2540 1329.
231 2485 347 2540 lacobus
370 2484 505 2540 Columna
528 2481 731 2539 Lombcrieusis
757 2482 884 2537 Ecclesiae
903 2481 1055 2554 Episcopus
1078 2497 1119 2536 rc·
1160 2488 1186 2526 1⁰·

275 2568 431 2623 nunciatur.

132 3236 211 3291 1331.
233 3237 369 3292 lohannes
383 3238 528 3306 Columna,
539 3238 609 3293 cuia
619 3237 648 3291 S.
658 3235 719 3290 Vito
730 3252 847 3306 nomen,
859 3235 999 3291 Avenionc
1010 3236 1119 3306 relicta,
1164 3250 1193 3288 ui

275 3323 392 3376 Romam
406 3324 482 3393 petit.

132 3487 212 3541 1332.
234 3487 372 3542 Iohannes
390 3487 611 3559 Luceburgensis
624 3490 763 3545 Bohemiae
778 3506 825 3543 rex
840 3506 903 3543 cum
922 3488 1049 3559 Philippo
1068 3489 1121 3543 Va·
1164 3502 1189 3538 n.

275 3570 341 3623 lesio
355 3585 419 3639 rege
434 3571 587 3624 Galliarum
602 3571 692 3626 loedus
705 3573 770 3626 init:
787 3589 906 3644 cumque
921 3572 1029 3626 ltaliam
1046 3571 1122 3626 inva-

274 3654 364 3722 sisset,
376 3655 537 3708 Pontificcm
547 3656 697 3711 Maximum
707 3658 877 3711 Avenionem
887 3657 954 3726 adit,
964 3661 1006 3726 ut,
1017 3672 1049 3710 eo
1059 3672 1122 3728 pro-

275 3738 372 3806 bante,
387 3744 498 3808 geratur
511 3756 564 3792 res.

132 3904 212 3959 1333.
233 3903 432 3959 Columnenses
447 3905 481 3959 dc
495 3905 604 3960 Ursinis
613 3909 755 3963 victoriam
765 3909 867 3963 serunt.
880 3909 995 3964 Iacobus
1010 3910 1121 3981 Episco·
1164 3921 1193 3957 Nol

276 4006 328 4061 pus
342 3988 547 4044 Lombcriensis
562 3990 679 4044 Romam
693 3993 885 4063 proficiscitur.

235 4073 372 4129 lohannes
387 4072 464 4127 XXII
478 4074 559 4127 Pont.
575 4072 646 4128 Max.
666 4075 768 4145 innuit,
787 4093 816 4131 se
835 4077 953 4132 Romam
972 4076 1067 4130 sedem
1081 4091 1123 4129 rc·
1165 4083 1191 4119 ὓ·

275 4157 439 4212 ducturum:
460 4162 487 4211 et
505 4173 614 4211 sacrum
640 4157 744 4213 bellum
768 4160 863 4214 indicit
886 4160 920 4215 ad
943 4160 1122 4233 sepulchrum

276 4240 339 4293 lesu
356 4240 457 4295 Christi
475 4240 509 4295 D.
525 4239 559 4294 N.
576 4244 811 4314 recuperandum,
826 4245 955 4318 Philippo
969 4245 1045 4315 Rege
1061 4243 1123 4298 Gal·

276 4324 377 4377 tiorum
391 4341 501 4379 summo
514 4325 584 4380 duce
598 4328 777 4384 exercituum.
