2692 5024
626 629 889 683 ruonuomou.
970 704 977 715 ἱ

88 764 1043 795 -ἑ-ττ-Ἑ-,πὲῖ-τΞ--ἛΞῈΖ

350 872 462 927 ΙΝΙΤΙΛ
493 874 727 930 LITTERARUM

258 991 477 1032 aurulosrtco
509 992 623 1033 ououts
656 992 822 1034 orsrostrs

448 1112 489 1159 ΕΤ
511 1113 633 1163 uoulua

268 1214 354 1255 rosus
370 1214 403 1253 ao
420 1213 486 1262 ouos
502 1212 621 1251 tursum
633 1211 715 1252 missu
731 1213 806 1254 surm.
908 998 1043 1324 ji

120 1419 177 1491 Ego
193 1436 258 1476 vero
271 1419 343 1475 absit
354 1425 387 1474 ut
400 1419 573 1475 dissuadeam
578 1461 947 1475 ..............
965 1331 1043 1555 *l-

219 1490 254 1534 ltu
269 1491 379 1547 ignotum.

121 1569 230 1641 Eloquii
239 1569 384 1681 pplendor.
416 1609 974 1627 ....................
1027 1613 1033 1626 .

219 1642 235 1682 Δ
286 1638 374 1682 uoltum
388 1638 512 1695 virgilium
526 1638 651 1685 tturouom.

120 1718 250 1790 Epistola
263 1718 429 1790 principium
442 1724 507 1775 tuoe.
534 1760 974 1777 ................
1026 1764 1034 1777 .

219 1786 254 1830 Ad
268 1789 391 1843 agapitum
405 1787 541 1834 Columnam
555 1789 677 1835 lautorum.

120 1867 269 1940 Epistulam
283 1868 335 1922 sub
348 1873 396 1924 tuo
410 1870 531 1924 nomine.
564 1910 973 1925 ...............

217 1937 393 1984 lucumonem
407 1938 544 1995 Septimum.

120 2017 270 2090 Epistulam
284 2025 361 2073 tuam
375 2018 530 2092 apostolicis
534 2060 973 2076 ................

218 2087 252 2131 Ad
266 2089 412 2133 Franotsoum
428 2089 538 2133 Bruuum.

117 2167 268 2240 Epistolam
282 2176 359 2224 tuam
373 2171 415 2223 tir
428 2170 580 2224 clarissime
594 2171 705 2242 plenam
709 2213 973 2225 ..........

216 2238 250 2282 Ad
265 2238 423 2296 Pandulphum
437 2239 566 2285 ltalatosta.

118 2318 268 2391 Epistolum
282 2325 401 2377 vestram
415 2320 569 2375 charissimi
583 2321 697 2377 domini.
737 2364 973 2377 .........
1027 2364 1032 2375 .

215 2390 250 2433 Ad
263 2391 392 2436 filibertum
406 2401 433 2435 ao
448 2389 589 2436 ludovicum
603 2390 686 2438 tratres
700 2393 729 2437 do
743 2391 853 2447 Corrlgia.

119 2468 239 2543 Epistola
292 2472 380 2526 aedum
393 2488 498 2527 rooons.
530 2513 973 2526 ................

216 2539 251 2582 td
285 2544 414 2586 ranciscum
430 2540 543 2585 modicum
554 2541 691 2592 ,senensem

119 2619 239 2690 Epistola
293 2620 380 2674 aedam
394 2627 441 2674 tua
455 2636 553 2691 nuper.
589 2662 973 2676 ..............

217 2689 251 2732 ld
275 2690 412 2734 ‘rauctssum
426 2689 543 2733 modtoum
558 2688 692 2737 senensem.

119 2768 239 2840 Epistola
252 2775 340 2824 status
354 2770 394 2825 tui
408 2766 504 2824 nuntia
507 2811 974 2826 .................

218 2838 252 2882 ltu
267 2838 389 2884 iohannem
402 2839 432 2885 do
445 2839 564 2884 Certatdo.

119 2919 255 2992 Epistolas
268 2925 330 2975 tuas
343 2919 392 2976 diu
404 2921 589 2992 multumque.
621 2961 974 2975 .............

217 2989 252 3034 Ad
266 2990 367 3036 Marcum
381 2989 483 3036 Tullium
496 2990 641 3036 Ctoorouem.

122 3071 215 3143 Equus
228 3088 307 3126 meus
321 3071 436 3128 stabulis
449 3070 504 3128 tuis
517 3077 621 3144 pastus.
649 3114 974 3126 ............
1027 3114 1032 3124 .

217 3141 252 3185 ld
267 3142 377 3196 ignotum.

121 3222 192 3290 Ergo
206 3221 340 3289 quianon
354 3227 431 3292 potes
445 3223 519 3293 quod
532 3223 616 3277 velles
619 3263 974 3276 .............
1001 3240 1003 3293 Ι
1028 3264 1033 3275 .

220 3289 254 3331 Ad
270 3289 392 3334 iohannem
406 3290 484 3346 Epioe.
498 3291 673 3337 Olmutiensem.
1000 3302 1004 3511 ¹

122 3369 188 3423 Erat
200 3368 270 3422 sorte
284 3369 342 3423 dies
355 3370 442 3425 festus
445 3411 974 3424 ...................

217 3436 251 3480 Ad
266 3439 397 3483 Matthoeum
413 3440 525 3495 Longum.

121 3521 154 3574 Et
168 3518 348 3573 familiaribus
362 3521 435 3575 curis
449 3518 518 3574 meis
532 3520 640 3590 quibus.
678 3562 972 3575 ...........
1001 3516 1003 3535 '
1028 3565 1033 3575 .

216 3590 250 3633 Ad
266 3589 413 3634 Franciscum
426 3589 464 3633 SS.
480 3589 650 3645 Apostolorum.
1000 3544 1003 3665 1

121 3672 153 3725 Et
167 3670 299 3742 gaudium
312 3671 409 3742 iugens
423 3670 505 3726 verba
508 3711 974 3726 .................
1027 3716 1033 3726 .

216 3741 251 3784 Ad
265 3739 374 3785 Carolum
388 3741 417 3785 lV
432 3740 604 3796 imperatorem.
1000 3698 1003 3785 i

120 3821 153 3874 Et.
167 3821 301 3876 miramur
314 3822 337 3876 si
351 3822 469 3876 avaritia
484 3836 610 3891 regnum·
650 3860 974 3876 ············
999 3812 1003 3890 i

220 3891 253 3935 Ad
271 3893 383 3947 ignotum.
999 3904 1002 4115 Ι

120 3969 152 4022 Et
167 3971 261 4025 mirari
268 3978 351 4084 putes
366 3978 393 4027 ot
406 3971 521 4027 turbari.
562 4012 974 4026 ...............

218 4041 253 4083 Ad
285 4041 398 4097 utlippum
412 4041 489 4097 opizo.
504 4040 656 4086 Cavallloons.

120 4119 152 4173 Et
166 4126 269 4190 quanto
283 4127 363 4192 putas
376 4122 474 4191 gaudio
490 4128 599 4177 evectus
603 4161 828 4175 .........
842 4174 847 4184 ,
852 4163 973 4176 .....
1027 4166 1032 4176 .

221 4190 254 4232 Ad
269 4190 392 4234 iohannem
408 4191 485 4245 Episc.
499 4192 673 4237 Olmuttensem.
999 4128 1002 4269 ι

118 4270 152 4322 Et
166 4268 232 4339 quid
246 4268 336 4322 adhuc
348 4270 437 4324 haeros
449 4276 481 4326 ut
494 4289 559 4327 non.
587 4315 972 4326 ..............
999 4280 1001 4311 ⁵

219 4338 252 4382 ,td
269 4339 379 4394 ignotum.
998 4314 1001 4413 1

78 4420 90 4543 Ι,
119 4420 175 4474 Etsi
190 4419 224 4473 ab
239 4419 420 4474 adolescentia
424 4462 970 4476 ....................
998 4452 1001 4519 p
1026 4464 1031 4475 .

217 4488 249 4532 ld
264 4488 385 4533 iohannem
398 4489 427 4534 de
442 4490 538 4535 tltmtno.
