2692 5024
409 713 502 763 LIBER
522 712 695 763 SECUNDUS.
706 728 747 745 ··
756 711 912 763 nrlsrotl
933 713 977 762 nl.
1192 703 1228 764 97

152 860 210 931 sit:
226 857 348 930 iussus
368 877 408 927 es
430 855 641 927 Florentiam
661 855 727 940 ire,
749 863 785 927 et
804 854 873 927 illio
892 876 1051 941 manere,
1070 857 1183 930 donec
1200 869 1233 931 te

151 981 299 1074 populus
329 988 479 1051 revocet.
507 978 628 1050 Nonne
655 977 903 1051 animadvertis
937 988 1088 1071 quantas
1116 989 1233 1073 grates

151 1123 254 1195 agere
289 1101 421 1174 debeas
452 1099 716 1193 magistratibus
749 1100 831 1185 tuis,
869 1101 929 1194 qui
959 1110 994 1171 te
1023 1101 1098 1175 ocie
1130 1105 1233 1194 longo

150 1224 367 1317 consopitum
397 1223 612 1308 excitarunt,
643 1233 757 1295 etex
788 1222 954 1296 diuturna
981 1225 1234 1299 consuetudine

152 1346 316 1419 maternis
329 1345 497 1418 uberibus
511 1345 704 1417 haerentem
721 1344 958 1429 abduxerunt;
976 1356 1095 1439 teque,
1114 1369 1162 1419 ex
1173 1369 1236 1441 pu-

154 1469 219 1539 tria
239 1467 290 1562 (ut
307 1489 393 1562 pace
417 1480 477 1539 tua
495 1466 657 1561 dixerim)
679 1469 825 1539 multum
851 1467 990 1561 impari,
1007 1467 1042 1538 ia
1059 1468 1233 1541 civitatem

153 1589 433 1661 florentissimam
453 1587 603 1660 transire
624 1589 831 1661 voluerunt?
848 1591 920 1663 Hoc
937 1590 1078 1683 inquam
1094 1601 1237 1685 praeter-

153 1735 206 1799 co,
229 1712 393 1805 quoniam
420 1711 471 1784 sic
496 1730 619 1783 sumus
642 1712 845 1785 naturaliter
862 1714 986 1799 adecti,
1007 1724 1045 1786 ut
1070 1713 1235 1787 incultum

155 1837 233 1907 licet
252 1857 294 1907 ac
314 1835 495 1906 desertum
513 1837 709 1925 scopulum,
724 1834 785 1906 ubi
802 1846 901 1908 natos
919 1858 983 1907 nos
1000 1838 1238 1930 educatosque

155 1956 385 2041 meminimus,
407 1954 569 2027 omnibus
589 1956 866 2049 anteponendum
888 1957 990 2028 terris
1016 1957 1235 2029 arbitremur.

154 2078 255 2162 Quod
268 2077 298 2149 si
311 2076 497 2171 aliquando
508 2099 608 2150 error
616 2078 683 2149 iste
694 2088 861 2164 cessaret,
872 2079 1075 2171 ignosceres
1085 2081 1238 2172 prolecto

154 2203 313 2283 lortunae;
341 2200 446 2272 immo
471 2221 555 2271 vero
581 2200 721 2270 veniam
747 2212 900 2293 peteres,
919 2201 1015 2294 quod
1031 2199 1235 2273 beneficium

156 2344 259 2393 suum
279 2344 347 2392 non
368 2332 447 2393 ante
472 2321 690 2413 cognoveris.
711 2319 812 2395 Adde
835 2321 931 2414 quod
951 2322 1041 2394 duos
1059 2324 1237 2414 praeclarae

156 2442 280 2515 indolis
293 2442 381 2515 filios
399 2453 511 2514 tecum
529 2442 697 2528 eduxisti,
717 2443 863 2515 alterum
880 2440 1055 2528 iuvenem,
1074 2443 1236 2514 infantem

156 2588 239 2638 vero
255 2568 415 2649 alterum,
429 2566 696 2658 peropportuuis
708 2577 851 2639 aetatum
865 2566 1034 2658 gradibus
1047 2564 1235 2639 distantes:

156 2698 195 2760 ut
214 2689 343 2761 scilieet
366 2710 447 2760 cum
473 2687 530 2758 illo
554 2709 718 2760 curarum
744 2690 916 2764 sarcinam
943 2688 1064 2783 partiri
1088 2709 1235 2783 posses,

157 2834 235 2883 cum
255 2814 321 2885 hoe
339 2812 443 2886 etiam
464 2812 633 2886 oblivisci.
660 2813 747 2884 Hine
770 2813 976 2907 praesidium
1001 2813 1118 2898 videa,
1145 2811 1239 2882 illinc

158 2937 312 3007 solamen
334 2936 556 3028 profectionis
584 2945 663 3007 tuae.
696 2936 738 3007 Hi
770 2937 831 3007 tibi
856 2937 991 3009 dulcem
1016 2935 1163 3028 patriam
1188 2935 1240 3003 l-

157 3055 304 3128 cicbaut:
328 3055 394 3128 hos
418 3056 546 3128 habes:
571 3057 657 3150 quid
683 3057 830 3150 requiris
855 3056 974 3128 aliud?
998 3057 1174 3147 Expectas
1201 3063 1240 3124 ut

159 3201 250 3251 uxor
269 3178 509 3272 pudicissima,
531 3188 571 3250 ut
590 3190 753 3273 parentes
777 3177 908 3272 optimi,
935 3187 974 3269 ut
1000 3174 1241 3248 blandissimae

160 3301 240 3375 filiae
266 3301 502 3375 reviviscant?
524 3302 601 3373 Non
627 3301 703 3373 illos
730 3301 791 3371 tibi
814 3299 959 3373 exilium
984 3298 1149 3386 abstulit,
1176 3300 1242 3374 sed

160 3446 270 3495 mors:
291 3446 397 3517 quam
417 3446 497 3496 cum
518 3423 644 3495 totiens
664 3423 890 3495 insultantem
908 3432 944 3496 et
963 3445 1081 3496 rerum
1102 3431 1240 3495 tuarum

160 3545 363 3619 dulcissima
382 3568 534 3640 quaeque
551 3547 743 3640 rapientem
760 3547 905 3633 viceris,
924 3569 993 3621 non
1010 3546 1121 3620 debes
1137 3544 1243 3618 exilio

162 3668 269 3754 vinci,
287 3668 382 3763 quod
402 3679 435 3742 te
454 3670 570 3743 omnia
588 3670 672 3742 vitae
692 3668 818 3762 prioris
844 3669 1066 3752 adminicula,
1091 3676 1127 3738 et
1151 3684 1240 3757 prae·

160 3792 262 3886 cipue
281 3804 393 3877 natos,
413 3801 588 3864 tantorum
613 3792 798 3886 pignorum
823 3791 1003 3884 reliquias,
1022 3789 1158 3860 aulerre
1175 3805 1245 3857 non

162 3913 331 4007 prohibet.
352 3915 484 3986 Verum
502 3936 585 4006 ego,
607 3923 646 3986 ut
664 3914 754 4002 dixi,
769 3925 805 3985 et
821 3909 1076 3993 hoesolatium,
1092 3917 1129 3978 et
1141 3926 1245 3979 omne

154 4040 256 4132 ‚quod
280 4043 429 4112 lortunae
452 4039 578 4111 ictibus
606 4039 800 4111 subiectum
821 4045 888 4122 est,
923 4035 1018 4106 sileo.
1045 4029 1138 4114 Scio,
1164 4047 1246 4120 quae

163 4162 307 4256 patriam
321 4162 479 4247 abstulit,
494 4161 530 4233 in
547 4159 639 4234 filios
654 4161 711 4233 ius
728 4159 870 4232 habere.
888 4155 1007 4228 Redeo
1020 4152 1065 4225 ad
1078 4150 1246 4223 virtutum

164 4286 342 4358 stabiliora
366 4284 548 4379 praesidia,
575 4305 664 4377 quas
690 4282 752 4354 tibi
778 4303 844 4352 nec
867 4277 997 4352 civium
1022 4285 1163 4348 tuorum
1185 4269 1248 4343 de-

165 4419 270 4492 creta,
292 4429 357 4479 nec
378 4406 523 4500 imperia
544 4418 783 4504 tyrannorum,
805 4425 868 4485 neo
887 4399 1094 4496 praedonum
1114 4395 1248 4468 violen-

166 4524 224 4611 tia,
243 4550 308 4601 mo
327 4529 489 4603 nocturni
508 4532 605 4603 fures
625 4526 781 4624 eripient.
803 4526 886 4597 llaec
903 4522 933 4597 si
950 4533 1065 4595 tecum
1081 4512 1246 4596 detulisti,

319 4657 335 4696 r.
1108 4638 1124 4687 *l
