2692 5024
386 705 480 757 nuae
501 706 889 760 succubus-sussum
909 712 938 761 v.
1142 700 1198 765 tol

543 998 721 1067 epistota
750 1001 783 1064 V.

230 1190 424 1244 Fulnclsctts
443 1193 612 1245 Pnrnancl
632 1195 766 1244 leullrtltl
788 1193 945 1245 COLUMNA:
967 1196 993 1247 S.
1015 1198 1043 1247 P.
1065 1196 1095 1248 D.

341 1371 472 1426 Animam
490 1373 578 1427 multa
591 1372 649 1445 pati
662 1389 696 1427 ex
709 1374 832 1446 corporis
846 1374 983 1430 societate.

219 1598 277 1671 Ex
295 1597 418 1670 itinere
438 1598 554 1671 medio
574 1599 779 1672 redeuntem
803 1600 986 1692 epistolam
1012 1611 1108 1675 tuam
1127 1605 1204 1680 avi-

123 1721 268 1796 dissime
286 1721 443 1814 suscepi:
461 1720 624 1813 optabam
648 1721 742 1793 enim
768 1723 869 1794 solito
892 1724 998 1796 etiam
1024 1726 1202 1803 ardentius

124 1852 252 1916 statum
273 1852 371 1915 tuum
392 1866 599 1937 prosperum
625 1844 757 1930 audire,
777 1846 872 1938 quod
889 1846 1018 1920 amoris
1044 1850 1201 1938 comites,

124 1968 221 2038 zelus
232 1974 269 2037 et
281 1962 392 2050 timor,
414 1988 477 2058 per
489 1964 683 2038 absentiam
699 1976 872 2038 crescunt.
890 1966 1055 2061 Angebar
1072 1982 1201 2058 autem,

124 2098 159 2161 et
178 2087 355 2161 turbatum
374 2097 450 2159 erat
474 2108 534 2159 cor
558 2109 692 2172 meum3
718 2089 885 2182 quoniam
909 2101 944 2162 et
969 2090 1145 2163 turbatum
1171 2101 1205 2165 te

123 2211 333 2283 discessisse
351 2231 532 2295 noveram,
554 2220 591 2282 et
611 2211 690 2296 hos,
711 2211 772 2303 qui
787 2211 974 2284 turbationi
999 2223 1071 2285 tuae
1096 2222 1205 2288 mate·

125 2334 213 2405 riam
239 2333 475 2427 prebuerant,
497 2331 619 2405 nefarii
650 2320 723 2405 voti
743 2345 919 2426 compotes
949 2334 1112 2406 videbam
1136 2334 1205 2407 sub

123 2456 233 2528 ocubs
252 2453 341 2526 meis
363 2456 462 2526 velot
481 2455 734 2548 triumphaliter
753 2454 949 2540 obversari,
965 2455 1060 2547 quod
1071 2463 1149 2527 etta
1169 2436 1204 2526 in

123 2578 266 2651 exilium
286 2577 514 2671 pepulissent,
537 2587 572 2648 et
592 2600 648 2649 me
668 2577 855 2671 praesentia
871 2577 943 2649 oris
961 2576 1010 2649 tui
1026 2577 1206 2651 convictu-

126 2723 195 2794 que
223 2700 339 2774 sobrio
360 2723 401 2773 ao
424 2700 617 2774 delectabili
644 2701 862 2794 spoliassent.
889 2702 1101 2774 Terruerant
1119 2722 1207 2795 quo-

126 2846 194 2917 que
213 2846 270 2896 me
288 2826 367 2897 visa
388 2846 478 2910 mea,
499 2833 535 2896 et
555 2824 769 2896 somniorum
786 2824 968 2917 imagines,
988 2846 1069 2920 quae
1087 2824 1207 2899 turbo-

126 2947 230 3018 lentae
249 2947 346 3018 miris
365 2948 479 3020 modis
498 2956 535 3019 et
559 2948 706 3035 intesta,
727 2951 834 3020 semel
850 2959 886 3019 et
904 2947 1029 3020 iterum
1056 2949 1206 3019 animam

126 3068 330 3142 dormientis
356 3069 591 3165 impleverant.
615 3072 692 3143 Non
717 3071 812 3164 quod
838 3071 1034 3162 ignorarem
1063 3069 1207 3142 somniis

127 3200 258 3264 temere
276 3213 347 3264 non
365 3191 564 3265 habendam
585 3191 704 3278 fidem3
726 3193 788 3264 sed
809 3193 861 3263 sic
880 3202 944 3263 est.
967 3192 1040 3264 Hoc
1064 3192 1129 3263 iter
1153 3192 1208 3264 in-

127 3337 274 3407 gressus
295 3338 390 3400 sum,
410 3314 475 3387 iter
495 3316 573 3388 dico
593 3315 677 3388 vitae
697 3316 803 3387 huius
817 3314 964 3388 labentis
982 3316 1028 3389 ad
1045 3325 1207 3400 mortem3

127 3439 162 3509 io
181 3460 252 3533 quo
270 3446 306 3510 et
323 3446 477 3510 aestuare
494 3449 627 3532 oportet
643 3447 678 3510 et
694 3442 824 3530 algere:
841 3448 877 3511 et
892 3441 1032 3526 tamem,
1052 3448 1089 3511 et
1104 3438 1206 3525 sitim,

127 3572 163 3634 et
182 3583 357 3645 somnum,
378 3569 414 3633 et
435 3561 559 3633 somnii
580 3561 706 3647 minas,
729 3571 833 3655 atque
858 3562 1027 3655 ambages
1053 3572 1089 3633 et
1112 3560 1210 3654 quie-

128 3695 197 3757 tern
224 3683 400 3757 turbidam
433 3685 572 3769 sentire,
601 3685 753 3776 denique
785 3687 894 3756 multa
920 3685 1001 3777 pati,
1023 3684 1134 3755 donec
1154 3681 1210 3753 illa

129 3805 204 3877 dies
235 3814 419 3900 expectata
450 3806 539 3900 piis,
577 3805 762 3879 formidata
793 3804 1008 3888 nocentibus,
1030 3804 1209 3875 mortalem

129 3926 224 3999 hunc
242 3948 307 4000 nos
325 3938 434 4001 exuat
453 3928 632 4014 amictum,
649 3938 686 4001 et
698 3930 832 4002 animos
850 3928 1001 3999 nitentes
1020 3924 1065 3995 ad
1083 3945 1212 4018 supera

128 4049 174 4122 de
194 4050 418 4144 compedibus
439 4051 581 4124 tandem
600 4052 707 4124 huius
733 4052 934 4143 caliginosae
961 4045 1119 4120 stationis
1144 4046 1213 4117 eri·

128 4170 210 4265 piat.
233 4172 366 4244 interea
389 4174 501 4245 iateor
527 4173 603 4268 (nec
626 4174 731 4264 longa
756 4172 817 4242 via
832 4169 916 4263 est),
936 4167 1139 4262 passionum
1160 4166 1213 4238 in-

129 4294 293 4380 sultibuS,
321 4295 492 4388 quidquid
524 4295 569 4368 de
600 4294 657 4365 his
686 4305 747 4366 aut
776 4291 941 4365 sedandis
967 4299 1028 4363 aut
1052 4288 1212 4363 tollendis

129 4416 326 4510 philosophi
343 4416 534 4511 disputent,
552 4416 724 4512 quidquid
740 4417 776 4487 in
794 4436 832 4486 se
849 4412 907 4483 alii
920 4413 1084 4498 sentiant,
1098 4411 1213 4486 adhuc

129 4538 233 4612 valde
253 4560 335 4611 sum
353 4538 540 4614 obnoxius.
562 4541 647 4613 llaec
666 4538 751 4611 mihi
771 4536 928 4610 nascenti
952 4539 1012 4611 lex
1036 4557 1118 4609 cum
1137 4556 1214 4609 cor-
