2692 5024
188 672 248 737 238
525 686 568 737 nn
587 686 689 739 mous
708 688 930 741 summamus
1047 722 1050 727 -
1189 699 1195 709 ·

188 834 360 928 Equidem
377 836 509 908 trustra
527 835 573 909 de
592 836 838 936 comparativis
857 837 974 930 litiges
998 836 1058 910 ubi
1074 836 1122 911 ad
1141 858 1270 933 supcr-

188 959 294 1031 lativa
323 969 530 1053 perventum
561 969 628 1033 est.
660 960 745 1032 Falli
776 982 846 1034 non
870 967 990 1056 potes:
1023 961 1195 1055 optimum
1225 982 1269 1035 ac

189 1082 380 1155 maximum
400 1082 468 1154 erit
484 1081 655 1176 quidquid
673 1083 840 1176 elegeris3
860 1081 941 1155 licet
960 1083 1006 1157 de
1030 1083 1098 1157 bac
1115 1106 1156 1157 re
1175 1083 1268 1159 inter

188 1203 336 1277 amicum
357 1214 455 1277 tuum
479 1206 583 1279 clarae
607 1205 784 1279 memoriae
811 1205 1097 1279 bomberiensem
1120 1207 1267 1301 Episco-

187 1350 271 1423 pum
288 1327 472 1412 iacobum,
490 1337 527 1398 et
551 1348 620 1411 me,
647 1324 771 1399 crebro
789 1318 1021 1423 disceptatum
1045 1350 1127 1401 esse
1144 1328 1267 1401 memi-

188 1454 317 1537 nerim3
337 1451 395 1522 illo
414 1471 476 1544 per
495 1450 647 1542 vestigia
665 1460 723 1523 tna
749 1472 887 1543 semper
906 1472 976 1524 uno
1004 1473 1066 1524 ore
1095 1450 1266 1548 Hieronp-

188 1597 296 1660 mum,
324 1595 380 1645 me
396 1593 483 1645 vero
502 1570 739 1665 Augustinum
759 1573 851 1647 inter
869 1574 1057 1669 scriptores
1074 1572 1265 1647 catholicos

113 1758 118 1767 .
187 1698 404 1794 praeferente.
423 1697 469 1767 Et
490 1717 589 1782 sane,
610 1697 776 1791 sineque
799 1697 980 1770 veritatem
1010 1718 1124 1791 neque
1149 1706 1185 1769 te
1203 1718 1266 1770 ve-

187 1844 266 1895 rear
282 1818 470 1905 offendere,
491 1819 621 1907 dicam,
648 1829 761 1916 pater,
780 1818 874 1913 quod
900 1817 1022 1892 sentio.
1048 1819 1137 1892 Cum
1157 1822 1267 1895 multa

187 1945 286 2019 uaria
308 1955 345 2018 et
367 1943 541 2017 luminosa
565 1943 636 2017 sint
655 1943 787 2031 sidera,
813 1952 853 2015 ut
877 1943 924 2017 sit
950 1941 1009 2016 hic
1032 1941 1173 2039 lupitcr,
1208 1942 1265 2017 bic

186 2067 372 2153 Arcturus,
399 2066 457 2138 hic
488 2066 644 2150 Lucifer,
667 2066 726 2137 Sol
749 2066 916 2139 Ecclesiae
946 2064 1168 2159 Augustinus
1198 2074 1264 2138 est.

187 2193 258 2266 Sed
281 2192 372 2275 hmo,
393 2202 434 2263 ut
453 2188 542 2276 dixi,
563 2188 660 2263 baud
679 2186 797 2282 magni
815 2188 982 2261 momenti
1000 2187 1161 2272 fecerim
1177 2208 1266 2283 quo-

186 2319 280 2389 niam
302 2326 338 2389 et
360 2314 482 2388 electio
502 2322 574 2386 tuta
594 2323 663 2398 est,
685 2322 721 2383 et
744 2311 851 2384 libera
878 2310 1006 2384 debent
1022 2331 1106 2383 esse
1125 2310 1264 2385 iudicia

186 2437 245 2524 At,
264 2437 358 2533 quod
374 2437 545 2530 sequitur,
569 2446 601 2508 te
621 2436 712 2505 inter
727 2435 875 2506 morales
892 2432 1068 2505 Valerium
1089 2435 1264 2530 praeierre,

185 2562 265 2655 quis
290 2583 359 2633 non
386 2560 550 2651 stupeat?
581 2558 612 2631 si
648 2567 765 2629 tamen
802 2557 894 2629 serio
926 2568 1266 2652 perseveranterque

185 2683 317 2756 dictum
336 2690 407 2766 est,
429 2690 465 2752 et
483 2702 552 2752 non
570 2678 704 2752 iocandi
725 2679 949 2774 tertiandique
965 2680 1092 2753 animo.
1113 2679 1152 2751 Si
1170 2681 1264 2752 enim

185 2806 345 2878 Valerius
365 2804 498 2899 primus
515 2814 581 2888 est,
600 2812 742 2896 quotus,
763 2825 895 2898 quaeso,
917 2806 1013 2877 Plato
1032 2807 1112 2877 est‘l
1128 2804 1265 2889 Quotus

185 2928 407 3013 Aristoteles,
436 2936 563 3020 quotus
594 2926 735 3013 Cicero,
769 2938 896 3023 quotus
929 2926 1084 3002 Annaeus
1109 2930 1264 3011 Seneca,

184 3074 289 3147 quem
307 3051 344 3123 in
363 3052 430 3124 hac
454 3074 492 3123 re
517 3051 636 3145 magni
659 3050 800 3145 quidem
833 3053 1075 3124 aestimatores
1098 3028 1264 3124 omnibus

185 3177 434 3270 praetulerunt?
445 3174 519 3246 Nisi
533 3174 616 3246 illud
631 3175 721 3247 forte
738 3175 914 3246 Platonem
927 3196 969 3247 sc
981 3173 1130 3245 Tullium
1142 3176 1264 3245 exclu-

186 3297 249 3380 dit,
292 3298 406 3392 quod,
444 3297 479 3369 in
510 3297 676 3393 epistolae
707 3306 777 3369 tuae
810 3305 906 3391 parte
938 3299 1146 3390 perlectum,
1181 3296 1266 3368 novi

187 3421 271 3492 mihi
293 3420 443 3515 stuporis
461 3442 567 3494 causa
586 3421 665 3507 luit,
686 3419 743 3492 ubi
761 3419 878 3491 nescio
895 3419 978 3513 quid
997 3421 1168 3511 cogitans,
1189 3419 1265 3492 illos

185 3552 307 3639 poetas
326 3565 419 3629 csse,
446 3556 482 3616 et
513 3554 693 3640 poetarum
717 3542 833 3615 choris
858 3542 1080 3615 adnumerari
1105 3551 1266 3636 oportere

185 3667 324 3751 dixisti3
345 3669 439 3760 quod
465 3667 495 3738 si
515 3667 689 3760 loquendo
713 3664 882 3760 consequi
911 3674 1025 3759 polea,
1049 3667 1127 3759 plus
1147 3665 1265 3759 egeris

185 3794 334 3865 sortasse
358 3813 464 3885 quam
490 3799 608 3882 putas:
643 3791 797 3862 secundo
829 3788 999 3885 Apolline,
1030 3797 1067 3861 et
1096 3791 1265 3884 plauden-

187 3914 280 3987 tibus
306 3914 426 4005 musis,
452 3933 599 4004 magnos
624 3912 713 3984 duos
746 3913 875 3985 incolas
901 3911 1076 3984 umbrosis
1099 3911 1265 3985 Parnassi

186 4036 332 4110 collibus
352 4036 539 4109 addideris.
564 4035 610 4110 At
634 4034 733 4130 quid,
760 4057 835 4121 oro,
863 4046 897 4107 te
927 4035 1036 4107 movit
1060 4045 1100 4107 ut
1124 4034 1160 4107 id
1192 4035 1265 4129 opi-

187 4160 321 4233 nareris
346 4171 406 4233 aut
436 4160 585 4246 diceres,
621 4183 700 4233 cum
730 4159 860 4232 Tullius
897 4159 932 4229 in
957 4158 1134 4252 prioribus
1168 4158 1265 4231 libris

189 4305 346 4356 summus
365 4295 496 4371 orator,
530 4286 566 4356 in
585 4283 717 4357 ultimis
741 4283 968 4378 philosophus
992 4282 1139 4356 illustris
1159 4306 1267 4381 appa·

189 4411 291 4478 reat‘l
315 4408 411 4480 Sicut
430 4416 545 4482 autem
581 4408 708 4502 ubique
732 4405 896 4500 Virgilius
917 4416 1031 4501 poeta,
1059 4406 1111 4479 sic
1132 4407 1267 4479 Tullius

189 4549 381 4622 nusquam3
411 4530 584 4622 quoniam,
623 4531 724 4602 utin
755 4529 1064 4604 declamationibus
1095 4530 1264 4622 legimus,
