2692 5024
416 114 503 157 lllttllt
530 114 860 157 l‘ltltlt's.-tumult
888 117 922 157 ll.

130 261 318 332 infantibus
339 262 565 331 colludentem
588 284 655 331 non
672 261 798 345 oderit,
820 270 881 329 aut
901 260 1024 344 rideat,
1048 263 1103 330 vel
1122 284 1207 354 pue-

130 407 208 456 rum
228 404 353 455 canum
380 393 440 455 aut
458 383 682 479 podagricum
703 406 773 456 non
792 381 1056 466 miretur.de
1081 394 1205 472 autem,

128 527 268 600 quaeso,
290 506 335 578 ad
355 528 491 579 ornnem
510 506 726 601 disciplinam
746 516 817 579 tam
837 506 935 593 utile,
956 506 1026 580 imo
1051 518 1122 581 tam
1146 531 1208 580 ne

129 630 324 703 cessarium
342 639 411 717 est,
430 651 534 722 quam
547 629 701 723 ipsarum
715 629 908 702 litterarum
924 631 1036 724 prima
1047 632 1205 726 cognitio,

130 754 167 823 in
197 751 325 846 quibus
349 752 501 824 omnium
527 751 720 824 studiorum
745 752 968 825 lundumente
992 752 1209 826 consistunt?

132 875 201 947 Sed
217 896 272 954 en¹
282 874 437 959 diverso,
459 874 544 967 quid
565 897 648 947 sene
664 874 887 947 ridiculosius
907 877 943 947 in
960 877 1087 949 talibus
1107 900 1209 950 occu-

130 999 237 1090 pato?
257 997 309 1067 Tu
327 1020 412 1090 ergo
434 999 527 1069 senis
548 997 597 1069 tui
617 997 806 1091 discipulos
827 998 914 1070 meis
933 999 1051 1071 verbis
1066 1001 1207 1092 excita,

131 1142 242 1214 neque
261 1119 453 1205 deterreas
472 1120 535 1191 sed
552 1120 700 1205 hortare,
722 1143 792 1192 non
812 1119 951 1214 quidem
973 1132 1012 1193 ut
1031 1121 1088 1193 ad
1101 1124 1210 1196 diale-

131 1244 265 1329 cticam,
284 1243 348 1316 sed
368 1253 407 1314 ut
422 1265 483 1334 per
501 1264 578 1314 eam
598 1242 642 1314 ad
662 1242 804 1316 meliora
815 1245 985 1317 festinent.
1001 1247 1081 1317 Seni
1093 1256 1209 1318 autem

132 1365 202 1450 dic,
224 1388 292 1438 non
311 1388 367 1437 me
383 1365 542 1437 liberales
560 1375 653 1436 artes
673 1366 850 1452 damnare,
873 1367 935 1439 sed
953 1389 1054 1439 senes
1067 1391 1205 1461 pueros.
1307 1371 1311 1377 ’

133 1485 177 1557 Ut
195 1485 287 1558 enim
306 1486 390 1557 nihil
408 1485 629 1558 elementario
651 1507 733 1557 sene
751 1485 903 1578 turpius,
926 1484 1020 1578 quod
1039 1486 1087 1559 uit
1105 1488 1210 1558 Sene-

133 1631 188 1696 ce,
207 1608 260 1680 sic
275 1608 360 1680 nihil
375 1607 554 1682 dialectico
573 1630 655 1680 sene
670 1607 870 1679 deformius.
888 1609 932 1678 Et
945 1607 975 1678 si
988 1607 1208 1702 syllogismos

133 1740 291 1802 eructare
306 1732 462 1825 ooeperit,
484 1733 581 1824 fuge,
602 1734 759 1814 consulo,
777 1751 819 1802 ac
831 1728 911 1801 iube
922 1729 1016 1802 illum
1031 1730 1208 1822 disputare

129 1875 211 1925 cum
227 1853 408 1926 Encelado.
428 1855 522 1926 Vale.

164 2064 166 2068 ἱ
257 1984 421 2063 drimano,
434 1993 459 2048 V
472 1993 539 2049 Idus
552 1995 650 2050 Martii.

541 2371 718 2437 EPISTOLl
738 2371 793 2436 Vll.

239 2568 431 2622 rnuncrscus
448 2569 616 2618 carnuncn
634 2567 751 2619 rnoun
767 2566 962 2618 uassnmusr
979 2566 1005 2613 s.
1023 2566 1050 2613 Ρ.
1069 2565 1099 2614 n.

276 2750 349 2818 Quid
363 2751 397 2805 de
411 2748 566 2805 inventione
580 2753 607 2801 ot
620 2747 654 2802 de
667 2746 770 2818 ingenii
783 2745 809 2800 vi
823 2744 998 2801 sentiendum
1012 2745 1057 2802 sit.

230 2971 322 3057 Quid
342 2972 514 3063 agendum
536 2971 597 3042 tibi
615 2969 660 3042 sit
675 2969 827 3041 consulis
845 2968 880 3038 in
900 2975 1055 3040 costato
1080 2966 1114 3036 in
1140 2987 1209 3056 quo

130 3097 201 3168 lere
216 3095 328 3168 omnis
347 3094 570 3166 scribentium
590 3094 692 3166 turba
712 3102 781 3166 est:
798 3090 939 3186 quando
951 3099 986 3159 et
1006 3110 1071 3160 sua
1084 3086 1208 3177 cuique

130 3241 199 3291 non
216 3217 404 3302 sufficiunt,
430 3228 465 3289 et
489 3217 539 3289 uti
563 3217 670 3310 pudet
694 3216 830 3300 alienis,
857 3224 892 3285 et
917 3210 1052 3280 interim
1077 3230 1098 3278 a
1124 3206 1209 3276 scri-

129 3338 245 3412 bendo
265 3362 404 3412 cessare
419 3363 488 3411 non
512 3338 593 3410 sinit
609 3339 685 3432 ipsa
711 3360 825 3411 rerum
852 3332 1011 3415 dulcedo,
1038 3327 1210 3420 insitoque

128 3465 326 3536 mortalium
347 3463 472 3536 animis
493 3461 612 3552 gloriae
625 3460 809 3553 cupiditas.
824 3458 879 3527 Sic
892 3456 1010 3546 itaque
1022 3451 1208 3544 perplexus

130 3595 234 3680 atque
251 3587 421 3659 haesitans
443 3586 487 3658 ad
509 3605 564 3654 me
584 3583 688 3654 redis.
714 3580 868 3651 Primum
895 3573 1046 3645 omnium
1073 3570 1210 3641 consul·

129 3708 199 3797 tius
219 3712 334 3782 luerat
364 3709 542 3781 certiorem
575 3703 705 3776 adiisse
732 3700 979 3780 consultorem,
1007 3714 1122 3788 aquo
1153 3692 1209 3763 vel

128 3837 237 3906 multa
255 3843 291 3904 et
307 3830 423 3916 varia,
441 3832 498 3902 vel
515 3850 623 3902 unum
644 3824 889 3919 quodcumque
907 3819 1073 3913 optimum
1090 3826 1125 3888 et
1140 3817 1209 3886 ele·

128 3957 323 4029 ctissimum
339 3964 448 4038 esset,
470 3951 675 4045 accepisses.
697 3944 884 4020 Enimvero
904 3964 994 4015 nunc
1011 3939 1055 4013 ad
1081 3938 1207 4011 ostium
