2692 5024
196 645 255 708 378
531 656 574 705 nn
595 654 697 707 onnus
718 654 941 709 ruminamus

195 830 276 881 cum
306 807 377 902 spei
411 828 467 879 res
500 807 576 899 ipsa
609 806 830 889 succederet;
862 815 898 878 et
928 805 999 879 iam
1032 827 1105 879 non
1138 830 1285 882 cursum

197 929 312 1016 modo,
342 930 405 1003 sed
437 932 591 1002 volatum
618 928 824 1013 meditabar,
851 927 1071 1022 videbarque
1095 930 1181 1003 mihi
1204 932 1283 1006 sine

198 1058 267 1129 ullo
283 1054 414 1128 laboris
431 1073 539 1126 sensu
560 1052 665 1147 Alpes
685 1052 852 1125 Bononiae
877 1052 1092 1126 transiturus
1118 1053 1284 1150 (Apenni-

197 1202 281 1263 num
302 1177 498 1269 vulgariter,
513 1175 635 1271 Alpem
655 1174 755 1269 dixi).
777 1173 862 1247 lude
877 1176 970 1247 enim
988 1175 1224 1270 improvisus,
1246 1177 1287 1249 li·

197 1311 255 1375 cet
273 1325 340 1375 non
362 1300 619 1394 inexpectatus‚
646 1298 715 1371 tuis
745 1307 781 1369 et
809 1299 998 1372 amicorum
1016 1298 1132 1373 oculis
1155 1299 1286 1374 adesse

198 1427 434 1499 decreveram.
453 1421 652 1494 Accedebat
670 1421 764 1515 quod
781 1420 862 1494 hinc
877 1422 1058 1516 potissime
1075 1424 1186 1518 ooepti
1204 1445 1285 1519 ope

199 1549 248 1619 ris
271 1546 479 1620 adminicula
505 1543 756 1637 sperabantur;
780 1544 913 1650 quibus
935 1565 1034 1617 mora
1065 1546 1188 1618 omnis
1224 1548 1282 1620 ini·

198 1670 288 1741 mica
307 1677 392 1740 erat.
414 1665 548 1760 Quippe
570 1688 651 1738 cum
678 1687 742 1738 nec
768 1667 924 1741 celeritas
944 1677 1069 1741 exacta
1090 1669 1276 1754 suffecerit

199 1791 284 1886 quid
303 1790 442 1863 dicam?
465 1789 544 1863 Scio
570 1811 627 1861 res
654 1789 784 1863 solidas
809 1811 902 1874 esse,
930 1812 1013 1884 spes
1038 1793 1189 1878 inanes3
1215 1794 1279 1867 seio

199 1914 294 2009 quod
313 1914 373 2006 qui
394 1935 493 2006 spem
514 1913 642 2006 perdit,
664 1912 749 1984 nihil
768 1913 904 2009 perdit;
931 1914 1047 1987 minus
1072 1914 1171 1989 dixi:
1199 1920 1277 1991 mul

199 2051 273 2113 tum
295 2058 379 2111 vero
399 2039 575 2118 lucratum
596 2046 631 2109 et
652 2046 766 2109 tamen
782 2047 951 2128 expertus
968 2038 1092 2130 loquor
1107 2065 1117 2122 ;
1135 2050 1176 2112 ut
1193 2043 1274 2115 nullt

200 2167 311 2238 minor
335 2165 467 2236 iactura
491 2184 596 2256 quam
624 2161 713 2255 spei,
741 2162 792 2234 sic
817 2164 908 2234 nulla
940 2159 1134 2233 molestior.
1171 2165 1277 2237 Causa

199 2300 268 2375 est,
295 2289 377 2382 quia
410 2306 505 2381 saepe
529 2285 639 2381 pluris
664 2285 753 2356 fiunt
777 2296 926 2378 sperata,
953 2305 1061 2378 quom
1088 2306 1279 2377 possessa;

201 2424 236 2486 et
268 2434 360 2505 saepe
393 2420 561 2503 quantum
593 2432 657 2482 nos
683 2430 765 2503 spes
798 2431 913 2478 rerum
947 2407 1075 2480 blanda
1110 2411 1275 2491 lelellerit,

201 2532 423 2627 adipiscendo
448 2533 703 2624 cognoscimus.
737 2530 823 2601 Hinc
854 2541 972 2602 estut
1003 2533 1172 2624 quotiens
1207 2544 1279 2605 ante

200 2660 476 2752 experimentum
500 2679 581 2749 spes
602 2655 744 2739 interiit,
770 2655 870 2746 gravi
896 2677 959 2726 nos
985 2655 1213 2730 incommodo
1237 2659 1279 2729 al·

201 2786 309 2857 sectos
347 2780 575 2853 aestimemus.
614 2778 797 2849 Praevertit
829 2799 914 2872 ergo
945 2777 1131 2849 consilium
1169 2801 1278 2852 meum

200 2908 305 2988 Deus,
327 2915 363 2977 et
381 2926 501 2988 curas,
523 2924 612 2996 quas
633 2902 708 2994 pias
733 2900 941 2983 arbitrabar,
962 2922 1208 2992 supervacuas
1225 2906 1279 2976 de
1327 2943 1329 2947 ν

200 3029 363 3112 claravit;
399 3038 437 3099 ut
463 3029 518 3097 vel
546 3027 594 3098 sic
619 3026 765 3098 edoctus
795 3044 1017 3116 agnoscerem
1051 3026 1278 3115 cogitationes

200 3154 378 3225 hominum
400 3172 510 3222 vanas
531 3172 622 3221 esso.
644 3151 689 3220 Et
708 3148 752 3220 de
773 3149 837 3219 hoc
854 3145 993 3239 quidem
1013 3147 1198 3220 hactenus.
1221 3151 1279 3220 Su·

200 3296 262 3368 per
287 3275 429 3363 negocio
456 3272 524 3343 litis
551 3283 680 3343 nostrae
705 3272 750 3341 nil
777 3270 869 3342 aliud
894 3268 980 3340 dico.
1013 3270 1080 3339 Res
1116 3272 1153 3341 in
1187 3272 1279 3344 curia

199 3397 357 3468 vertitur.
380 3398 488 3488 Spero
509 3397 581 3465 lore
603 3406 640 3465 ut
657 3395 747 3466 illius
765 3392 938 3487 praedonis
957 3391 1092 3462 insidiae
1110 3394 1278 3487 detegan-

200 3532 265 3592 tur.
289 3522 326 3591 lu
347 3541 468 3591 omnes
490 3527 606 3589 tamen
627 3540 730 3589 casus
751 3527 893 3610 paratus
914 3523 970 3585 est
988 3515 1139 3586 animus.
1163 3520 1278 3590 Victor

199 3642 381 3736 gaudeb03
409 3643 535 3726 victus,
564 3643 655 3712 victa
680 3664 759 3713 oum
787 3639 916 3709 iustitio
942 3661 997 3708 me
1028 3637 1179 3710 solabor.
1207 3641 1279 3712 Non

199 3790 291 3838 nunc
312 3766 459 3858 primum
480 3767 627 3836 fortunae
649 3764 739 3836 ludis
755 3784 936 3843 exerceor;
954 3759 1057 3831 didici
1076 3761 1209 3852 quibus
1228 3786 1280 3834 ar-

199 3891 292 3962 tibus
317 3889 459 3959 caducae
494 3888 568 3981 spei
602 3889 730 3958 vulnus
764 3886 924 3958 eluditur.
959 3885 1050 3954 Eant
1082 3883 1191 3974 igitur
1226 3906 1280 3957 res

199 4025 401 4103 utcumque3
427 4011 530 4082 modo
554 4033 620 4102 ego
645 4033 713 4081 nou
744 4031 901 4080 movear:
928 4029 1041 4100 neque
1067 4005 1187 4079 hercle
1212 4030 1280 4102 quo

199 4135 331 4206 moveri
351 4135 499 4208 debeam
522 4134 695 4226 intelligo:
717 4155 840 4224 nempe
864 4153 965 4224 aequo
991 4131 1107 4203 auimo
1133 4154 1281 4224 possum

198 4261 255 4330 vel
276 4259 416 4350 assequi
437 4256 531 4350 quod
554 4281 668 4329 meum
696 4269 762 4339 ost,
790 4257 845 4325 vel
870 4255 1043 4328 dimittere
1068 4256 1168 4346 quod
1195 4281 1283 4330 nun-

119 4420 125 4433 ·
199 4403 301 4471 iliram
323 4382 464 4472 assequi
486 4381 590 4474 potui.
614 4379 877 4472 Compendiaria
898 4379 941 4450 ad
962 4376 1105 4449 divitias
1125 4381 1284 4472 philoso

200 4501 345 4591 phorum
368 4504 426 4574 via
446 4513 513 4586 est,
536 4527 614 4594 quae
637 4513 804 4573 monstrat
826 4524 895 4572 non
915 4501 1114 4573 addatulum
1136 4504 1284 4587 divitiis.
