2692 5024
393 665 485 714 crana
508 665 867 717 rannus-ammona
887 668 951 718 rur.
1149 656 1208 719 loa

538 953 716 1020 aristam
737 955 805 1019 lllll.

364 1149 558 1200 rnnnuscus
576 1150 742 1200 rnrnnncn
761 1153 803 1199 nn
820 1108 968 1202 ronoron.

195 1329 253 1384 Nec
266 1329 300 1383 de
316 1329 461 1399 praeteritis
475 1335 620 1395 mustum,
635 1345 686 1383 nec
699 1329 848 1385 defuturis
861 1332 973 1387 anxium
988 1334 1145 1406 quempiam

573 1436 633 1473 csso
648 1418 758 1475 debere.

228 1661 449 1746 abiiciamus,
466 1681 542 1743 or0,
566 1663 594 1733 si
618 1682 819 1756 possumus,
841 1672 877 1735 et
898 1666 1030 1736 tristem
1051 1669 1210 1762 praeteri·

129 1797 244 1858 torum
275 1784 490 1869 memoriam,
509 1792 545 1855 et
565 1784 704 1856 anxiam
723 1785 975 1857 solicitudinem
995 1791 1207 1861 futurorum:

129 1917 291 2001 torquent
316 1908 408 1978 onim
429 1908 474 1978 dc
495 1905 615 1990 nihilo,
637 1916 673 1978 et
693 1906 842 1998 geminis
863 1911 960 1979 velut
978 1911 1108 1984 aculeis
1124 1914 1208 1985 vitae

129 2039 260 2101 nostrae
281 2032 433 2123 requiem
455 2030 534 2101 hino
555 2029 635 2100 inde
651 2030 865 2124 perturbant.
881 2032 972 2116 Quid
988 2035 1206 2119 anhelamus,

129 2157 213 2250 quid
234 2157 441 2248 affligimur?
460 2179 524 2228 nec
545 2165 718 2227 transacta
739 2157 863 2227 mutari
886 2168 1045 2251 possunt,
1065 2182 1128 2231 neo
1147 2182 1209 2232 ve·

130 2280 258 2352 nientia
280 2278 465 2372 provideri.
499 2279 590 2364 Quid
615 2279 868 2351 mathematicis
900 2302 1003 2374 opus,
1035 2281 1208 2354 adversus

129 2425 218 2497 quos
240 2424 309 2473 non
329 2403 433 2473 modo
452 2409 663 2485 sanctorum,
687 2400 749 2472 sed
770 2401 1051 2497 philosophorum
1074 2413 1109 2474 et
1128 2425 1209 2495 poe-

129 2538 242 2599 tarum
262 2536 297 2597 et
317 2525 470 2596 omnium
497 2547 582 2596 vera
608 2524 829 2602 sentientium
853 2527 977 2598 clamat
997 2528 1209 2599 auctoritas?

129 2660 165 2722 et
202 2650 259 2744 (ut
294 2648 443 2742 plurium
476 2648 713 2741 philosophica
744 2648 965 2743 praeteream)
1003 2653 1209 2743 pervulgato

129 2773 280 2845 Maronis
299 2772 505 2856 testimonio,
521 2773 657 2861 ipnoros
677 2784 790 2842 votam
807 2784 931 2852 mentes
947 2775 1025 2866 quis
1044 2776 1210 2867 ignorat?

132 2896 262 2968 Scitum
291 2904 346 2967 est
371 2894 454 2966 illud
474 2893 590 2966 Accii:
614 2894 722 2978 Nihil,
744 2894 871 2988 inquit,
894 2894 988 2965 credo
1012 2900 1208 2989 coponius:

130 3042 228 3089 aures
258 3021 365 3089 uerbis
397 3016 504 3088 ditant
536 3019 681 3103 alienos,
716 3040 791 3087 suos
829 3029 865 3086 ut
898 3039 980 3086 auro
1014 3019 1208 3110 locupletent

131 3139 251 3212 manos.
276 3140 348 3213 Neo
379 3139 496 3210 minus
526 3138 614 3228 ,illud
645 3134 786 3208 Pacuvii
812 3135 1043 3208 vetustissimi
1073 3147 1207 3231 poetae;

130 3262 220 3333 Nom
238 3265 269 3334 εἰ
283 3287 355 3355 quo
375 3273 517 3331 ventura
533 3271 611 3330 sant
625 3257 845 3353 provideant,
865 3261 1110 3354 aequiparentur
1123 3261 1206 3333 Iovi.

129 3388 201 3460 Nec
221 3398 257 3458 tu
277 3398 414 3482 poetam
435 3407 455 3454 a
473 3383 677 3478 philosopho
697 3392 800 3478 pules
820 3382 886 3455 hac
907 3383 942 3455 in
962 3407 1001 3456 re
1016 3383 1206 3458 diversum.

130 3511 186 3583 Sic
205 3509 296 3582 enim
318 3508 366 3580 ait
385 3507 532 3580 Esaias:
554 3506 759 3578 annuntiate
779 3510 980 3600 paefatam
999 3522 1074 3579 sunt
1095 3513 1131 3580 in
1154 3514 1208 3599 saa

130 3646 257 3718 turam,
284 3644 314 3703 et
345 3634 482 3702 sciemus
513 3634 594 3724 quio
628 3632 687 3702 Dii
713 3635 786 3701 estis
807 3654 873 3702 vos.
898 3631 1058 3703 Favorini
1087 3631 1205 3723 igitur,

130 3756 324 3829 doctissimi
357 3753 436 3839 viri,
470 3755 722 3827 ciceronianum
743 3776 869 3845 magna
894 3763 1064 3847 exparte
1093 3753 1207 3823 consi-

130 3880 230 3962 lium,
250 3901 318 3971 quo
335 3901 399 3950 nos
417 3887 562 3973 uterque
582 3877 628 3949 ab
647 3875 702 3948 his
720 3877 882 3949 omnibus
899 3874 1084 3969 praestigiis
1103 3883 1206 3965 atque

130 4001 273 4073 fallaciis
293 4002 507 4087 dehortatur,
530 4023 598 4072 non
622 3999 875 4071 admittendum
902 3997 1018 4079 modo,
1047 3996 1109 4067 sed
1134 4017 1207 4065 am-

130 4125 308 4220 pliandum
325 4146 461 4196 censeo.
477 4123 546 4193 Aut
562 4123 653 4191 cuim
671 4121 902 4214 promissores
920 4120 969 4202 hi,
988 4119 1048 4211 qui
1069 4119 1206 4189 venturi

130 4249 285 4321 notitiam
303 4249 518 4344 pollicentur,
541 4243 692 4315 adversa
712 4245 798 4313 lalso
815 4239 1061 4337 praenuntiant;
1082 4251 1117 4312 et
1135 4242 1204 4312 sru-

131 4385 202 4443 stra
224 4395 289 4444 nos
310 4371 402 4442 inani
425 4381 554 4440 terrore
577 4364 843 4461 compleverint:
865 4374 925 4434 aut
948 4386 1047 4450 vera,
1069 4338 1104 4437 et
1126 4375 1205 4435 ante

132 4503 280 4590 tempus
303 4495 451 4589 miseros
478 4490 626 4564 iecerint.
659 4491 818 4561 Rursus:
844 4498 904 4560 aut
935 4490 1014 4560 laeta
1046 4510 1144 4572 vere3
1170 4497 1206 4558 et
