2692 5024
414 659 507 709 urana
527 659 650 709 ramus.
662 679 701 692 -
714 660 866 710 nrrsrom
888 662 906 710 l.
1157 654 1196 715 35

127 808 245 880 teriam
270 815 440 898 praestare
465 805 590 896 possit,
617 806 782 878 invenies.
816 810 924 880 Nemo
948 812 1040 881 cnim
1072 835 1110 885 se
1138 838 1200 886 an-

128 930 199 1005 teiri
229 927 276 1000 ab
300 947 371 998 uno
399 928 455 998 vel
483 950 505 998 a
532 928 651 1021 paucis
677 951 772 1021 aegre
796 933 873 1016 lert,
901 932 968 1003 nisi
994 935 1053 1027 qui
1080 939 1199 1029 gloriae

127 1051 354 1148 principatum
379 1049 543 1143 pertinaci
569 1049 635 1121 sibi
661 1063 775 1124 mente
803 1053 988 1127 constituit.
1010 1058 1143 1145 Patere,
1162 1072 1201 1132 ut

127 1188 330 1249 caeterarum
364 1195 495 1259 rerum,
523 1172 573 1244 sic
599 1173 727 1266 ingenii
751 1175 801 1246 tui
826 1188 954 1248 sortem
983 1181 1201 1275 nominisque

128 1302 310 1372 fortunam.
336 1295 487 1367 Putahas
516 1317 593 1366 eam
622 1295 658 1365 in
688 1297 771 1369 solis
800 1298 934 1371 divitiis
963 1301 1018 1373 ins
1050 1303 1203 1376 habere?

129 1423 364 1494 Humanarum
389 1441 506 1490 rerum
529 1418 698 1504 omnium,
727 1432 872 1515 excepta
894 1422 1036 1510 virtute,
1063 1426 1203 1499 domina

128 1553 197 1617 est:
215 1542 309 1616 illam
324 1562 465 1634 quoque
482 1560 574 1634 saepe
591 1562 798 1634 oppugnare,
818 1544 880 1615 sed
897 1567 1075 1640 nunquam
1091 1569 1204 1642 expu-

130 1689 236 1760 gnare
260 1662 477 1758 permittitur.
499 1663 637 1735 Famam
663 1676 768 1749 certo,
790 1687 859 1758 qua
884 1667 969 1739 nihil
993 1681 1048 1741 est
1072 1668 1201 1757 levius,

131 1788 227 1862 facile
250 1797 351 1871 rotat,
373 1809 414 1857 ac
433 1785 588 1857 ventosis
614 1786 787 1879 suffragiis
812 1788 942 1860 circum
968 1792 1089 1876 volvit,
1111 1814 1133 1863 a
1152 1792 1205 1863 di-

132 1911 211 2003 gnis
230 1931 307 1981 eam
328 1911 538 1980 transferens
559 1908 605 1979 ad
624 1908 796 2001 indignos.
818 1910 910 1980 Nihil
929 1912 1069 2004 quidem
1095 1913 1206 1984 mobi-

133 2035 212 2118 lius,
247 2032 332 2102 nihil
363 2031 515 2124 iniquius
545 2031 681 2123 vulgari
715 2032 858 2118 iudicio,
885 2057 989 2127 super
1016 2057 1086 2128 quo
1114 2037 1205 2107 lama

133 2156 275 2229 lundata
297 2164 361 2226 est.
389 2154 506 2246 ltaque
526 2153 652 2223 mirum
672 2164 815 2225 nonest
835 2155 865 2224 si
885 2157 1027 2228 assidue
1042 2156 1203 2250 quatitur,

133 2301 215 2375 quae
232 2289 302 2349 tam
316 2275 468 2349 tremulis
486 2274 642 2346 innititur
654 2276 897 2346 fundamentis,
916 2278 997 2347 Haec
1018 2300 1101 2349 sane
1120 2301 1207 2349 non-

135 2401 203 2474 nisi
224 2401 260 2472 in
279 2398 380 2472 vivos
401 2421 546 2489 regnum
572 2397 692 2469 habet:
712 2418 807 2468 mors
827 2398 1001 2469 hominem
1021 2399 1144 2470 eximit
1162 2398 1207 2470 ab

133 2523 281 2618 imperio
293 2525 450 2594 fortunae.
459 2521 606 2591 Cessant
617 2520 745 2592 exinde
760 2519 910 2593 ludibria
926 2521 1019 2594 haec:
1032 2522 1116 2594 velit
1132 2522 1207 2615 ipsa

134 2649 189 2719 vel
201 2645 296 2734 nolit,
310 2645 473 2718 virtutem
487 2646 588 2729 lama,
601 2665 665 2715 ceu
679 2644 828 2715 solidum
841 2667 967 2740 corpus
983 2645 1116 2733 umbra,
1126 2669 1208 2718 oon-

135 2769 300 2864 sequitur.
317 2765 433 2839 Habes
449 2788 535 2858 ergo
548 2765 599 2861 (ni
619 2766 732 2862 fallor)
748 2767 916 2858 gloriandi
934 2769 1049 2863 potius
1066 2791 1208 2842 causam

134 2914 237 2984 quam
265 2888 482 2980 indignandi,
511 2888 648 2960 sicum
677 2889 838 2961 omnibus
863 2892 933 2963 lere
961 2891 1208 2986 prestantibus
1280 2926 1286 2938 ·

135 3024 239 3106 atque
246 3011 447 3085 clarissimis
456 3010 541 3083 viris
550 3011 744 3084 communis
757 3012 817 3084 tibi
831 3023 889 3084 tua
898 3035 975 3084 sors
988 3024 1052 3085 est.
1065 3015 1209 3105 Quoque

135 3136 238 3210 etiam
251 3157 341 3209 nuno
354 3135 629 3230 aeqmoraanimo
642 3134 906 3220 sis‚Alricanum
919 3134 1149 3228 ipsum,quem
1162 3156 1209 3206 ex

137 3258 201 3332 hac
216 3257 290 3331 acie
309 3280 495 3351 segregare
514 3257 614 3329 visus
633 3279 745 3341 eram,
764 3257 799 3327 in
816 3278 997 3328 commune
1014 3257 1208 3341 restituam3

136 3380 191 3450 cui
210 3379 385 3472 quamvis,
404 3379 500 3472 quod
516 3377 734 3449 rarissimum
751 3387 806 3448 est
824 3376 880 3471 (ut
898 3378 1003 3475 dixi),
1024 3380 1210 3475 praesentia

138 3521 208 3571 non
228 3501 393 3587 nocuerit,
415 3501 534 3574 nocuit
549 3512 677 3586 tamem
695 3512 734 3572 ut
749 3501 884 3572 oaeteris
904 3502 1099 3589 hominum,
1120 3503 1210 3575 invi-

136 3623 206 3708 dia,
226 3646 331 3718 quam
356 3625 461 3697 tantis
482 3623 668 3696 virtutibus
693 3646 762 3696 non
785 3625 896 3718 potuit
918 3626 1135 3717 extinguere,
1158 3625 1210 3693 in-

136 3747 319 3841 cenditque
337 3747 451 3842 potius
472 3759 507 3820 et
526 3747 770 3820 inflammavit:
792 3747 909 3818 nocuit
929 3747 1040 3841 (quod
1060 3746 1134 3816 sine
1157 3744 1221 3817 in-.

137 3870 334 3960 dignatione
354 3892 424 3943 non
441 3893 586 3965 possum
603 3870 818 3965 meminisse)
833 3869 1050 3943 conversatio
1065 3864 1208 3956 longior,

137 4002 172 4061 et
200 4013 345 4065 nascens
378 4016 425 4065 ex
454 3992 684 4065 familiaritate
713 4003 939 4085 contemptus.
971 3990 1068 4062 Unde
1096 3996 1210 4057 autem

137 4112 213 4186 haec
231 4115 365 4189 eliciam
387 4115 643 4210 percontabere.
664 4117 749 4187 Nolo
774 4136 829 4184 me
854 4114 985 4205 aliquid
1009 4113 1211 4184 immutasse

138 4238 337 4331 suspiceris.
370 4241 447 4332 lpsa
476 4239 541 4309 Titi
570 4237 660 4308 Livii
689 4234 871 4306 clarissimi
903 4233 1079 4328 scriptoris
1105 4232 1212 4306 verba

137 4381 278 4452 ponam,
309 4360 385 4453 qui,
416 4371 490 4434 orta
518 4357 733 4432 contentione
764 4356 941 4448 dignitatis
975 4357 1212 4450 honorumque

137 4484 224 4560 inter
241 4485 435 4578 Scipionem
447 4485 646 4558 Africanum
659 4481 840 4574 Titumque
856 4482 1073 4570 Flaminium,
1092 4483 1212 4576 inqua
