2692 5024
210 648 267 707 tta
302 703 306 708 .
548 659 588 706 on
611 656 711 705 nunes
734 655 953 704 rnnrnrnnrnns
1036 630 1041 635 ’

211 804 479 898 spoponderam,
503 801 531 871 si
555 809 698 871 tractata
721 798 960 881 succederent,
979 795 1115 889 quibus
1136 807 1174 869 et
1195 799 1300 874 hone

211 936 287 997 stus
309 924 376 995 illio
397 923 557 997 manendi
579 925 684 1008 color,
706 932 741 993 et
763 921 845 991 vitae
867 921 1065 992 necessaria
1093 943 1296 1014 quaereren-

211 1060 266 1120 tur
285 1049 388 1145 (vitae,
411 1048 561 1140 inquam,
581 1045 752 1117 sodalium
769 1055 804 1116 et
821 1046 1009 1116 multorum
1029 1045 1074 1116 ad
1089 1067 1148 1116 me
1162 1046 1297 1118 illuode

210 1194 305 1243 rnore
325 1169 622 1242 convenientium:
646 1189 723 1238 rnea
743 1167 834 1237 enirn
857 1167 939 1251 vita,
964 1188 1033 1237 non
1052 1169 1158 1239 modo
1176 1191 1296 1240 neees-

211 1294 312 1364 sariis
346 1293 527 1376 instructa,
556 1292 619 1364 sed
646 1312 770 1362 vereor
796 1312 840 1361 ne
867 1291 1104 1384 supervacuis
1131 1292 1294 1386 impedita

212 1415 281 1500 siti,
296 1438 366 1509 quo
384 1414 448 1485 sibi
471 1414 632 1485 libuisset
653 1425 866 1498 secuturum,
889 1434 958 1483 non
980 1414 1128 1504 ignarus
1154 1415 1291 1507 quiden

212 1559 324 1607 rerum
352 1537 476 1607 harum
502 1545 537 1606 et
561 1537 718 1618 illarum;
747 1535 807 1606 sod
842 1556 1006 1626 magnum
1043 1535 1091 1606 ibi
1126 1538 1291 1610 hactenus

209 1662 330 1731 ducem
354 1668 508 1729 nostrurn
532 1668 568 1727 et
588 1680 652 1729 vos
672 1679 795 1729 ornnes
811 1679 893 1728 esse
909 1657 1083 1748 cogitans,
1104 1681 1197 1751 quos
1213 1661 1289 1732 mibi

147 1834 150 1839 >
211 1780 360 1873 reliquos
383 1801 476 1850 mors
497 1780 650 1863 fecisset,
678 1780 807 1850 amoris
833 1780 941 1850 vestri
970 1782 1066 1851 velut
1093 1782 1197 1855 uncis
1221 1784 1291 1877 qui-

209 1903 357 1974 bu'sdam
395 1901 622 1973 validissimis
660 1899 873 1972 retrahebar.
911 1902 1010 1974 Nune
1048 1915 1186 1976 mutata
1219 1918 1290 1977 sunt

208 2026 335 2111 ornnia,
359 2035 394 2097 ot
414 2026 604 2096 amicorum
624 2022 724 2095 turba
742 2023 838 2106 abiit,
858 2033 894 2094 et
910 2025 984 2094 dux
1002 2034 1126 2097 noster
1140 2025 1245 2112 obiit,
1261 2037 1291 2098 et

210 2151 371 2220 Socrates
393 2171 508 2232 rneuS,
531 2148 591 2240 qui
613 2149 708 2217 solus
730 2144 774 2215 ibi
796 2153 865 2229 est,
888 2147 1052 2237 quamvis
1072 2171 1169 2220 unus
1189 2151 1222 2219 in
1243 2171 1290 2220 me

210 2272 321 2365 possit
337 2272 467 2356 omnia,
490 2270 654 2364 quamvis
680 2271 883 2340 inveteratae
908 2269 1179 2342 consuetudinis
1205 2272 1290 2343 viel

211 2397 283 2486 ipse
304 2394 348 2462 ibi
372 2417 466 2477 csse,
486 2404 521 2462 ct
544 2414 665 2463 ornnes
689 2414 786 2474 suos,
810 2413 933 2484 tneque
951 2399 1032 2461 aute
1050 2393 1155 2477 alios,
1181 2417 1288 2466 secun

175 2565 178 2571 .
209 2537 289 2584 esse
310 2514 507 2595 desideret;
535 2536 710 2605 nunquan]
732 2524 845 2583 tarnen
864 2513 1019 2598 audebit,
1040 2517 1137 2585 onrni
1159 2541 1222 2612 spe
1236 2517 1289 2588 ab

211 2635 335 2718 scissa,
358 2635 392 2702 in
410 2655 470 2703 eas
492 2656 556 2703 nos
577 2643 687 2703 terras
705 2656 902 2717 accersere,
927 2634 983 2704 ubi
1004 2657 1134 2709 omnes
1154 2663 1291 2733 prorsus

209 2755 412 2845 alienigenae
446 2766 549 2847 atque
584 2754 740 2848 hospites
773 2756 878 2826 suturi
906 2756 1027 2826 sinrus.
1056 2759 1186 2852 Neque
1210 2765 1293 2833 eninr

210 2879 312 2949 ludus
339 2887 394 2948 est
420 2876 630 2962 honrinibuS,
667 2877 824 2948 mortalia
858 2887 893 2947 et
924 2879 1054 2950 caduca
1089 2887 1293 2976 corpuscula

211 3000 441 3084 trahentibus
466 3000 595 3085 dicere,
618 3000 712 3093 quod
733 2999 858 3070 animae
879 2999 1005 3084 felices
1030 3023 1181 3097 corpore
1211 3008 1296 3077 solu·

212 3134 269 3205 tm,
293 3126 385 3217 apud
406 3123 589 3215 Virgilium
612 3126 814 3214 loquuntur:

369 3329 446 3389 Nulli
464 3338 546 3391 certa
564 3332 688 3406 dantus,
708 3330 784 3391 lueis
800 3331 971 3392 habitantes
989 3333 1108 3410 opacis.

367 3427 574 3506 lliparurnqne
592 3435 674 3489 toros
694 3435 721 3489 et
740 3436 824 3506 prata
843 3429 974 3490 recentia
992 3429 1069 3490 ritis

370 3526 540 3587 lneolirnus.

209 3737 244 3804 Si
277 3737 367 3805 enirn
395 3738 460 3806 ista
488 3738 698 3822 sufficerent,
734 3746 855 3831 posset
880 3739 999 3830 utique
1021 3740 1151 3814 Clausa
1177 3747 1293 3829 valtis,

211 3857 301 3926 unde
316 3857 449 3947 Sergiae
468 3860 543 3927 sons
561 3860 722 3953 erurnpit,
739 3862 839 3932 nobis
858 3862 1021 3933 omnibus
1039 3863 1185 3938 abunde
1205 3871 1296 3940 rivu-

210 3981 260 4049 los
283 3979 432 4050 nitentes
453 3993 488 4050 et
508 3982 691 4053 frondosas
713 3984 836 4055 dornos
856 3993 891 4055 ct
913 3983 1061 4055 herbosa
1084 3988 1217 4063 cubilia
1238 3992 1296 4061 rni-

209 4101 366 4172 nistrare.
402 4104 469 4173 Sed
495 4106 572 4197 plns
607 4104 735 4196 aliquid
760 4107 871 4197 exigit
896 4114 1029 4177 natura.
1063 4109 1295 4207 Philosophus

208 4225 347 4315 quidem
375 4239 409 4296 et
435 4235 555 4318 poetas
581 4226 688 4298 duros
719 4252 759 4299 ae
789 4251 918 4300 saxeos
941 4231 1070 4322 vulgus
1091 4235 1296 4314 existimat;

209 4349 272 4416 sed
291 4349 324 4415 in
344 4349 409 4418 hoe
426 4350 571 4432 fallitur,
594 4359 630 4418 nt
651 4349 683 4419 in
706 4352 833 4422 inultis.
856 4353 977 4424 Carnei
999 4353 1091 4423 enirn
1114 4371 1217 4444 sunt,
1238 4361 1298 4430 lur-

210 4469 407 4539 nranitatenr
442 4473 603 4553 retinent,
640 4472 804 4544 abiiciunt
839 4479 1054 4570 uoluptates:
1088 4492 1145 4551 est
1183 4499 1298 4556 autern
