2692 5024
130 643 185 705 182
217 632 221 638 '
465 653 506 703 ua
527 651 627 701 nanus
649 648 871 699 annullamus

127 803 280 899 perditos
301 810 399 874 natos
420 803 522 893 longo
543 799 673 892 gemitu
689 808 725 870 et
742 796 964 893 perdulcibus
981 780 1210 890 querimirniis

127 936 309 1022 persecuta
328 934 398 1010 est,
422 923 541 995 nidum
562 921 607 994 ab
625 920 749 994 eodem
774 942 870 992 ramo
896 919 1078 1013 sequentis
1103 943 1210 1014 puer-

127 1051 212 1145 perii
243 1052 416 1121 fortunam
450 1054 622 1118 tentatura
656 1044 849 1138 suspendit.
887 1044 974 1114 llem
1005 1041 1118 1116 dicam
1148 1067 1211 1119 no·

129 1195 207 1244 vam
230 1171 303 1256 tibi,
327 1169 390 1242 sed
409 1168 570 1241 omnibus
591 1167 691 1240 vallis
709 1165 815 1238 huius
835 1164 1052 1237 notissimam
1073 1165 1208 1239 ineolis.

126 1293 251 1388 Aquila
271 1291 475 1386 iampridem
504 1292 539 1362 in
572 1291 627 1362 his
661 1289 837 1362 montibus
863 1289 1005 1362 habitat.
1031 1290 1208 1364 Subulcus

127 1417 270 1501 advena,
293 1414 420 1486 nedum
442 1435 530 1508 quos
551 1415 662 1507 pascit
687 1413 823 1499 suibus,
850 1413 915 1486 sed
931 1413 1077 1484 hirsutis
1103 1412 1207 1487 etiam

128 1541 221 1634 apris
241 1539 404 1631 asperior,
426 1539 514 1609 clam
534 1536 616 1608 nido
632 1536 815 1611 insidiatus
836 1545 906 1622 est,
926 1558 1040 1629 neque
1055 1538 1207 1609 animam

128 1684 227 1735 suam
248 1659 356 1754 pluris
376 1659 584 1732 existimans
605 1683 710 1754 quam
730 1662 838 1746 valet,
859 1660 904 1733 de
921 1659 1092 1731 altissima
1112 1682 1207 1755 rupe

104 1792 107 1798 '
128 1806 209 1878 quae
228 1783 312 1855 ronti
331 1783 477 1876 Sorgiae,
499 1782 651 1857 nubibus
673 1805 747 1878 par,
767 1780 955 1876 impendet,
969 1780 1110 1877 ancipiti
1127 1784 1209 1856 sune

129 1906 319 1992 demissus,
332 1907 432 1979 euius
446 1906 496 1979 rei
513 1909 570 1978 vel
586 1906 787 1979 meminisse
801 1906 924 1978 horror
934 1915 1002 1991 est,
1017 1904 1060 1977 ad
1076 1907 1207 1979 aeriam

128 2029 270 2102 domum
291 2028 497 2100 temerarius
518 2029 693 2122 praedator
716 2028 880 2113 accessit,
911 2037 948 2100 et
978 2028 1124 2100 solicitae
1148 2050 1209 2121 ge-

130 2152 255 2237 nitrici,
279 2174 377 2244 spem
400 2151 552 2243 generis,
574 2152 685 2244 pullos
706 2150 891 2244 implumes
913 2149 1066 2223 abstulit.
1087 2150 1128 2222 ld
1154 2175 1210 2225 se-

130 2276 209 2358 mel,
231 2275 337 2368 idque
357 2275 483 2346 iterum
503 2296 628 2359 ausus,
656 2273 703 2345 nil
729 2273 878 2366 amplius
904 2273 1054 2367 aquilam
1081 2275 1207 2361 movit,

131 2419 235 2487 quam
257 2409 296 2467 ut
315 2419 425 2489 nuper
450 2396 622 2468 domicilio
646 2395 787 2467 deserto
813 2396 930 2468 nidum
956 2395 1209 2491 dumosamque

131 2520 376 2612 supellectilem
396 2520 429 2588 in
447 2521 589 2589 alteram
608 2520 703 2612 rupis
721 2529 855 2614 partem
873 2541 1060 2614 parumper
1075 2543 1210 2594 avexe-

131 2641 182 2710 rit.
217 2641 287 2710 lllic
320 2640 424 2711 modo
451 2641 580 2731 saepius
613 2642 753 2713 amissae
775 2642 904 2714 sobolis
939 2664 1036 2736 spem
1057 2648 1208 2727 refovet,

130 2762 214 2834 nihil
236 2762 334 2832 solito
357 2762 478 2845 laetius
507 2773 545 2834 ut
564 2784 653 2835 reor.
680 2763 857 2856 Siquidem
885 2788 1014 2838 saxeus
1034 2768 1103 2839 ista
1122 2790 1209 2840 suus

131 2886 255 2973 hostis,
277 2885 396 2977 exigui
409 2887 495 2957 lueri
507 2886 671 2981 cupidae,
692 2888 774 2959 vitae
791 2888 974 2983 prodigus,
994 2890 1061 2960 iam
1079 2904 1209 2963 restem

132 3011 311 3104 nodosque
332 3021 514 3106 praeparat,
537 3010 663 3103 quibus
684 3012 868 3105 perinane
889 3034 1096 3105 suspensus,
1114 3013 1211 3087 etde

132 3136 269 3206 insolito
292 3156 412 3228 specu,
435 3133 553 3205 solitas
574 3134 711 3230 praedas
732 3148 822 3226 agat.
845 3136 915 3206 lam
934 3135 1067 3206 sensim
1084 3134 1132 3208 ad
1148 3138 1212 3207 mi-

133 3261 259 3327 nimam
282 3280 395 3329 rerum
423 3257 654 3328 ratiocinando
680 3257 937 3330 descendimus.
964 3258 1033 3330 Neo
1057 3258 1211 3331 formicis

135 3377 201 3449 sub
223 3389 311 3450 terra
328 3381 505 3450 latentium
520 3380 722 3451 horreorum
741 3381 917 3454 inundatio
935 3382 1098 3474 graniferi
1117 3381 1212 3453 labo

135 3502 183 3573 ris
200 3501 465 3595 experientiam,
488 3500 747 3595 frequentisque
768 3526 891 3574 cursus
909 3526 949 3575 ae
967 3525 1130 3575 recursus
1149 3503 1212 3574 im-

134 3627 257 3697 minuit
277 3627 499 3720 voluptatem.
521 3625 596 3694 Non
616 3626 708 3696 enim
726 3627 923 3720 desperant,
939 3626 1120 3698 infeliciter
1137 3635 1214 3699 ten·

137 3758 205 3822 tata
219 3748 380 3819 retentari
399 3768 503 3840 posse
513 3747 655 3818 felicius.
671 3748 841 3841 Alioquin,
858 3749 886 3819 si
899 3773 977 3821 oum
988 3749 1213 3821 suecessibus

136 3896 252 3945 rerum
275 3871 466 3942 animorum
489 3870 590 3940 simul
613 3892 694 3965 spes
715 3872 872 3955 intereat,
896 3870 1082 3964 torpebunt
1102 3882 1214 3943 aestus

136 3993 167 4079 ii,
189 4015 277 4088 quos
298 3991 452 4084 undique
472 3993 646 4063 cernimus
664 3993 836 4065 actionum
855 3996 1038 4080 variarum,
1057 3995 1215 4089 quotidie

136 4116 433 4208 interpellantibus
466 4114 560 4198 satis3
593 4127 629 4188 et
652 4118 758 4188 vitam
786 4119 855 4190 situ
880 4119 1067 4191 marcidam
1094 4120 1214 4191 exitus

137 4236 301 4328 inglorius
320 4239 482 4311 manebit.
498 4240 598 4324 Quod
619 4243 764 4313 neforto
783 4241 1010 4334 contingeret,
1030 4243 1217 4315 animanti-

139 4357 205 4428 bus
226 4364 371 4446 eunetiS,
406 4374 440 4435 et
474 4365 669 4458 praesertim
693 4365 836 4450 bomini,
864 4366 952 4437 dura
976 4366 1215 4461 propositique

141 4481 272 4553 lenacia
292 4495 429 4577 pectora
451 4488 529 4560 data
548 4499 638 4559 sunt.
658 4488 785 4560 Urbem
807 4492 948 4561 Romam
969 4489 1018 4582 (ut
1035 4499 1128 4563 retro
1146 4492 1214 4562 iam
