2692 5024
134 693 192 754 tlt
472 706 512 752 on
534 706 634 754 rruuns
658 705 878 755 rnnrnmnrnns

135 865 253 926 vester
274 856 383 935 latuit;
415 856 470 926 hie
502 857 633 947 lepram
664 853 827 946 deposuit
856 853 1133 926 Constantinus:
1169 854 1225 925 bie

133 977 319 1072 gloriosam
346 977 509 1049 Callistus
535 978 694 1048 exercuit
723 975 919 1047 Libitinam.
955 975 1027 1048 Sed
1047 997 1123 1069 quo
1143 996 1221 1070 per-

133 1106 203 1193 go?
227 1101 419 1173 Possumne
439 1098 501 1170 tibi
523 1100 556 1169 in
578 1099 644 1171 hac
673 1120 783 1192 parva
809 1120 942 1195 papyro
975 1099 1128 1187 Romam
1160 1100 1223 1173 oe-

134 1225 295 1316 signare‘l
312 1223 485 1305 Profecto,
509 1222 538 1291 si
559 1220 700 1313 possim,
719 1241 789 1291 non
806 1228 953 1315 oportet.
971 1218 1070 1291 Nosti
1089 1220 1220 1303 omnia,

133 1367 200 1418 non
232 1345 314 1438 quia
345 1365 510 1416 romanus
539 1343 641 1425 civis,
670 1343 733 1414 sod
763 1343 846 1435 quia
876 1340 996 1412 talium
1033 1341 1069 1411 in
1099 1342 1223 1433 primis

132 1490 248 1539 rerum
270 1465 531 1538 curiosissimus
559 1464 605 1537 ab
630 1465 864 1539 adolescentia
893 1464 1001 1536 luisti.
1028 1464 1101 1549 Qui
1126 1464 1221 1536 enim

133 1590 237 1663 hodie
267 1589 379 1680 magis
412 1589 524 1680 ignari
556 1611 673 1661 rerum
708 1591 940 1660 Romanarum
976 1597 1079 1671 sunt,
1114 1610 1221 1682 quam

131 1712 276 1784 Romani
296 1713 416 1783 oives‘?
437 1713 570 1784 lnvitus
585 1713 672 1784 dieo.
691 1712 870 1806 Nusquam
889 1711 1007 1782 minus
1027 1712 1145 1783 Roma
1166 1734 1223 1783 oo

131 1834 322 1926 gnosoitur,
341 1855 445 1928 quam
463 1836 594 1907 Romae.
614 1837 690 1920 Qua
711 1835 745 1906 in
769 1857 806 1906 re
827 1856 895 1905 non
911 1833 1152 1927 ignorantiam
1167 1856 1223 1907 so

131 1959 198 2029 lam
220 1956 287 2029 tleo
313 1957 545 2052 (quamquam,
564 1957 648 2052 qnid
669 1958 861 2049 ignorantia
883 1957 984 2052 peius
1007 1956 1124 2049 est‘l),
1160 1959 1222 2031 sed

132 2080 298 2150 virtutum
318 2082 438 2174 lugam
467 2081 681 2173 exiliumque
702 2082 901 2151 multarum.
931 2079 1019 2164 Quis
1034 2083 1137 2153 enim
1159 2081 1222 2153 du-

131 2201 240 2274 bitare
261 2212 389 2296 potest,
415 2204 500 2297 quin
524 2203 613 2275 illico
641 2215 840 2275 surrectura
861 2202 919 2287 sit,
952 2203 981 2273 si
1002 2206 1162 2300 eruperit
1185 2228 1221 2278 se

130 2325 239 2394 Roma
259 2329 497 2419 cognoscere?
516 2325 584 2397 Sed
608 2326 683 2398 haeo
699 2326 843 2398 alterius
865 2327 1031 2419 temporis
1054 2338 1114 2399 ast
1136 2351 1221 2423 que

132 2448 213 2518 rela.
244 2450 448 2521 Solebamus
481 2470 566 2542 ergo
587 2460 667 2543 post
695 2448 942 2541 fatigationem,
978 2471 1090 2541 quam
1119 2450 1220 2524 nobis

131 2570 300 2642 immensa
314 2572 398 2643 urbs
412 2573 540 2645 ambita
554 2584 741 2667 pepererat,
757 2571 886 2666 saepius
899 2571 944 2644 ad
958 2572 1135 2645 Thermas
1143 2576 1220 2647 Dio

130 2693 296 2763 oletianas
323 2694 531 2775 subsistere:
559 2719 805 2790 nonnunquam
832 2717 916 2767 vero
938 2717 1046 2789 supra
1070 2700 1218 2772 testudi-

131 2836 209 2886 nem
243 2815 334 2886 illius
368 2817 725 2909 magnificentissimae
746 2821 825 2890 olim
848 2819 975 2892 domus
1005 2822 1217 2903 ascendere

129 2939 224 3032 quod
240 2950 277 3010 et
293 2961 354 3011 aer
375 2941 552 3025 salutaris,
582 2953 618 3014 et
634 2954 836 3037 prospectus
855 2942 951 3024 liber,
978 2953 1014 3013 et
1037 2944 1216 3018 silentium

130 3083 171 3131 ac
191 3064 310 3133 votiva
332 3062 482 3135 solitudo
504 3085 675 3156 nusquam
698 3064 822 3154 magis.
850 3062 899 3133 lbi
924 3063 970 3135 de
986 3068 1148 3157 negotiis
1170 3068 1217 3138 ni·

131 3184 175 3254 lril
209 3185 363 3256 omnino:
395 3185 479 3256 nibil
509 3187 553 3257 de
579 3208 617 3256 re
650 3187 823 3269 familiari,
855 3186 1010 3279 nihilque
1031 3188 1079 3260 de
1116 3213 1217 3285 repu-

131 3305 234 3387 blica,
265 3330 369 3398 quam
397 3311 503 3379 semel
527 3309 669 3380 llevisse
691 3310 776 3381 satis
802 3320 871 3380 est:
898 3321 933 3380 et
956 3311 1131 3386 euntibus
1159 3337 1217 3411 per

129 3428 257 3500 moenia
275 3431 394 3502 sractm
418 3430 512 3503 urbis
534 3442 569 3503 et
593 3433 660 3505 illio
686 3432 887 3505 sedentibus
913 3433 1096 3505 ruinarum
1126 3439 1218 3530 trag-

128 3561 245 3631 menta
267 3553 334 3625 sub
354 3556 462 3627 oculis
489 3565 599 3627 erant.
626 3557 720 3640 Quid·
745 3560 854 3649 ergo?
872 3558 1002 3628 Multus
1034 3560 1082 3630 de
1106 3561 1218 3635 histo

128 3675 187 3745 riis
206 3697 322 3748 sermo
342 3690 432 3762 erat,
454 3700 544 3771 quas
566 3680 611 3749 ita
639 3679 754 3773 partiti
780 3677 998 3762 videbamur,
1035 3692 1076 3751 ut
1101 3685 1139 3754 in
1159 3710 1219 3759 no

128 3800 182 3870 vis
209 3809 260 3882 tu,
288 3801 323 3870 in
344 3801 496 3892 antiquis
516 3823 583 3892 ego
609 3801 748 3873 viderer
772 3802 949 3893 expertior
976 3808 1025 3895 let
1051 3804 1220 3882 dicantur

127 3922 280 4014 antiquae
301 3945 531 4016 quaeonmque
549 3933 629 3993 ante
647 3923 857 3996 celebratum
873 3926 993 3996 Rornae
1009 3937 1049 3997 et
1068 3953 1221 4007 venera·

127 4056 198 4115 tum
220 4046 384 4117 Romanis
410 4047 623 4140 principibus
650 4048 776 4119 Christi
802 4071 942 4121 nomen:
969 4074 1078 4127 novae
1097 4072 1220 4133 autem

125 4188 172 4237 ex
193 4167 249 4239 illo
271 4170 446 4262 usquead
468 4171 557 4243 hano
578 4173 747 4257 aetateml;
783 4175 913 4245 multus
938 4199 1086 4271 qnoque
1110 4184 1161 4258 do
1183 4209 1222 4260 ea

126 4300 224 4382 parte
244 4292 488 4388 philosoplriae,
512 4317 593 4388 quae
619 4318 735 4368 moros
755 4297 906 4382 instruit,
927 4298 1008 4370 hinc
1029 4316 1145 4382 nacta
1167 4333 1223 4384 co

127 4430 287 4497 gnomen.
310 4418 485 4488 lntenlum
516 4441 601 4490 vero
621 4419 665 4491 de
685 4418 820 4491 artibus
840 4422 933 4491 etde
947 4443 1077 4499 earum
1097 4446 1223 4509 auoto-

128 4525 223 4599 ribus
244 4546 347 4625 atque
368 4540 553 4631 principiis.
576 4541 696 4633 ltaquo
713 4542 769 4613 die
788 4543 952 4634 quodam,
972 4546 1063 4622 dnm
1085 4555 1126 4629 in
1145 4584 1223 4635 eam
