<?xml version="1.0" encoding="UTF-8"?>
<!DOCTYPE html PUBLIC "-//W3C//DTD XHTML 1.0 Transitional//EN"
    "http://www.w3.org/TR/xhtml1/DTD/xhtml1-transitional.dtd">
<html xmlns="http://www.w3.org/1999/xhtml" xml:lang="en" lang="en">
 <head>
  <title>
</title>
<meta http-equiv="Content-Type" content="text/html;charset=utf-8" />
  <meta name='ocr-system' content='tesseract 3.04.00' />
  <meta name='ocr-capabilities' content='ocr_page ocr_carea ocr_par ocr_line ocrx_word'/>
</head>
<body>
  <div class='ocr_page' id='page_1' title='image "./epistolaederebu00fracgoog_0555.png"; bbox 0 0 2692 5024; ppageno 0'>
   <div class='ocr_carea' id='block_1_1' title="bbox 122 546 873 608">
    <p class='ocr_par' dir='ltr' id='par_1_1' title="bbox 122 546 873 608">
     <span class='ocr_line' id='line_1_1' title="bbox 122 546 873 608; baseline -0.015 -1"><span class='ocrx_word' id='word_1_1' title='bbox 122 547 180 608; x_wconf 69' lang='grc'><strong>392</strong></span> <span class='ocrx_word' id='word_1_2' title='bbox 465 553 506 601; x_wconf 78' lang='lat' dir='ltr'><strong>bl:</strong></span> <span class='ocrx_word' id='word_1_3' title='bbox 528 550 628 601; x_wconf 67' lang='lat' dir='ltr'><strong>nultus</strong></span> <span class='ocrx_word' id='word_1_4' title='bbox 650 546 873 598; x_wconf 63' lang='lat' dir='ltr'><strong>assumamus</strong></span> 
     </span>
    </p>
   </div>
   <div class='ocr_carea' id='block_1_2' title="bbox 122 696 1228 4444">
    <p class='ocr_par' dir='ltr' id='par_1_2' title="bbox 122 696 1228 4444">
     <span class='ocr_line' id='line_1_2' title="bbox 122 696 1217 776; baseline -0.007 0"><span class='ocrx_word' id='word_1_5' title='bbox 122 705 224 776; x_wconf 89' lang='lat' dir='ltr'><strong>citius</strong></span> <span class='ocrx_word' id='word_1_6' title='bbox 257 702 411 774; x_wconf 85' lang='lat' dir='ltr'><strong>abiisset.</strong></span> <span class='ocrx_word' id='word_1_7' title='bbox 446 702 619 773; x_wconf 86' lang='lat' dir='ltr'><strong>Caetcrum</strong></span> <span class='ocrx_word' id='word_1_8' title='bbox 650 696 835 770; x_wconf 80' lang='lat' dir='ltr'><strong>solicitudo</strong></span> <span class='ocrx_word' id='word_1_9' title='bbox 860 714 902 767; x_wconf 90' lang='lat' dir='ltr'><strong>ac</strong></span> <span class='ocrx_word' id='word_1_10' title='bbox 924 701 1049 765; x_wconf 87' lang='lat' dir='ltr'><strong>melus</strong></span> <span class='ocrx_word' id='word_1_11' title='bbox 1076 697 1217 768; x_wconf 87' lang='lat' dir='ltr'><strong>nonnisi</strong></span> 
     </span>
     <span class='ocr_line' id='line_1_3' title="bbox 123 815 1213 920; baseline -0.011 -23"><span class='ocrx_word' id='word_1_12' title='bbox 123 825 339 920; x_wconf 83' lang='lat' dir='ltr'><strong>expectantis</strong></span> <span class='ocrx_word' id='word_1_13' title='bbox 360 823 463 894; x_wconf 90' lang='lat' dir='ltr'><strong>animi</strong></span> <span class='ocrx_word' id='word_1_14' title='bbox 484 842 566 893; x_wconf 86' lang='lat' dir='ltr'><strong>esse</strong></span> <span class='ocrx_word' id='word_1_15' title='bbox 588 823 684 892; x_wconf 89' lang='lat' dir='ltr'><strong>solet.</strong></span> <span class='ocrx_word' id='word_1_16' title='bbox 707 819 773 904; x_wconf 89' lang='lat' dir='ltr'><strong>Qui</strong></span> <span class='ocrx_word' id='word_1_17' title='bbox 796 819 862 889; x_wconf 89' lang='lat' dir='ltr'><strong>iam</strong></span> <span class='ocrx_word' id='word_1_18' title='bbox 886 838 992 888; x_wconf 91' lang='lat' dir='ltr'><strong>snum</strong></span> <span class='ocrx_word' id='word_1_19' title='bbox 1012 815 1159 909; x_wconf 87' lang='lat' dir='ltr'><strong>recepit,</strong></span> <span class='ocrx_word' id='word_1_20' title='bbox 1179 818 1213 886; x_wconf 91' lang='lat' dir='ltr'><strong>in</strong></span> 
     </span>
     <span class='ocr_line' id='line_1_4' title="bbox 126 938 1198 1031; baseline -0.01 -12"><span class='ocrx_word' id='word_1_21' title='bbox 126 959 198 1019; x_wconf 88' lang='lat' dir='ltr'><strong>tuto</strong></span> <span class='ocrx_word' id='word_1_22' title='bbox 218 954 285 1018; x_wconf 90' lang='lat' dir='ltr'><strong>est.</strong></span> <span class='ocrx_word' id='word_1_23' title='bbox 306 947 481 1031; x_wconf 84' lang='lat' dir='ltr'><strong>Quantum</strong></span> <span class='ocrx_word' id='word_1_24' title='bbox 506 964 589 1014; x_wconf 91' lang='lat' dir='ltr'><strong>vero</strong></span> <span class='ocrx_word' id='word_1_25' title='bbox 611 943 775 1013; x_wconf 89' lang='lat' dir='ltr'><strong>solatium</strong></span> <span class='ocrx_word' id='word_1_26' title='bbox 797 939 965 1012; x_wconf 83' lang='lat' dir='ltr'><strong>fortitudo</strong></span> <span class='ocrx_word' id='word_1_27' title='bbox 988 950 1050 1010; x_wconf 88' lang='lat' dir='ltr'><strong>tua</strong></span> <span class='ocrx_word' id='word_1_28' title='bbox 1073 938 1138 1010; x_wconf 91' lang='lat' dir='ltr'><strong>sibi</strong></span> <span class='ocrx_word' id='word_1_29' title='bbox 1156 940 1198 1009; x_wconf 92' lang='lat' dir='ltr'><strong>ti-</strong></span> 
     </span>
     <span class='ocr_line' id='line_1_5' title="bbox 124 1061 1215 1156; baseline -0.009 -14"><span class='ocrx_word' id='word_1_30' title='bbox 124 1070 207 1142; x_wconf 86' lang='lat' dir='ltr'><strong>buet</strong></span> <span class='ocrx_word' id='word_1_31' title='bbox 231 1069 319 1140; x_wconf 88' lang='lat' dir='ltr'><strong>inter</strong></span> <span class='ocrx_word' id='word_1_32' title='bbox 352 1067 480 1139; x_wconf 84' lang='lat' dir='ltr'><strong>seniles</strong></span> <span class='ocrx_word' id='word_1_33' title='bbox 514 1067 710 1156; x_wconf 76' lang='lat' dir='ltr'><strong>angustias,</strong></span> <span class='ocrx_word' id='word_1_34' title='bbox 745 1063 877 1156; x_wconf 87' lang='lat' dir='ltr'><strong>quibus</strong></span> <span class='ocrx_word' id='word_1_35' title='bbox 909 1083 991 1134; x_wconf 89' lang='lat' dir='ltr'><strong>eum</strong></span> <span class='ocrx_word' id='word_1_36' title='bbox 1028 1061 1099 1132; x_wconf 88' lang='lat' dir='ltr'><strong>sub</strong></span> <span class='ocrx_word' id='word_1_37' title='bbox 1132 1062 1215 1132; x_wconf 79' lang='lat' dir='ltr'><strong>vitae</strong></span> 
     </span>
     <span class='ocr_line' id='line_1_6' title="bbox 126 1184 1216 1282; baseline -0.006 -21"><span class='ocrx_word' id='word_1_38' title='bbox 126 1191 229 1264; x_wconf 88' lang='lat' dir='ltr'><strong>finem</strong></span> <span class='ocrx_word' id='word_1_39' title='bbox 249 1193 348 1262; x_wconf 79' lang='lat' dir='ltr'><strong>ferox</strong></span> <span class='ocrx_word' id='word_1_40' title='bbox 370 1188 538 1282; x_wconf 79' lang='lat' dir='ltr'><strong>implicuit</strong></span> <span class='ocrx_word' id='word_1_41' title='bbox 558 1189 707 1270; x_wconf 86' lang='lat' dir='ltr'><strong>fortuna,</strong></span> <span class='ocrx_word' id='word_1_42' title='bbox 730 1196 766 1256; x_wconf 86' lang='lat' dir='ltr'><strong>et</strong></span> <span class='ocrx_word' id='word_1_43' title='bbox 792 1185 883 1257; x_wconf 90' lang='lat' dir='ltr'><strong>unde</strong></span> <span class='ocrx_word' id='word_1_44' title='bbox 910 1185 1010 1255; x_wconf 92' lang='lat' dir='ltr'><strong>illum</strong></span> <span class='ocrx_word' id='word_1_45' title='bbox 1038 1184 1216 1276; x_wconf 86' lang='lat' dir='ltr'><strong>explicare</strong></span> 
     </span>
     <span class='ocr_line' id='line_1_7' title="bbox 126 1305 1213 1404; baseline -0.008 -19"><span class='ocrx_word' id='word_1_46' title='bbox 126 1315 264 1387; x_wconf 92' lang='lat' dir='ltr'><strong>nonnisi</strong></span> <span class='ocrx_word' id='word_1_47' title='bbox 298 1314 354 1382; x_wconf 89' lang='lat' dir='ltr'><strong>vel</strong></span> <span class='ocrx_word' id='word_1_48' title='bbox 386 1310 524 1404; x_wconf 89' lang='lat' dir='ltr'><strong>propria</strong></span> <span class='ocrx_word' id='word_1_49' title='bbox 550 1311 606 1379; x_wconf 93' lang='lat' dir='ltr'><strong>vel</strong></span> <span class='ocrx_word' id='word_1_50' title='bbox 632 1307 830 1400; x_wconf 75' lang='lat' dir='ltr'><strong>superstitis</strong></span> <span class='ocrx_word' id='word_1_51' title='bbox 857 1305 916 1376; x_wconf 90' lang='lat' dir='ltr'><strong>filii</strong></span> <span class='ocrx_word' id='word_1_52' title='bbox 944 1306 1060 1378; x_wconf 91' lang='lat' dir='ltr'><strong>virtus</strong></span> <span class='ocrx_word' id='word_1_53' title='bbox 1086 1316 1213 1400; x_wconf 84' lang='lat' dir='ltr'><strong>polest.</strong></span> 
     </span>
     <span class='ocr_line' id='line_1_8' title="bbox 127 1427 1212 1523; baseline -0.006 -16"><span class='ocrx_word' id='word_1_54' title='bbox 127 1437 222 1518; x_wconf 88' lang='lat' dir='ltr'><strong>llaec,</strong></span> <span class='ocrx_word' id='word_1_55' title='bbox 244 1434 352 1506; x_wconf 86' lang='lat' dir='ltr'><strong>ethis</strong></span> <span class='ocrx_word' id='word_1_56' title='bbox 377 1432 500 1502; x_wconf 88' lang='lat' dir='ltr'><strong>similia</strong></span> <span class='ocrx_word' id='word_1_57' title='bbox 522 1431 706 1523; x_wconf 86' lang='lat' dir='ltr'><strong>praesentis</strong></span> <span class='ocrx_word' id='word_1_58' title='bbox 727 1430 806 1501; x_wconf 89' lang='lat' dir='ltr'><strong>mali</strong></span> <span class='ocrx_word' id='word_1_59' title='bbox 827 1428 984 1501; x_wconf 88' lang='lat' dir='ltr'><strong>remedia</strong></span> <span class='ocrx_word' id='word_1_60' title='bbox 1007 1427 1072 1499; x_wconf 92' lang='lat' dir='ltr'><strong>tibi</strong></span> <span class='ocrx_word' id='word_1_61' title='bbox 1095 1439 1212 1513; x_wconf 80' lang='lat' dir='ltr'><strong>sunt03</strong></span> 
     </span>
     <span class='ocr_line' id='line_1_9' title="bbox 127 1551 1212 1646; baseline -0.001 -20"><span class='ocrx_word' id='word_1_62' title='bbox 127 1557 258 1646; x_wconf 86' lang='lat' dir='ltr'><strong>reliqua</strong></span> <span class='ocrx_word' id='word_1_63' title='bbox 277 1552 385 1635; x_wconf 88' lang='lat' dir='ltr'><strong>enim,</strong></span> <span class='ocrx_word' id='word_1_64' title='bbox 404 1573 485 1644; x_wconf 88' lang='lat' dir='ltr'><strong>quae</strong></span> <span class='ocrx_word' id='word_1_65' title='bbox 503 1551 656 1623; x_wconf 88' lang='lat' dir='ltr'><strong>remedia</strong></span> <span class='ocrx_word' id='word_1_66' title='bbox 674 1552 852 1637; x_wconf 86' lang='lat' dir='ltr'><strong>videntur,</strong></span> <span class='ocrx_word' id='word_1_67' title='bbox 875 1551 1008 1622; x_wconf 87' lang='lat' dir='ltr'><strong>stimuli</strong></span> <span class='ocrx_word' id='word_1_68' title='bbox 1028 1563 1133 1623; x_wconf 90' lang='lat' dir='ltr'><strong>sunt:</strong></span> <span class='ocrx_word' id='word_1_69' title='bbox 1151 1574 1212 1626; x_wconf 93' lang='lat' dir='ltr'><strong>non</strong></span> 
     </span>
     <span class='ocr_line' id='line_1_10' title="bbox 126 1659 1211 1760; baseline -0.002 -12"><span class='ocrx_word' id='word_1_70' title='bbox 126 1675 276 1758; x_wconf 90' lang='lat' dir='ltr'><strong>leniunt,</strong></span> <span class='ocrx_word' id='word_1_71' title='bbox 313 1673 377 1745; x_wconf 87' lang='lat' dir='ltr'><strong>sed</strong></span> <span class='ocrx_word' id='word_1_72' title='bbox 410 1674 586 1746; x_wconf 75' lang='lat' dir='ltr'><strong>acerbant.</strong></span> <span class='ocrx_word' id='word_1_73' title='bbox 619 1675 713 1745; x_wconf 87' lang='lat' dir='ltr'><strong>lllors</strong></span> <span class='ocrx_word' id='word_1_74' title='bbox 743 1696 808 1746; x_wconf 91' lang='lat' dir='ltr'><strong>nec</strong></span> <span class='ocrx_word' id='word_1_75' title='bbox 830 1659 984 1746; x_wconf 90' lang='lat' dir='ltr'><strong>lacrimis</strong></span> <span class='ocrx_word' id='word_1_76' title='bbox 1014 1676 1211 1760; x_wconf 81' lang='lat' dir='ltr'><strong>redimitur,</strong></span> 
     </span>
     <span class='ocr_line' id='line_1_11' title="bbox 128 1796 1211 1892; baseline 0.001 -24"><span class='ocrx_word' id='word_1_77' title='bbox 128 1821 193 1869; x_wconf 88' lang='lat' dir='ltr'><strong>nec</strong></span> <span class='ocrx_word' id='word_1_78' title='bbox 213 1796 372 1867; x_wconf 89' lang='lat' dir='ltr'><strong>lamentis</strong></span> <span class='ocrx_word' id='word_1_79' title='bbox 394 1797 562 1879; x_wconf 85' lang='lat' dir='ltr'><strong>vincitur;</strong></span> <span class='ocrx_word' id='word_1_80' title='bbox 584 1796 687 1867; x_wconf 88' lang='lat' dir='ltr'><strong>vitari</strong></span> <span class='ocrx_word' id='word_1_81' title='bbox 709 1819 777 1868; x_wconf 92' lang='lat' dir='ltr'><strong>non</strong></span> <span class='ocrx_word' id='word_1_82' title='bbox 797 1807 925 1892; x_wconf 82' lang='lat' dir='ltr'><strong>potest,</strong></span> <span class='ocrx_word' id='word_1_83' title='bbox 950 1797 1072 1892; x_wconf 82' lang='lat' dir='ltr'><strong>sperni</strong></span> <span class='ocrx_word' id='word_1_84' title='bbox 1091 1808 1211 1892; x_wconf 83' lang='lat' dir='ltr'><strong>polest</strong></span> 
     </span>
     <span class='ocr_line' id='line_1_12' title="bbox 128 1917 1212 2014; baseline 0.002 -24"><span class='ocrx_word' id='word_1_85' title='bbox 128 1921 211 1991; x_wconf 87' lang='lat' dir='ltr'><strong>Haec</strong></span> <span class='ocrx_word' id='word_1_86' title='bbox 243 1918 490 2014; x_wconf 87' lang='lat' dir='ltr'><strong>insuperabilis</strong></span> <span class='ocrx_word' id='word_1_87' title='bbox 522 1928 558 1988; x_wconf 86' lang='lat' dir='ltr'><strong>et</strong></span> <span class='ocrx_word' id='word_1_88' title='bbox 591 1917 800 1989; x_wconf 91' lang='lat' dir='ltr'><strong>inevitabilis</strong></span> <span class='ocrx_word' id='word_1_89' title='bbox 826 1919 906 1989; x_wconf 89' lang='lat' dir='ltr'><strong>mali</strong></span> <span class='ocrx_word' id='word_1_90' title='bbox 934 1918 1044 1990; x_wconf 88' lang='lat' dir='ltr'><strong>huius</strong></span> <span class='ocrx_word' id='word_1_91' title='bbox 1072 1919 1212 1992; x_wconf 87' lang='lat' dir='ltr'><strong>victoria</strong></span> 
     </span>
     <span class='ocr_line' id='line_1_13' title="bbox 131 2041 1213 2135; baseline 0.002 -23"><span class='ocrx_word' id='word_1_92' title='bbox 131 2045 203 2114; x_wconf 91' lang='lat' dir='ltr'><strong>sola</strong></span> <span class='ocrx_word' id='word_1_93' title='bbox 223 2051 288 2113; x_wconf 89' lang='lat' dir='ltr'><strong>est.</strong></span> <span class='ocrx_word' id='word_1_94' title='bbox 310 2041 471 2113; x_wconf 89' lang='lat' dir='ltr'><strong>Pluribus</strong></span> <span class='ocrx_word' id='word_1_95' title='bbox 492 2063 646 2133; x_wconf 79' lang='lat' dir='ltr'><strong>agerem,</strong></span> <span class='ocrx_word' id='word_1_96' title='bbox 669 2041 736 2112; x_wconf 90' lang='lat' dir='ltr'><strong>nisi</strong></span> <span class='ocrx_word' id='word_1_97' title='bbox 759 2042 881 2113; x_wconf 89' lang='lat' dir='ltr'><strong>scirem</strong></span> <span class='ocrx_word' id='word_1_98' title='bbox 903 2041 999 2135; x_wconf 91' lang='lat' dir='ltr'><strong>qnod</strong></span> <span class='ocrx_word' id='word_1_99' title='bbox 1019 2053 1166 2114; x_wconf 90' lang='lat' dir='ltr'><strong>erectus</strong></span> <span class='ocrx_word' id='word_1_100' title='bbox 1183 2054 1213 2114; x_wconf 87' lang='lat' dir='ltr'><strong>et</strong></span> 
     </span>
     <span class='ocr_line' id='line_1_14' title="bbox 131 2163 1214 2256; baseline 0 -21"><span class='ocrx_word' id='word_1_101' title='bbox 131 2166 186 2235; x_wconf 90' lang='lat' dir='ltr'><strong>sui</strong></span> <span class='ocrx_word' id='word_1_102' title='bbox 206 2185 341 2235; x_wconf 90' lang='lat' dir='ltr'><strong>memor</strong></span> <span class='ocrx_word' id='word_1_103' title='bbox 361 2164 499 2235; x_wconf 88' lang='lat' dir='ltr'><strong>animus</strong></span> <span class='ocrx_word' id='word_1_104' title='bbox 521 2163 654 2256; x_wconf 88' lang='lat' dir='ltr'><strong>loquaci</strong></span> <span class='ocrx_word' id='word_1_105' title='bbox 681 2165 896 2235; x_wconf 82' lang='lat' dir='ltr'><strong>consolatore</strong></span> <span class='ocrx_word' id='word_1_106' title='bbox 917 2185 986 2234; x_wconf 95' lang='lat' dir='ltr'><strong>non</strong></span> <span class='ocrx_word' id='word_1_107' title='bbox 1003 2172 1101 2256; x_wconf 80' lang='lat' dir='ltr'><strong>eget.</strong></span> <span class='ocrx_word' id='word_1_108' title='bbox 1120 2164 1214 2236; x_wconf 79' lang='lat' dir='ltr'><strong>Deio</strong></span> 
     </span>
     <span class='ocr_line' id='line_1_15' title="bbox 131 2284 1214 2380; baseline 0.002 -23"><span class='ocrx_word' id='word_1_109' title='bbox 131 2297 224 2357; x_wconf 90' lang='lat' dir='ltr'><strong>ctum</strong></span> <span class='ocrx_word' id='word_1_110' title='bbox 252 2309 338 2358; x_wconf 88' lang='lat' dir='ltr'><strong>vero</strong></span> <span class='ocrx_word' id='word_1_111' title='bbox 368 2296 404 2358; x_wconf 87' lang='lat' dir='ltr'><strong>et</strong></span> <span class='ocrx_word' id='word_1_112' title='bbox 428 2286 579 2380; x_wconf 76' lang='lat' dir='ltr'><strong>propriae</strong></span> <span class='ocrx_word' id='word_1_113' title='bbox 605 2284 790 2357; x_wconf 87' lang='lat' dir='ltr'><strong>nobilitatis</strong></span> <span class='ocrx_word' id='word_1_114' title='bbox 823 2284 965 2355; x_wconf 90' lang='lat' dir='ltr'><strong>oblitum</strong></span> <span class='ocrx_word' id='word_1_115' title='bbox 1000 2286 1117 2358; x_wconf 87' lang='lat' dir='ltr'><strong>verba</strong></span> <span class='ocrx_word' id='word_1_116' title='bbox 1151 2307 1214 2358; x_wconf 87' lang='lat' dir='ltr'><strong>nou</strong></span> 
     </span>
     <span class='ocr_line' id='line_1_16' title="bbox 132 2405 1214 2503; baseline 0.003 -24"><span class='ocrx_word' id='word_1_117' title='bbox 132 2411 281 2499; x_wconf 76' lang='lat' dir='ltr'><strong>erigunt.</strong></span> <span class='ocrx_word' id='word_1_118' title='bbox 307 2411 417 2499; x_wconf 83' lang='lat' dir='ltr'><strong>Perge</strong></span> <span class='ocrx_word' id='word_1_119' title='bbox 446 2408 548 2478; x_wconf 86' lang='lat' dir='ltr'><strong>modo</strong></span> <span class='ocrx_word' id='word_1_120' title='bbox 574 2430 643 2498; x_wconf 89' lang='lat' dir='ltr'><strong>qua</strong></span> <span class='ocrx_word' id='word_1_121' title='bbox 668 2406 823 2500; x_wconf 81' lang='lat' dir='ltr'><strong>coepisti3</strong></span> <span class='ocrx_word' id='word_1_122' title='bbox 849 2416 884 2476; x_wconf 92' lang='lat' dir='ltr'><strong>et</strong></span> <span class='ocrx_word' id='word_1_123' title='bbox 909 2405 999 2478; x_wconf 89' lang='lat' dir='ltr'><strong>bona</strong></span> <span class='ocrx_word' id='word_1_124' title='bbox 1026 2406 1099 2479; x_wconf 87' lang='lat' dir='ltr'><strong>fide</strong></span> <span class='ocrx_word' id='word_1_125' title='bbox 1126 2409 1214 2503; x_wconf 87' lang='lat' dir='ltr'><strong>quod</strong></span> 
     </span>
     <span class='ocr_line' id='line_1_17' title="bbox 134 2527 1216 2626; baseline 0.003 -27"><span class='ocrx_word' id='word_1_126' title='bbox 134 2543 307 2601; x_wconf 87' lang='lat' dir='ltr'><strong>monstras</strong></span> <span class='ocrx_word' id='word_1_127' title='bbox 330 2531 500 2610; x_wconf 69' lang='lat' dir='ltr'><strong>exterius</strong></span> <span class='ocrx_word' id='word_1_128' title='bbox 528 2529 619 2599; x_wconf 89' lang='lat' dir='ltr'><strong>intus</strong></span> <span class='ocrx_word' id='word_1_129' title='bbox 646 2551 726 2619; x_wconf 80' lang='lat' dir='ltr'><strong>age,</strong></span> <span class='ocrx_word' id='word_1_130' title='bbox 754 2552 798 2601; x_wconf 88' lang='lat' dir='ltr'><strong>ne</strong></span> <span class='ocrx_word' id='word_1_131' title='bbox 824 2531 910 2600; x_wconf 85' lang='lat' dir='ltr'><strong>sorte</strong></span> <span class='ocrx_word' id='word_1_132' title='bbox 936 2527 1004 2599; x_wconf 89' lang='lat' dir='ltr'><strong>sub</strong></span> <span class='ocrx_word' id='word_1_133' title='bbox 1031 2534 1216 2626; x_wconf 88' lang='lat' dir='ltr'><strong>tranquilla</strong></span> 
     </span>
     <span class='ocr_line' id='line_1_18' title="bbox 134 2650 1217 2744; baseline 0.005 -23"><span class='ocrx_word' id='word_1_134' title='bbox 134 2655 244 2722; x_wconf 85' lang='lat' dir='ltr'><strong>fronte</strong></span> <span class='ocrx_word' id='word_1_135' title='bbox 278 2650 415 2720; x_wconf 89' lang='lat' dir='ltr'><strong>turbida</strong></span> <span class='ocrx_word' id='word_1_136' title='bbox 454 2671 554 2719; x_wconf 91' lang='lat' dir='ltr'><strong>mens</strong></span> <span class='ocrx_word' id='word_1_137' title='bbox 592 2650 710 2735; x_wconf 89' lang='lat' dir='ltr'><strong>lateat,</strong></span> <span class='ocrx_word' id='word_1_138' title='bbox 746 2652 841 2744; x_wconf 92' lang='lat' dir='ltr'><strong>quod</strong></span> <span class='ocrx_word' id='word_1_139' title='bbox 878 2652 1217 2744; x_wconf 88' lang='lat' dir='ltr'><strong>periculosissimum</strong></span> 
     </span>
     <span class='ocr_line' id='line_1_19' title="bbox 135 2770 1218 2866; baseline 0.004 -22"><span class='ocrx_word' id='word_1_140' title='bbox 135 2774 251 2844; x_wconf 89' lang='lat' dir='ltr'><strong>multis</strong></span> <span class='ocrx_word' id='word_1_141' title='bbox 271 2772 352 2855; x_wconf 85' lang='lat' dir='ltr'><strong>luit,</strong></span> <span class='ocrx_word' id='word_1_142' title='bbox 373 2771 470 2853; x_wconf 90' lang='lat' dir='ltr'><strong>dum,</strong></span> <span class='ocrx_word' id='word_1_143' title='bbox 485 2770 715 2843; x_wconf 91' lang='lat' dir='ltr'><strong>dissimulatis</strong></span> <span class='ocrx_word' id='word_1_144' title='bbox 736 2772 924 2857; x_wconf 67' lang='lat' dir='ltr'><strong>ulceribus</strong></span> <span class='ocrx_word' id='word_1_145' title='bbox 942 2773 976 2842; x_wconf 96' lang='lat' dir='ltr'><strong>in</strong></span> <span class='ocrx_word' id='word_1_146' title='bbox 998 2773 1143 2866; x_wconf 90' lang='lat' dir='ltr'><strong>publico</strong></span> <span class='ocrx_word' id='word_1_147' title='bbox 1160 2798 1218 2848; x_wconf 78' lang='lat' dir='ltr'><strong>ve</strong></span> 
     </span>
     <span class='ocr_line' id='line_1_20' title="bbox 136 2893 1220 2980; baseline 0 -13"><span class='ocrx_word' id='word_1_148' title='bbox 136 2900 184 2968; x_wconf 88' lang='lat' dir='ltr'><strong>lut</strong></span> <span class='ocrx_word' id='word_1_149' title='bbox 205 2897 285 2980; x_wconf 77' lang='lat' dir='ltr'><strong>laeti,</strong></span> <span class='ocrx_word' id='word_1_150' title='bbox 306 2897 340 2964; x_wconf 92' lang='lat' dir='ltr'><strong>in</strong></span> <span class='ocrx_word' id='word_1_151' title='bbox 358 2893 532 2964; x_wconf 87' lang='lat' dir='ltr'><strong>cubilibus</strong></span> <span class='ocrx_word' id='word_1_152' title='bbox 553 2894 626 2964; x_wconf 92' lang='lat' dir='ltr'><strong>suis</strong></span> <span class='ocrx_word' id='word_1_153' title='bbox 641 2895 769 2976; x_wconf 87' lang='lat' dir='ltr'><strong>moesti,</strong></span> <span class='ocrx_word' id='word_1_154' title='bbox 789 2894 907 2964; x_wconf 85' lang='lat' dir='ltr'><strong>latenti</strong></span> <span class='ocrx_word' id='word_1_155' title='bbox 926 2915 1079 2965; x_wconf 88' lang='lat' dir='ltr'><strong>moerore</strong></span> <span class='ocrx_word' id='word_1_156' title='bbox 1097 2895 1220 2967; x_wconf 87' lang='lat' dir='ltr'><strong>tabue-</strong></span> 
     </span>
     <span class='ocr_line' id='line_1_21' title="bbox 136 3017 1220 3111; baseline 0.002 -24"><span class='ocrx_word' id='word_1_157' title='bbox 136 3032 224 3089; x_wconf 85' lang='lat' dir='ltr'><strong>runt.</strong></span> <span class='ocrx_word' id='word_1_158' title='bbox 245 3019 371 3089; x_wconf 91' lang='lat' dir='ltr'><strong>Parum</strong></span> <span class='ocrx_word' id='word_1_159' title='bbox 395 3017 470 3088; x_wconf 87' lang='lat' dir='ltr'><strong>sani</strong></span> <span class='ocrx_word' id='word_1_160' title='bbox 490 3017 611 3111; x_wconf 86' lang='lat' dir='ltr'><strong>capitis</strong></span> <span class='ocrx_word' id='word_1_161' title='bbox 633 3026 667 3086; x_wconf 91' lang='lat' dir='ltr'><strong>et</strong></span> <span class='ocrx_word' id='word_1_162' title='bbox 693 3017 726 3085; x_wconf 93' lang='lat' dir='ltr'><strong>in</strong></span> <span class='ocrx_word' id='word_1_163' title='bbox 754 3017 938 3107; x_wconf 89' lang='lat' dir='ltr'><strong>pernicicm</strong></span> <span class='ocrx_word' id='word_1_164' title='bbox 966 3017 1147 3109; x_wconf 82' lang='lat' dir='ltr'><strong>propriam</strong></span> <span class='ocrx_word' id='word_1_165' title='bbox 1174 3019 1220 3089; x_wconf 91' lang='lat' dir='ltr'><strong>la·</strong></span> 
     </span>
     <span class='ocr_line' id='line_1_22' title="bbox 136 3137 1221 3231; baseline 0.001 -21"><span class='ocrx_word' id='word_1_166' title='bbox 136 3141 289 3210; x_wconf 87' lang='lat' dir='ltr'><strong>borantis</strong></span> <span class='ocrx_word' id='word_1_167' title='bbox 315 3151 369 3209; x_wconf 88' lang='lat' dir='ltr'><strong>est</strong></span> <span class='ocrx_word' id='word_1_168' title='bbox 400 3139 467 3208; x_wconf 87' lang='lat' dir='ltr'><strong>ista</strong></span> <span class='ocrx_word' id='word_1_169' title='bbox 493 3138 682 3221; x_wconf 77' lang='lat' dir='ltr'><strong>calliditas3</strong></span> <span class='ocrx_word' id='word_1_170' title='bbox 709 3138 949 3229; x_wconf 66' lang='lat' dir='ltr'><strong>{egritudinem</strong></span> <span class='ocrx_word' id='word_1_171' title='bbox 985 3137 1160 3231; x_wconf 88' lang='lat' dir='ltr'><strong>profiteri,</strong></span> <span class='ocrx_word' id='word_1_172' title='bbox 1187 3150 1221 3211; x_wconf 93' lang='lat' dir='ltr'><strong>et</strong></span> 
     </span>
     <span class='ocr_line' id='line_1_23' title="bbox 137 3258 1221 3352; baseline 0.003 -23"><span class='ocrx_word' id='word_1_173' title='bbox 137 3263 248 3352; x_wconf 85' lang='lat' dir='ltr'><strong>palam</strong></span> <span class='ocrx_word' id='word_1_174' title='bbox 275 3260 356 3328; x_wconf 89' lang='lat' dir='ltr'><strong>llere</strong></span> <span class='ocrx_word' id='word_1_175' title='bbox 384 3259 542 3329; x_wconf 89' lang='lat' dir='ltr'><strong>securius</strong></span> <span class='ocrx_word' id='word_1_176' title='bbox 567 3268 632 3327; x_wconf 87' lang='lat' dir='ltr'><strong>est.</strong></span> <span class='ocrx_word' id='word_1_177' title='bbox 659 3260 827 3350; x_wconf 88' lang='lat' dir='ltr'><strong>Denique,</strong></span> <span class='ocrx_word' id='word_1_178' title='bbox 847 3258 940 3352; x_wconf 86' lang='lat' dir='ltr'><strong>quod</strong></span> <span class='ocrx_word' id='word_1_179' title='bbox 959 3279 1054 3350; x_wconf 70' lang='lat' dir='ltr'><strong>saepe</strong></span> <span class='ocrx_word' id='word_1_180' title='bbox 1082 3261 1221 3332; x_wconf 85' lang='lat' dir='ltr'><strong>dixisse</strong></span> 
     </span>
     <span class='ocr_line' id='line_1_24' title="bbox 136 3379 1221 3472; baseline 0.003 -21"><span class='ocrx_word' id='word_1_181' title='bbox 136 3402 269 3451; x_wconf 85' lang='lat' dir='ltr'><strong>mernor</strong></span> <span class='ocrx_word' id='word_1_182' title='bbox 296 3403 385 3464; x_wconf 89' lang='lat' dir='ltr'><strong>sum,</strong></span> <span class='ocrx_word' id='word_1_183' title='bbox 413 3391 447 3451; x_wconf 91' lang='lat' dir='ltr'><strong>et</strong></span> <span class='ocrx_word' id='word_1_184' title='bbox 471 3379 656 3450; x_wconf 89' lang='lat' dir='ltr'><strong>dicendum</strong></span> <span class='ocrx_word' id='word_1_185' title='bbox 684 3381 812 3472; x_wconf 86' lang='lat' dir='ltr'><strong>saepius</strong></span> <span class='ocrx_word' id='word_1_186' title='bbox 838 3379 1017 3463; x_wconf 79' lang='lat' dir='ltr'><strong>existimo,</strong></span> <span class='ocrx_word' id='word_1_187' title='bbox 1045 3383 1118 3453; x_wconf 88' lang='lat' dir='ltr'><strong>alto</strong></span> <span class='ocrx_word' id='word_1_188' title='bbox 1146 3385 1221 3454; x_wconf 91' lang='lat' dir='ltr'><strong>loco</strong></span> 
     </span>
     <span class='ocr_line' id='line_1_25' title="bbox 137 3502 1221 3596; baseline 0.001 -24"><span class='ocrx_word' id='word_1_189' title='bbox 137 3506 224 3575; x_wconf 86' lang='lat' dir='ltr'><strong>situs</strong></span> <span class='ocrx_word' id='word_1_190' title='bbox 245 3525 296 3586; x_wconf 88' lang='lat' dir='ltr'><strong>es,</strong></span> <span class='ocrx_word' id='word_1_191' title='bbox 320 3503 412 3572; x_wconf 91' lang='lat' dir='ltr'><strong>unde</strong></span> <span class='ocrx_word' id='word_1_192' title='bbox 433 3513 610 3593; x_wconf 91' lang='lat' dir='ltr'><strong>aspectum</strong></span> <span class='ocrx_word' id='word_1_193' title='bbox 632 3511 668 3570; x_wconf 88' lang='lat' dir='ltr'><strong>et</strong></span> <span class='ocrx_word' id='word_1_194' title='bbox 687 3502 812 3573; x_wconf 88' lang='lat' dir='ltr'><strong>iudicia</strong></span> <span class='ocrx_word' id='word_1_195' title='bbox 834 3524 1085 3596; x_wconf 86' lang='lat' dir='ltr'><strong>sermonesque</strong></span> <span class='ocrx_word' id='word_1_196' title='bbox 1108 3504 1221 3575; x_wconf 90' lang='lat' dir='ltr'><strong>homi-</strong></span> 
     </span>
     <span class='ocr_line' id='line_1_26' title="bbox 137 3622 1223 3713; baseline 0.001 -18"><span class='ocrx_word' id='word_1_197' title='bbox 137 3647 217 3695; x_wconf 88' lang='lat' dir='ltr'><strong>num</strong></span> <span class='ocrx_word' id='word_1_198' title='bbox 239 3623 390 3712; x_wconf 82' lang='lat' dir='ltr'><strong>elingere</strong></span> <span class='ocrx_word' id='word_1_199' title='bbox 408 3643 475 3691; x_wconf 92' lang='lat' dir='ltr'><strong>non</strong></span> <span class='ocrx_word' id='word_1_200' title='bbox 497 3631 612 3713; x_wconf 87' lang='lat' dir='ltr'><strong>potes;</strong></span> <span class='ocrx_word' id='word_1_201' title='bbox 638 3644 707 3713; x_wconf 90' lang='lat' dir='ltr'><strong>quo</strong></span> <span class='ocrx_word' id='word_1_202' title='bbox 725 3623 920 3692; x_wconf 80' lang='lat' dir='ltr'><strong>accuratius</strong></span> <span class='ocrx_word' id='word_1_203' title='bbox 939 3622 999 3692; x_wconf 93' lang='lat' dir='ltr'><strong>tibi</strong></span> <span class='ocrx_word' id='word_1_204' title='bbox 1021 3622 1164 3694; x_wconf 90' lang='lat' dir='ltr'><strong>decoris</strong></span> <span class='ocrx_word' id='word_1_205' title='bbox 1183 3645 1223 3696; x_wconf 88' lang='lat' dir='ltr'><strong>ac</strong></span> 
     </span>
     <span class='ocr_line' id='line_1_27' title="bbox 138 3740 1220 3836; baseline 0.001 -21"><span class='ocrx_word' id='word_1_206' title='bbox 138 3749 239 3815; x_wconf 83' lang='lat' dir='ltr'><strong>larnae</strong></span> <span class='ocrx_word' id='word_1_207' title='bbox 254 3742 407 3813; x_wconf 87' lang='lat' dir='ltr'><strong>studium</strong></span> <span class='ocrx_word' id='word_1_208' title='bbox 422 3763 501 3812; x_wconf 88' lang='lat' dir='ltr'><strong>esso</strong></span> <span class='ocrx_word' id='word_1_209' title='bbox 516 3740 629 3811; x_wconf 86' lang='lat' dir='ltr'><strong>debet.</strong></span> <span class='ocrx_word' id='word_1_210' title='bbox 646 3743 738 3812; x_wconf 87' lang='lat' dir='ltr'><strong>Inter</strong></span> <span class='ocrx_word' id='word_1_211' title='bbox 757 3745 881 3814; x_wconf 85' lang='lat' dir='ltr'><strong>multas</strong></span> <span class='ocrx_word' id='word_1_212' title='bbox 898 3744 1041 3836; x_wconf 89' lang='lat' dir='ltr'><strong>quidem</strong></span> <span class='ocrx_word' id='word_1_213' title='bbox 1059 3745 1220 3829; x_wconf 79' lang='lat' dir='ltr'><strong>iniurias</strong></span> 
     </span>
     <span class='ocr_line' id='line_1_28' title="bbox 138 3864 1223 3956; baseline 0.004 -20"><span class='ocrx_word' id='word_1_214' title='bbox 138 3889 244 3936; x_wconf 89' lang='lat' dir='ltr'><strong>unum</strong></span> <span class='ocrx_word' id='word_1_215' title='bbox 265 3866 332 3936; x_wconf 92' lang='lat' dir='ltr'><strong>hoc</strong></span> <span class='ocrx_word' id='word_1_216' title='bbox 352 3864 395 3933; x_wconf 89' lang='lat' dir='ltr'><strong>de</strong></span> <span class='ocrx_word' id='word_1_217' title='bbox 419 3876 450 3934; x_wconf 89' lang='lat' dir='ltr'><strong>tc</strong></span> <span class='ocrx_word' id='word_1_218' title='bbox 472 3864 560 3933; x_wconf 89' lang='lat' dir='ltr'><strong>benc</strong></span> <span class='ocrx_word' id='word_1_219' title='bbox 587 3865 713 3935; x_wconf 84' lang='lat' dir='ltr'><strong>meruit</strong></span> <span class='ocrx_word' id='word_1_220' title='bbox 739 3869 895 3948; x_wconf 89' lang='lat' dir='ltr'><strong>lorluna;</strong></span> <span class='ocrx_word' id='word_1_221' title='bbox 923 3887 1085 3956; x_wconf 82' lang='lat' dir='ltr'><strong>magnam</strong></span> <span class='ocrx_word' id='word_1_222' title='bbox 1107 3868 1223 3939; x_wconf 90' lang='lat' dir='ltr'><strong>laudis</strong></span> 
     </span>
     <span class='ocr_line' id='line_1_29' title="bbox 137 3984 1225 4078; baseline 0.004 -21"><span class='ocrx_word' id='word_1_223' title='bbox 137 3988 259 4058; x_wconf 89' lang='lat' dir='ltr'><strong>obtulit</strong></span> <span class='ocrx_word' id='word_1_224' title='bbox 274 3987 462 4057; x_wconf 85' lang='lat' dir='ltr'><strong>materiam.</strong></span> <span class='ocrx_word' id='word_1_225' title='bbox 472 3984 606 4055; x_wconf 90' lang='lat' dir='ltr'><strong>Habent</strong></span> <span class='ocrx_word' id='word_1_226' title='bbox 619 3987 678 4078; x_wconf 92' lang='lat' dir='ltr'><strong>qui</strong></span> <span class='ocrx_word' id='word_1_227' title='bbox 692 3984 872 4058; x_wconf 89' lang='lat' dir='ltr'><strong>nobiscum</strong></span> <span class='ocrx_word' id='word_1_228' title='bbox 888 3988 1021 4069; x_wconf 88' lang='lat' dir='ltr'><strong>vivunt,</strong></span> <span class='ocrx_word' id='word_1_229' title='bbox 1037 3987 1225 4061; x_wconf 91' lang='lat' dir='ltr'><strong>habebunt</strong></span> 
     </span>
     <span class='ocr_line' id='line_1_30' title="bbox 138 4107 1221 4202; baseline 0.006 -25"><span class='ocrx_word' id='word_1_230' title='bbox 138 4110 196 4200; x_wconf 80' lang='lat' dir='ltr'><strong>qui</strong></span> <span class='ocrx_word' id='word_1_231' title='bbox 211 4120 396 4179; x_wconf 88' lang='lat' dir='ltr'><strong>nascentur</strong></span> <span class='ocrx_word' id='word_1_232' title='bbox 408 4119 530 4200; x_wconf 90' lang='lat' dir='ltr'><strong>postea</strong></span> <span class='ocrx_word' id='word_1_233' title='bbox 541 4107 636 4198; x_wconf 90' lang='lat' dir='ltr'><strong>quod</strong></span> <span class='ocrx_word' id='word_1_234' title='bbox 650 4109 684 4177; x_wconf 92' lang='lat' dir='ltr'><strong>in</strong></span> <span class='ocrx_word' id='word_1_235' title='bbox 699 4117 731 4178; x_wconf 86' lang='lat' dir='ltr'><strong>to</strong></span> <span class='ocrx_word' id='word_1_236' title='bbox 746 4108 945 4202; x_wconf 87' lang='lat' dir='ltr'><strong>suspiciant,</strong></span> <span class='ocrx_word' id='word_1_237' title='bbox 955 4107 1049 4199; x_wconf 91' lang='lat' dir='ltr'><strong>qnod</strong></span> <span class='ocrx_word' id='word_1_238' title='bbox 1062 4111 1221 4196; x_wconf 76' lang='lat' dir='ltr'><strong>laudent</strong></span> 
     </span>
     <span class='ocr_line' id='line_1_31' title="bbox 138 4228 1226 4320; baseline 0.003 -19"><span class='ocrx_word' id='word_1_239' title='bbox 138 4232 231 4319; x_wconf 90' lang='lat' dir='ltr'><strong>quod</strong></span> <span class='ocrx_word' id='word_1_240' title='bbox 252 4230 409 4311; x_wconf 85' lang='lat' dir='ltr'><strong>efferant,</strong></span> <span class='ocrx_word' id='word_1_241' title='bbox 438 4228 532 4320; x_wconf 87' lang='lat' dir='ltr'><strong>quod</strong></span> <span class='ocrx_word' id='word_1_242' title='bbox 558 4229 744 4310; x_wconf 89' lang='lat' dir='ltr'><strong>mirentur;</strong></span> <span class='ocrx_word' id='word_1_243' title='bbox 771 4228 951 4300; x_wconf 85' lang='lat' dir='ltr'><strong>infractum</strong></span> <span class='ocrx_word' id='word_1_244' title='bbox 972 4229 1073 4299; x_wconf 89' lang='lat' dir='ltr'><strong>malis</strong></span> <span class='ocrx_word' id='word_1_245' title='bbox 1097 4230 1226 4317; x_wconf 83' lang='lat' dir='ltr'><strong>robur,</strong></span> 
     </span>
     <span class='ocr_line' id='line_1_32' title="bbox 139 4350 1228 4444; baseline 0.007 -28"><span class='ocrx_word' id='word_1_246' title='bbox 139 4359 172 4417; x_wconf 84' lang='lat' dir='ltr'><strong>et</strong></span> <span class='ocrx_word' id='word_1_247' title='bbox 193 4373 397 4439; x_wconf 83' lang='lat' dir='ltr'><strong>generosam</strong></span> <span class='ocrx_word' id='word_1_248' title='bbox 421 4374 502 4421; x_wconf 82' lang='lat' dir='ltr'><strong>rore</strong></span> <span class='ocrx_word' id='word_1_249' title='bbox 520 4351 671 4436; x_wconf 83' lang='lat' dir='ltr'><strong>¹Romani</strong></span> <span class='ocrx_word' id='word_1_250' title='bbox 700 4350 842 4444; x_wconf 88' lang='lat' dir='ltr'><strong>spiritus</strong></span> <span class='ocrx_word' id='word_1_251' title='bbox 870 4352 1099 4420; x_wconf 80' lang='lat' dir='ltr'><strong>maiestatem.</strong></span> <span class='ocrx_word' id='word_1_252' title='bbox 1125 4355 1228 4428; x_wconf 84' lang='lat' dir='ltr'><strong>Vale.</strong></span> 
     </span>
    </p>
   </div>
   <div class='ocr_carea' id='block_1_3' title="bbox 0 0 1372 5024">
    <p class='ocr_par' dir='ltr' id='par_1_3' title="bbox 0 0 1372 5024">
     <span class='ocr_line' id='line_1_33' title="bbox 0 0 1372 5024; baseline 0 0"><span class='ocrx_word' id='word_1_253' title='bbox 0 0 1372 5024; x_wconf 95' lang='lat' dir='ltr'><strong> </strong></span> 
     </span>
    </p>
   </div>
  </div>
 </body>
</html>
