2692 5024
129 632 189 695 366
462 638 505 689 nr
526 630 629 689 nanus
648 634 870 687 sumemus
915 636 920 641 ·

127 796 251 879 onerat
261 804 343 859 sese
358 780 485 857 obtulit
502 790 730 873 experrecto:
750 774 856 851 huius
873 796 963 869 ergo
978 775 1173 851 mutantia
1185 786 1219 849 te

128 906 331 1005 participem
351 902 456 989 lucio,
478 900 540 997 qni
563 898 738 997 particeps
759 896 883 971 somnii
904 894 1103 1011 videbaris.
1122 898 1215 973 Vale.

271 1054 337 1111 xnt
351 1052 412 1159 Kal.
429 1051 595 1109 sennam
606 1050 643 1106 ud
655 1062 797 1105 eorunm.

639 1272 717 1287 m

543 1468 722 1535 EPISTOLA
743 1466 790 1533 tv.

173 1660 368 1715 snfflctsws
388 1658 558 1711 nantum
578 1658 713 1711 tontum
732 1658 783 1711 tte.
803 1656 1017 1713 fflctsrnmo
1036 1662 1065 1713 S.
1087 1664 1120 1713 P.
1142 1664 1176 1715 n.

265 1796 435 1879 Ordinaudis
449 1786 590 1875 Ciceronis
601 1818 733 1893 operibus
746 1816 859 1889 annuit,
872 1822 901 1875 et
913 1818 1075 1893 proximum

422 1909 467 1965 sni
478 1908 601 1965 reditum
614 1908 644 1964 ln
658 1906 766 1965 ltullnm
779 1906 903 1963 nunciat.

223 2134 405 2209 Potitianis
424 2146 494 2209 tute
512 2155 658 2217 memor,
679 2131 912 2227 promissique
937 2134 1007 2207 mei
1031 2156 1108 2207 non
1128 2137 1217 2211 chli-

125 2270 200 2345 tns‚
213 2257 355 2343 lulium,
369 2256 448 2331 sive
467 2257 531 2354 (ne
547 2254 772 2351 grammatica
787 2256 846 2331 lite
865 2254 1032 2349 implicer,
1049 2263 1215 2352 quamin

81 2395 85 2402 '
126 2382 284 2479 epistolis
313 2381 471 2457 Ciceroni
491 2406 557 2456 suo
577 2391 698 2455 movet
721 2376 874 2473 Atticus)
895 2379 931 2451 in
951 2379 1087 2453 ltaliam
1110 2385 1212 2458 vado.

127 2505 205 2579 Soio
228 2504 371 2598 quidem
393 2514 431 2576 et
454 2505 594 2578 memini
618 2504 705 2597 qnid
735 2524 791 2575 me
820 2503 867 2575 de
894 2502 1006 2595 ipsius
1032 2505 1213 2581 Ciceronis

126 2627 224 2701 libris
244 2627 281 2699 in
305 2627 426 2700 ordine
451 2627 666 2718 redigendis
692 2636 729 2697 ct
754 2625 1002 2721 quarumdam,
1031 2638 1070 2700 ut
1095 2630 1214 2703 dicere

127 2752 236 2835 soles,
255 2749 363 2822 veluti
383 2749 606 2822 scintillarum
631 2750 760 2821 lumine
779 2742 1012 2835 declarandis,
1036 2774 1137 2846 saepe
1158 2775 1214 2825 ro

126 2895 300 2966 gaveras:
321 2871 477 2959 demum,
498 2895 569 2967 quo
593 2872 832 2946 ineluctabiles
857 2894 980 2966 preces
1005 2886 1148 2962 esseut,
1177 2888 1213 2949 ut

125 2998 304 3070 Romanus
320 2997 486 3080 Pontifex,
505 2996 565 3090 qui
581 2995 728 3067 fervoris
748 2997 797 3067 tui
813 2996 975 3069 conscius
992 2996 1084 3069 hanc
1101 3021 1213 3092 gene·

125 3144 243 3193 rosum
262 3119 482 3193 bibliothecae
503 3141 579 3192 suae
604 3117 799 3191 custodiam
825 3120 873 3193 ita
897 3118 955 3191 tibi
979 3118 1145 3209 credidit,
1174 3133 1212 3197 ut

124 3244 206 3315 olim
240 3243 350 3314 nostri
381 3242 555 3338 principes
593 3242 701 3315 lulius
737 3243 857 3315 Caesar
894 3244 1011 3316 Marco
1042 3246 1209 3331 Varroni,

126 3366 245 3437 Caesar
276 3364 461 3457 Augustus
495 3366 658 3458 Pompeio
686 3366 823 3451 Macro,
854 3376 891 3437 et
922 3387 987 3437 rex
1020 3368 1209 3464 AEgyptius

125 3492 332 3563 Petemaeus
369 3488 615 3584 Philadelphus
653 3491 829 3564 Demetrio
862 3490 1030 3562 Phalereo
1063 3494 1212 3565 commi-

106 3606 217 3686 ¹sisse
241 3624 446 3697 noscuntur,
477 3634 596 3685 curam
630 3633 774 3705 prorsus
799 3612 938 3706 ingenio
962 3620 1022 3685 tuo
1045 3613 1208 3708 diguam,

124 3747 164 3808 ut
187 3738 377 3820 Romanus,
401 3736 559 3828 inquam,
579 3736 739 3808 Pontilex
758 3733 967 3827 digredienti
988 3736 1072 3807 mihi
1103 3760 1209 3812 snum

125 3858 190 3932 hnc
222 3861 257 3930 in
293 3881 332 3933 ne
364 3859 621 3932 modestissime
653 3858 820 3931 indicaret
847 3858 1016 3943 animum,
1047 3860 1209 3934 effecisti.

124 3981 215 4065 Quid
230 3984 400 4056 lacerem?
421 3982 545 4055 Notum
567 3982 645 4055 licet
664 3981 772 4075 ignoti
794 3990 906 4076 poetae
923 4004 1089 4056 carmena

284 4175 335 4239 Est
351 4190 440 4237 orare
456 4172 568 4236 ducum
586 4172 700 4253 species
718 4173 848 4236 violenta
865 4173 988 4239 iubendi
994 4197 1003 4251 ;

325 4272 361 4334 lit
377 4272 464 4351 quasi
480 4270 591 4334 nudato
608 4271 755 4353 supplicat
771 4288 843 4335 ense
859 4279 973 4352 potens.
1017 4316 1027 4335 .

124 4469 258 4543 Parebo
278 4471 308 4543 si
328 4481 459 4563 potero.
487 4473 574 4545 Nam
595 4483 631 4546 et
654 4473 720 4545 sihi
745 4494 869 4569 parere
892 4475 1146 4565 necessarium,
1174 4492 1209 4553 nt
