2768 4980
187 638 226 696 tlt
523 648 564 695 llll
586 646 687 696 nauus
708 646 931 695 rnalntnnmus

189 794 400 865 immerentis
412 802 516 887 caput
528 793 660 876 exulis3
673 791 972 887 promissionibus,
983 792 1095 875 minis,
1105 796 1269 886 potentia,

188 917 286 1000 dolia,
299 915 511 999 auctoritate,
527 914 701 1008 pecuniis:
716 914 869 1006 ingentia
882 915 1164 1007 persecutoribus
1177 939 1272 1011 prae-

190 1042 269 1123 mia,
302 1038 495 1110 fautoribus
524 1037 726 1109 denuntiata
752 1036 938 1129 supplicia3
965 1059 1045 1107 cum
1071 1038 1271 1131 Stephanus

189 1186 280 1233 nunc
303 1161 400 1246 citra,
436 1182 527 1231 nunc
553 1170 649 1231 trans
679 1181 833 1251 aequora,
862 1182 954 1229 nunc
978 1159 1271 1233 disiunctissimas

190 1284 371 1375 utriusque
389 1284 494 1354 maris
511 1283 656 1367 insulaS,
677 1280 840 1366 Siciliam,
860 1280 1159 1375 Britanniamque,
1177 1306 1272 1355 nunc

189 1415 349 1476 extrema
360 1403 561 1487 Galliarum,
582 1402 770 1494 solivagus,
792 1403 969 1486 circuiret;
987 1424 1121 1494 egenus
1137 1404 1273 1475 interea

190 1538 392 1598 cunctarum
406 1547 536 1608 rerum,
554 1525 617 1596 sed
630 1526 807 1618 praedives
820 1527 936 1597 animi.
951 1527 1072 1618 ltaque
1086 1547 1165 1596 cum
1177 1526 1273 1619 apud

191 1646 365 1718 Arelatem
386 1668 471 1717 casu
492 1647 643 1739 quodam
669 1648 703 1716 in
725 1671 849 1719 manus
875 1646 1131 1741 explorantium
1151 1648 1273 1719 venis-

193 1779 258 1853 set,
281 1768 512 1860 interrogatus
533 1769 613 1862 quis
631 1780 740 1855 esset,
762 1793 889 1842 nomen
917 1794 1021 1843 suum
1046 1772 1142 1864 quod
1166 1771 1290 1844 dissi.

193 1894 326 1962 mularo
345 1903 493 1985 poterat,
513 1891 631 1963 multis
649 1892 886 1978 audientibus,
906 1895 1008 1979 dixit,
1028 1916 1135 1988 seque
1153 1894 1273 1966 Civem
1299 1958 1303 1965 .

192 2017 386 2085 Romanum
407 2014 578 2107 intrepido
599 2037 659 2086 ore
680 2017 862 2108 protessus
883 2026 949 2086 est.
972 2016 1109 2099 Quanta
1133 2027 1272 2101 autem,

193 2139 286 2207 Deus
303 2137 410 2207 bone!
427 2138 530 2208 unius
544 2136 665 2230 capitis
679 2137 858 2222 maiestas,
874 2159 955 2231 quae
968 2138 1109 2209 odiosas
1123 2138 1227 2209 etiam
1239 2149 1275 2209 et

194 2271 346 2331 armatas
373 2282 497 2331 manus
532 2283 553 2331 a
584 2262 701 2332 lurore
733 2261 912 2332 deterruit.
947 2260 1069 2332 Edicto
1098 2260 1276 2353 proposito

195 2382 467 2453 sollicitabantur
499 2404 618 2472 regeS,
653 2404 697 2451 ne
722 2381 802 2472 quis
835 2404 915 2452 eum
942 2384 1078 2453 foveret
1100 2381 1274 2474 hospitio;

194 2503 293 2574 cuius
309 2502 466 2587 obtentu,
486 2526 564 2574 cum
580 2503 694 2574 Sicilia
707 2503 877 2575 decedere
889 2503 1081 2587 iuberetur,
1099 2524 1142 2575 eo
1158 2502 1274 2575 animo

195 2626 322 2716 paruit,
342 2636 380 2692 ut
398 2627 481 2694 exul
502 2625 536 2693 in
555 2646 597 2695 ea
617 2625 794 2718 provincia
815 2625 1039 2712 remansisse,
1064 2646 1128 2696 rex
1144 2622 1275 2695 abiisse

195 2746 405 2816 crederetur.
429 2745 485 2816 Sic
504 2746 612 2830 illum,
636 2746 686 2818 sic
711 2747 810 2833 aliea,
835 2758 905 2819 toto
926 2747 1177 2841 persecutionis
1199 2767 1275 2816 suae

197 2881 357 2962 ternpore,
377 2890 479 2961 reges
495 2868 595 2953 vidit,
615 2881 790 2963 tamquam
804 2872 880 2965 ipse
894 2894 958 2943 rex
971 2882 1077 2943 esset.
1095 2868 1277 2941 Altissimo

196 2997 311 3067 animo
331 3016 395 3065 nec
415 2993 493 3064 ullis
514 2993 784 3065 adversitatibus
811 3004 999 3079 contracto,
1020 3004 1056 3064 et
1077 3012 1184 3086 supra
1208 2992 1280 3062 lor-

198 3128 291 3186 tunae
312 3115 438 3187 ssuctus
459 3116 644 3198 eminente,
667 3135 812 3206 prorsus
834 3125 872 3185 ut
896 3117 956 3186 uni
981 3114 1047 3185 sibi
1073 3113 1204 3184 dietum
1224 3115 1279 3185 vi-

197 3236 271 3305 deri
293 3248 411 3325 posset
428 3237 601 3328 poeticum
623 3236 723 3307 illud:

378 3417 485 3494 Aspice
503 3433 630 3479 securus
648 3420 735 3481 vultu
754 3436 815 3481 non
833 3421 965 3499 supplice
984 3435 1080 3497 roges.

198 3600 364 3683 Quotiens
385 3601 505 3669 Rornae
522 3609 557 3668 et
574 3621 634 3691 per
652 3601 785 3670 ltaliam
803 3600 960 3670 nuntiata
978 3620 1072 3669 mors
1090 3597 1276 3669 eluserat!

198 3725 358 3815 quotiens
379 3732 495 3793 actum
513 3743 593 3792 esse
613 3721 658 3792 de
678 3721 783 3793 rebus
802 3721 1085 3792 Columnensium
1102 3722 1194 3792 lama
1207 3719 1280 3801 tuit,

199 3858 234 3918 et
264 3870 344 3918 curn
378 3846 434 3915 illo
466 3846 542 3915 viro
571 3844 751 3936 egregiam
783 3842 958 3914 corruisse
977 3842 1156 3913 familiam!
1182 3840 1283 3911 Nulla

201 3994 348 4064 usquam
376 3968 421 4040 de
454 3967 510 4037 illo
544 3988 625 4059 spes
652 3976 887 4057 praeterquam
919 3966 954 4034 in
980 3967 1054 4037 solo
1079 3964 1192 4056 ipsius
1223 3982 1284 4054 pe-

199 4103 294 4162 etore
313 4091 480 4163 restabat.
500 4090 685 4181 Nunquam
707 4099 822 4156 tamen
842 4086 925 4158 inde
946 4086 1125 4169 discessit,
1147 4081 1284 4176 quomi-

202 4234 280 4280 mus
300 4213 423 4284 diebus
450 4235 491 4283 ac
517 4209 677 4282 noctibus
699 4218 858 4279 versaret
885 4210 1043 4279 animosa
1067 4203 1224 4286 consilia,
1249 4211 1286 4272 et

202 4352 337 4402 omnem
352 4334 503 4406 lahorem
521 4333 632 4404 obiret
647 4331 908 4425 imperterritus.
929 4332 1024 4401 Ultro
1040 4330 1146 4413 enim,
1161 4329 1196 4397 in
1214 4345 1287 4395 me-

202 4452 260 4523 dio
277 4475 391 4526 rerum
406 4479 548 4528 suarum
562 4454 772 4538 discrimine,
787 4453 975 4525 amicorum
989 4449 1089 4521 bellis
1100 4446 1285 4527 interdum,
