2692 5024
173 638 232 698 430
508 647 549 696 nu
572 647 673 697 nunus
695 645 915 695 rnnuranruus
1004 614 1008 624 ’

173 790 227 862 vis
248 788 477 882 longissimae,
500 789 583 860 vitae
603 788 693 862 diem
714 797 823 859 totum
842 788 944 859 simul
966 799 1082 862 mente
1102 795 1262 889 comple-

171 921 282 995 ctere;
311 911 487 995 fateberis,
517 932 688 982 summam
716 909 819 981 huius
847 910 1058 1002 rapidissimi
1091 916 1258 1009 temporis

171 1056 253 1108 esse
279 1033 537 1105 brevissimam.
571 1033 682 1103 Huius
717 1032 841 1124 ipsius,
871 1033 899 1102 si
927 1047 1021 1105 retro
1054 1035 1259 1130 circumque

172 1155 394 1251 respicimus,
422 1154 512 1227 bona
537 1176 618 1249 pars
653 1152 752 1225 nobis
784 1163 911 1224 exacta
942 1164 1009 1226 est.
1045 1156 1258 1248 Colligamus

172 1301 237 1351 nos
255 1279 360 1370 igitur
377 1278 421 1349 ad
438 1266 597 1348 extrema
614 1277 764 1360 viarum,
784 1276 947 1369 quodque
965 1300 1034 1350 non
1052 1278 1255 1370 ambigitur,

172 1402 330 1483 duriora3
348 1399 562 1492 abiectisque
585 1398 827 1494 supervacuis,
842 1402 1042 1472 necessaria
1062 1412 1257 1472 teneamus.

172 1524 264 1608 Quid
301 1521 629 1615 procrastinamus?
661 1520 751 1604 Quid
777 1521 1000 1594 differimus?
1036 1523 1122 1594 Dies
1146 1524 1254 1607 diem,

174 1644 306 1716 mensis
326 1664 483 1714 mensem
506 1643 678 1737 sequitur,

331 1829 431 1909 Atque
449 1812 481 1890 in
499 1845 532 1890 se
549 1842 675 1907 suaper
693 1827 820 1906 vestigia
840 1827 977 1895 volvitur
994 1843 1110 1904 annus,

171 2031 211 2094 ut
230 2021 396 2116 praeoiare
419 2019 468 2090 ait
492 2019 610 2100 Maro3
635 2015 901 2109 desinendoque
926 2015 1086 2110 reincipit
1109 2028 1145 2089 et
1171 2042 1256 2090 nun-

171 2165 276 2237 quam
305 2142 355 2214 sic
386 2141 517 2212 desinit
542 2151 581 2211 ut
607 2139 776 2234 quiescat.
802 2137 889 2223 Quis
914 2137 1021 2228 igitur
1046 2143 1254 2232 expectandi

172 2267 322 2338 modus?
342 2263 413 2336 Aut
431 2265 511 2358 quis
533 2263 642 2336 finis?
662 2265 777 2336 Canos
797 2263 881 2346 iam,
901 2261 1046 2333 comites
1065 2264 1255 2337 senectutis

171 2399 207 2459 rt
227 2388 366 2470 nuntios
389 2386 524 2472 mortis,
552 2386 768 2479 aspeximus.
791 2384 882 2469 Quid
902 2387 1052 2478 amplius
1074 2390 1254 2480 praestola-

172 2514 271 2581 mur?
283 2511 345 2595 An,
362 2521 399 2581 ut
416 2511 505 2581 oculi
521 2511 619 2581 senio
631 2510 792 2601 caligent,
808 2516 958 2578 tremant
975 2511 1138 2601 poplites,
1155 2523 1249 2603 terga

171 2637 386 2701 curventur?
417 2633 585 2714 Primum,
626 2631 703 2722 quis
735 2630 1002 2702 mathematicus
1036 2643 1107 2703 tam
1141 2637 1253 2727 longae

173 2750 273 2822 nobis
296 2770 443 2844 sponsor
463 2760 517 2821 est
538 2751 645 2821 vitae?
667 2753 767 2834 Este,
797 2752 842 2822 sit
867 2752 1047 2834 Petosiris,
1076 2754 1123 2823 sit
1147 2756 1254 2825 Nece-

172 2897 274 2967 psus,
298 2873 343 2944 sit
361 2874 522 2966 Nigidius
542 2896 588 2945 ex
610 2874 755 2959 nostris,
780 2874 825 2944 sit
846 2875 975 2945 veritas
996 2874 1138 2946 demum
1161 2879 1253 2971 ipsa:

171 3007 301 3089 quanta
323 3009 436 3068 tamen
458 2996 608 3068 amentia
628 3005 698 3079 est,
722 2997 815 3088 qnod
836 2996 937 3065 iustis
959 2997 993 3065 in
1016 2997 1136 3090 spatiis
1155 3009 1254 3068 etex

170 3121 353 3192 commodo
372 3121 445 3190 fieri
464 3130 591 3212 potest,
612 3120 699 3190 inter
713 3119 895 3210 angustias
916 3119 1082 3190 differre?
1102 3124 1256 3193 Praeser-

171 3242 228 3310 tim
257 3242 337 3333 qnia
362 3255 396 3313 ut
417 3243 487 3313 viui
514 3253 550 3313 ct
573 3243 655 3326 olei,
684 3242 733 3312 sic
760 3244 926 3336 temporis
953 3253 989 3312 et
1005 3244 1105 3328 vitae,
1125 3246 1198 3315 saex
1220 3244 1253 3315 in

170 3362 276 3435 fundo
297 3363 396 3434 iacet.
418 3363 472 3433 Ad
493 3366 584 3435 illam
606 3375 654 3448 te,
677 3386 756 3435 cum
772 3364 952 3455 superiora
967 3364 1182 3454 neglexeris,
1199 3387 1256 3435 re-

171 3505 329 3569 servare,
350 3484 543 3556 ridiculum.
565 3487 691 3557 Votum
714 3488 801 3557 solet
826 3506 906 3555 esse
932 3485 1144 3569 viatoribus,
1172 3497 1256 3556 ante

169 3616 303 3675 noctem
324 3606 502 3699 hospitari.
518 3608 766 3699 Accingamur,
789 3608 951 3692 obsecro,
971 3619 1005 3679 et
1024 3619 1103 3699 post
1125 3611 1255 3679 multos

169 3727 331 3798 itinerum
353 3728 504 3813 laboreS,
528 3732 573 3800 illi
595 3752 659 3800 nos
680 3741 813 3802 aeterno
835 3731 973 3802 tandem
993 3732 1144 3824 bospitio
1162 3754 1254 3824 prae-

76 3855 79 3860 ’
169 3870 343 3940 paremus.
366 3852 404 3919 ln
431 3852 495 3935 hoc
521 3850 636 3935 vobiS,
666 3855 741 3922 tuce
766 3852 851 3921 mihi
871 3852 1024 3922 cariores
1047 3854 1195 3937 fratreS,
1224 3854 1256 3923 si

169 3970 253 4059 qnid
279 3972 312 4039 in
339 3994 394 4041 me
415 3971 490 4064 opis
512 3983 572 4043 ant
597 3973 731 4044 consilii
757 3983 827 4056 est,
856 3974 884 4043 si
907 3974 990 4066 qnid
1011 3973 1255 4044 oblectationis

169 4102 229 4161 ant
261 4094 383 4183 gratiae
409 4116 456 4163 ex
477 4117 531 4164 me
555 4097 685 4187 sperari
712 4105 840 4190 potest,
863 4097 893 4167 si
919 4095 1003 4188 quid
1030 4092 1180 4166 subsidii
1207 4116 1255 4163 ex

168 4212 223 4281 bis
250 4213 370 4298 rebus,
400 4236 488 4305 quas
516 4215 700 4309 improprie
727 4239 823 4288 meas
843 4216 976 4302 dicunt,
1000 4240 1078 4287 cum
1102 4219 1257 4286 fortunae

169 4328 249 4410 sint,
265 4329 414 4422 deniqne
435 4353 490 4400 me
513 4331 641 4425 ipsum,
663 4333 758 4424 qnod
780 4335 854 4403 sine
875 4332 1072 4424 arrogantia
1089 4355 1251 4425 possum,

168 4445 299 4516 libellos
318 4463 421 4540 atquo
442 4453 596 4522 hortulos
615 4477 712 4523 meos
731 4455 849 4539 offero,
869 4466 905 4526 et
924 4457 951 4528 si
971 4457 1126 4548 quidest
1145 4454 1253 4526 aliud.
