2692 5024
419 737 511 786 nunno
533 738 663 786 seinos.
676 737 880 786 -umstonu
903 739 921 786 l.
1150 726 1207 791 :tot

130 889 256 979 templa
285 886 437 958 facciatis
462 908 558 959 auro.
593 886 664 960 sed
695 885 781 980 quid
813 887 931 958 Persio
956 887 1070 963 dicitis
1091 893 1210 965 excla-

128 1009 251 1083 manti:

249 1195 273 1260 0
288 1211 394 1261 curvae
411 1196 441 1259 in
459 1198 549 1261 terris
566 1199 689 1277 animm,
709 1206 738 1263 et
754 1200 924 1264 coelestium
942 1202 1058 1280 inanes,

247 1293 326 1368 Quid
344 1295 428 1359 iuvat
443 1296 501 1359 hoc
519 1297 637 1376 templis
654 1305 774 1364 vestros
790 1300 958 1364 immittere
975 1302 1101 1364 morosi

128 1501 225 1571 Neve
239 1500 306 1574 hoc
318 1501 395 1573 aliis
408 1501 539 1575 dictum
555 1503 761 1588 crederetis,
777 1505 894 1577 audite
908 1505 1075 1577 utstatim
1090 1515 1209 1578 vestro

128 1623 266 1696 nomine
287 1645 352 1697 vos
373 1626 530 1718 appellat.

250 1798 360 1877 Dicite,
376 1799 551 1876 Pontifices,
570 1801 601 1863 in
617 1809 720 1865 sancto
737 1804 810 1882 quid
829 1804 897 1867 lectt
915 1807 1053 1869 aurumi

130 1985 363 2081 Respondete,
390 1985 587 2069 Pontificem
615 1987 716 2060 vobis
738 1988 830 2058 enim
862 1989 1024 2082 loquitur.
1055 1993 1210 2086 Respon-

129 2110 209 2182 dete
231 2119 282 2181 tot
301 2132 406 2182 senes
433 2111 490 2181 uni
517 2112 650 2193 iuveni,
672 2120 722 2182 tot
739 2111 891 2203 theologi
918 2113 977 2183 uni
1004 2116 1146 2208 poetae,'
1162 2125 1211 2187 tot

130 2233 307 2305 christiani
330 2233 389 2304 uni
410 2255 557 2327 pagano.
572 2232 664 2317 Quid
681 2232 818 2306 dicitis?
845 2233 885 2303 ln
902 2245 1016 2306 sancto
1035 2234 1114 2326 queit
1130 2240 1211 2327 fecit

130 2356 273 2427 aurum?
293 2354 328 2426 Si
349 2356 563 2451 respondere
587 2356 764 2448 negligitis
785 2367 910 2453 poetae,
930 2381 975 2430 an
993 2381 1061 2430 non
1088 2363 1210 2433 saltem

132 2477 387 2575 respondebitis
406 2479 597 2571 prophete,
617 2480 763 2573 quinon
784 2504 924 2566 aurum,
948 2481 1010 2554 sed
1027 2483 1093 2556 aliu
1113 2505 1211 2578 quae-
1292 2544 1295 2549 ,

131 2603 212 2675 dam
234 2601 373 2673 avobis
397 2614 599 2675 ornamenta
625 2605 830 2698 templorum
855 2604 986 2698 exigit?
1011 2605 1115 2701 Apud
1140 2609 1212 2682 Ma-

133 2725 279 2797 lachiam
306 2725 435 2817 legitis:
462 2724 570 2796 Filius
595 2728 735 2797 honorat
757 2738 899 2821 patrem,
925 2741 955 2798 et
974 2751 1089 2800 servm
1108 2728 1213 2801 domi-

135 2872 215 2920 num
230 2872 335 2920 sunm.
367 2846 410 2919 Si
428 2870 506 2943 erpo
521 2862 617 2944 peter
637 2850 694 2945 ep'o
714 2874 801 2936 sum,
823 2851 882 2921 udi
901 2862 948 2921 est
972 2852 1078 2922 donor
1101 2854 1213 2922 meus?

138 2972 181 3042 Et
204 2970 408 3042 sitdominus
432 2992 491 3062 epo
516 2995 605 3055 sum,
631 2974 690 3042 udi
713 2983 760 3041 est
777 2974 874 3042 timor
898 2972 1011 3042 mnes?
1036 2971 1125 3043 Dicit
1145 2971 1214 3042 Do-

134 3097 246 3166 minus
269 3098 492 3166 caeercituum:
513 3097 559 3166 Et
579 3105 616 3167 ut
636 3094 787 3167 noscatis
813 3094 895 3186 quia
920 3093 1022 3165 vobis
1042 3093 1138 3178 dicit,
1157 3115 1213 3165 se-

134 3218 266 3312 quitur:
289 3215 340 3287 lc
361 3242 430 3309 vos,
448 3242 466 3289 ο
486 3215 680 3300 sacerdotes,
694 3218 752 3307 qui
767 3214 932 3308 despicitis
953 3237 1072 3286 nomen
1093 3238 1211 3285 meum

134 3343 208 3414 Nisi
232 3344 320 3412 torte
339 3342 525 3434 quisquam
542 3350 598 3412 est
621 3339 682 3434 qui
706 3348 818 3434 putet,
848 3339 915 3410 ulla
938 3359 1089 3432 unquam
1110 3348 1214 3412 aetate

134 3463 275 3556 dignius
308 3463 374 3535 hoc
405 3463 609 3559 quaesitum,
640 3483 744 3556 quam
771 3484 862 3534 nunc
892 3461 1069 3555 quaeritur.
1104 3462 1215 3534 Video

136 3587 289 3680 quidem,
307 3599 344 3660 ut
356 3587 443 3673 dixi,
458 3590 589 3680 vulgus
603 3585 749 3659 avaritia
768 3584 904 3668 ardere,
925 3594 970 3669 et,
989 3587 1107 3668 fateor,
1131 3583 1214 3654 nihil

136 3722 296 3793 excusam
313 3714 409 3785 nulla
427 3723 483 3785 est
498 3711 590 3783 enim
603 3709 787 3783 excusatio
804 3708 952 3802 peccati;
971 3708 1035 3779 sed
1055 3717 1215 3778 natorum

135 3835 273 3920 caritas,
297 3836 549 3931 multiplexque
576 3831 783 3914 necessitas,
809 3841 844 3904 et
871 3829 1026 3921 vulgaris
1053 3828 1216 3920 ignoran-

136 3958 183 4032 tia
202 3960 335 4033 crimen
349 3961 477 4031 levant.
491 3959 563 4030 Vos
578 3979 678 4041 vero,
692 3952 893 4036 Pontifices
908 3951 1021 4035 dicite,
1040 3970 1116 4021 oco:
1131 3948 1215 4042 quid

137 4081 204 4153 sibi
225 4085 302 4155 vult
320 4081 398 4153 haec
419 4080 532 4153 rabies
553 4077 712 4163 habendi,
728 4078 817 4148 inter
829 4075 971 4147 divitias
993 4082 1063 4144 tem
1084 4080 1213 4156 certus,

136 4203 170 4273 in
197 4214 291 4276 tanta
317 4226 435 4274 rerum
460 4202 658 4274 divinarum
693 4200 993 4287 humanarumque
1014 4193 1146 4278 notitia,
1180 4194 1215 4265 in

136 4327 209 4398 vita
231 4327 383 4398 solitaria
400 4336 436 4396 et
454 4322 589 4406 caelibe,
611 4320 708 4392 etde
728 4317 880 4390 crastino
897 4316 1052 4408 cogitare
1065 4314 1217 4409 prohibi-

138 4453 194 4521 te?
213 4449 299 4522 illud
319 4448 404 4519 mihi
424 4449 512 4518 torte
531 4443 753 4517 notissimum
775 4438 955 4534 ingeretis:
981 4462 1102 4511 aurum
1122 4440 1218 4511 tutet
1285 4472 1293 4480 ·

136 4573 298 4646 Ecclesia.
325 4574 419 4643 Bene
439 4569 469 4642 si
490 4567 610 4652 habet,
640 4565 795 4661 pessime
824 4561 855 4635 si
885 4561 1049 4639 habetur..
1077 4561 1217 4636 Placere
