2692 5024
1072 348 1112 433 ι’·

177 602 238 669 ttt
457 628 464 641 ·
512 616 555 667 na
574 614 677 669 mus
696 614 921 669 summamus
982 662 986 671 .

176 762 312 849 accidit
336 762 483 837 oonsilio
513 782 592 836 meo
616 762 727 837 ludar.
760 760 832 837 Sed
861 762 931 835 ἰιιιιι
964 762 1051 837 satie
1077 780 1261 861 superque

175 886 397 982 querelarum
416 895 485 972 est,
509 886 579 959 nisi
595 885 692 982 quod
710 886 758 961 ad
776 884 950 961 ultionem
963 884 1084 973 endo,
1109 896 1150 963 ot
1173 887 1261 963 taei-

124 1106 127 1113 ,
176 1012 377 1085 lumitatem
407 1019 502 1083 tuam
538 1009 746 1105 loquacitate
775 1008 893 1105 punio.
927 1008 973 1083 llt
1002 1030 1092 1085 vero
1122 1010 1260 1107 aliquid

174 1133 280 1209 etiam
311 1132 529 1207 familiarium
561 1154 724 1207 curarum
759 1132 841 1207 huic
868 1133 1027 1231 opiam
1046 1132 1257 1223 includam,

175 1278 298 1354 queso
316 1278 362 1329 ne
381 1256 500 1351 pigeat
518 1256 613 1352 apud
635 1276 856 1329 maimonem
874 1254 1055 1331 dominum
1075 1276 1142 1353 pro
1165 1258 1258 1333 felici

175 1402 294 1455 rerum
313 1401 470 1453 mearum
489 1378 589 1452 exitu
607 1377 832 1455 intercedere.
852 1378 949 1451 Vooo
966 1388 1086 1453 aamm
1106 1378 1259 1473 quemli-

176 1499 402 1585 botfelden,
424 1497 529 1574 modo
548 1498 674 1593 aliquis
698 1497 753 1571 sit
774 1498 924 1573 llultum
942 1509 1010 1587 est,
1028 1502 1147 1587 irater,
1164 1520 1259 1575 vana

175 1621 418 1719 expectatione
435 1619 586 1695 liberari.
613 1620 781 1713 Ignorant
804 1620 965 1695 homiues
989 1621 1076 1719 quid
1093 1620 1185 1695 lucri
1202 1630 1259 1697 eat

176 1764 396 1837 supervacua
412 1752 450 1815 et
466 1739 601 1817 infinita
618 1740 794 1815 desideria
809 1740 1010 1837 proiecisse.
1034 1740 1180 1819 Perdita
1202 1765 1259 1819 sa-
1316 1794 1320 1803 ·

177 1864 272 1953 tiaut,
287 1886 453 1961 possessa
463 1864 620 1939 cruciant
632 1864 840 1939 miserorum
853 1865 997 1951 ammos,
1009 1862 1174 1960 pluribus
1186 1866 1259 1943 ina·

176 1987 282 2064 nibus
299 2010 406 2083 quam
426 1988 547 2063 solidis
576 1994 779 2084 occupatum
811 1996 849 2061 et
880 1987 990 2082 (tenta
1020 1996 1078 2061 est
1107 1989 1258 2087 insana)

175 2112 342 2187 extricari
358 2112 405 2187 ub
422 2111 612 2198 erroribus,
629 2123 669 2185 ut
684 2111 746 2187 liat
760 2134 846 2187 vero
861 2114 969 2199 locus,
986 2120 1160 2197 metuunt,
1173 2112 1258 2187 du

177 2236 245 2311 sibi
268 2258 455 2334 prosperos
475 2258 592 2311 rerum
616 2236 877 2332 praegrandium
898 2236 1018 2309 exitus
1040 2235 1257 2333 pollioentur.

178 2361 251 2434 Sibi
270 2361 400 2456 quippe
419 2362 594 2454 placentes
616 2382 657 2432 ac
677 2358 831 2455 superbi,
851 2370 888 2433 et
906 2359 1016 2453 iniqui
1035 2380 1158 2432 rerum
1178 2380 1259 2433 sua·

179 2506 256 2555 rum
290 2483 439 2567 indicae,
466 2483 592 2574 dignos
614 2502 655 2553 se
677 2481 869 2568 tinxerunt,
902 2482 1033 2577 quibus
1055 2482 1116 2555 adr
1136 2494 1258 2557 nutum

179 2604 344 2676 universa
365 2602 601 2676 succederent
620 2604 684 2689 lta,
701 2603 797 2697 quod
811 2603 847 2676 in
863 2604 1032 2679 amatoria
1047 2605 1198 2683 materia
1207 2605 1259 2679 di·

178 2724 232 2796 xil
250 2726 358 2797 Naso:

335 2904 416 2970 llum
431 2904 490 2970 sibi
506 2907 636 2987 quisque
652 2905 763 2988 placet,
779 2906 902 2971 credula
916 2907 1006 2971 turha
1022 2920 1151 2987 sumus,

177 3105 247 3176 iam
260 3081 413 3178 medium
423 3105 508 3179 vitae
520 3106 714 3179 communis
731 3108 801 3177 late
816 3104 997 3179 delirando
1012 3084 1257 3201 perduximus.

180 3228 224 3299 Ut
246 3227 338 3299 enim
364 3230 544 3322 eleganter
569 3251 591 3301 a
615 3229 725 3302 Tullio
749 3229 880 3302 dictum
905 3238 971 3313 est,
999 3226 1128 3299 Metelli
1149 3241 1259 3324 eperat

178 3349 312 3442 quisque
330 3350 396 3421 ribi
411 3355 602 3445 sartonam!
625 3352 717 3436 Quot
737 3360 854 3424 autem
878 3350 915 3421 in
934 3352 1001 3424 hac
1021 3348 1178 3426 vanitate
1198 3354 1259 3427 ial-

178 3474 312 3558 luntur,
346 3473 415 3546 imo
444 3496 529 3547 vero
560 3497 666 3569 quam
691 3474 805 3569 pauci,
832 3496 937 3569 quam
963 3495 1064 3568 paene
1083 3475 1171 3547 nulli
1190 3496 1259 3549 non

178 3598 358 3670 falluntur!
381 3597 467 3668 Hinc
487 3597 566 3670 licet
585 3598 780 3684 advertere,
802 3598 912 3705 quod,
935 3597 1147 3671 siveterum
1173 3597 1260 3673 scri·

179 3729 319 3815 plorum
340 3718 538 3792 testimonio
552 3729 700 3805 stamus,
715 3741 763 3790 ex
774 3718 937 3793 omnibus
951 3718 1091 3792 saeculis
1104 3719 1191 3792 teliu
1203 3720 1259 3792 ille

179 3843 339 3916 Metellus
359 3841 497 3914 nonnisi
517 3842 657 3915 unicum
674 3843 845 3927 comitem,
872 3864 1024 3936 eumque
1047 3842 1164 3935 ipsum
1188 3864 1260 3917 non

180 3965 289 4052 domi,
309 3966 372 4040 sed
392 3968 509 4061 procul
530 3977 566 4039 et
585 3976 688 4037 extra
708 3965 815 4038 ltaliae
833 3966 1007 4052 terminos,
1022 3964 1149 4039 dicitur
1161 3964 1260 4041 in’ve-

181 4090 292 4163 nisse:
317 4091 377 4184 qui
402 4100 517 4163 tamen
543 4087 610 4183 ipsi
641 4110 748 4183 quam
780 4089 845 4160 rite
876 4089 1047 4163 felicitatis
1067 4088 1134 4162 hoc
1157 4089 1260 4163 inane

180 4235 307 4286 nomen
328 4214 587 4307 usurpaverint,
611 4212 707 4285 locus
727 4213 793 4285 iste
812 4235 882 4285 non
903 4212 1038 4309 recipit,
1060 4221 1096 4285 et
1111 4214 1260 4287 fortasse

181 4330 275 4405 aliud
295 4335 433 4409 dicendi
454 4345 590 4433 tempus
610 4334 785 4408 adveniet.
806 4336 906 4409 Nunc
923 4336 974 4431 (ut
989 4343 1143 4430 coeptum
1159 4359 1261 4431 pera·

161 4560 164 4565 ,
183 4453 280 4546 gam)
302 4456 341 4540 si,
363 4458 458 4551 quod
476 4480 597 4533 omnes
616 4469 768 4552 sperant,
786 4462 902 4533 nullus
919 4458 1135 4552 assequitur,
1151 4482 1258 4556 quam
