2692 5024
373 388 379 400 Ι

312 715 405 766 einen
426 680 580 775 ouanrus.
594 714 795 763 -nrrsronn
817 716 855 764 vr.
1070 703 1130 765 ate

469 997 645 1063 Epistola
668 999 711 1062 vl.

159 1212 352 1262 franciscus
374 1212 542 1262 Paresaca
562 1211 678 1262 [AGOBO
697 1212 855 1263 COLUMNA?
875 1214 1047 1266 Episcoro‘

416 1308 629 1359 teuuamartst
649 1309 675 1357 S.
696 1311 723 1358 P.
745 1311 774 1358 D.

64 1496 196 1562 Queritur
209 1512 274 1550 eum
287 1496 377 1550 Roma
390 1495 485 1550 abesse
498 1512 554 1568 quo
566 1496 689 1552 lauream
703 1500 881 1568 suscepturus
893 1497 952 1569 ipse
965 1515 995 1554 se
1008 1499 1122 1555 confert.

99 1746 104 1754 ·
153 1720 315 1789 Fortunae
334 1718 480 1790 insidias
502 1740 570 1789 non
591 1718 695 1791 hodie
712 1721 860 1815 primum
877 1720 1067 1814 intelligere
1082 1721 1135 1790 in·

53 1841 154 1936 cipio·
174 1841 250 1914 Non
271 1841 403 1912 invadit
419 1863 483 1912 nos
506 1849 638 1913 tantum
671 1843 742 1927 illa,
766 1844 830 1916 sed
856 1845 990 1939 spargit
1013 1866 1054 1915 ae
1079 1866 1137 1916 se-

54 1975 167 2062 parat;
188 1986 231 2034 ne
252 1964 340 2034 laetis
363 1962 493 2035 scilieet
511 1976 547 2036 et
566 1964 725 2036 adversis
746 1964 781 2037 in
802 1964 908 2037 rebus
929 1965 1138 2038 alteralteri

56 2088 179 2160 solatio
210 2089 264 2160 sit.
286 2089 392 2159 Norat
416 2088 472 2159 ilia
497 2097 637 2181 quantae
662 2087 744 2157 olim
770 2110 888 2159 meum
913 2107 974 2158 cor
998 2096 1138 2158 urerent

54 2230 161 2295 curae,
184 2207 312 2300 quibus
333 2209 378 2280 ad
399 2211 538 2302 plenum
559 2209 700 2291 mederi,
720 2217 753 2278 te
772 2217 908 2300 praeter,
923 2229 1025 2279 nemo
1041 2217 1138 2300 pote-

57 2345 120 2405 rat.
147 2332 242 2403 Tune
265 2352 364 2422 erge,
389 2331 516 2402 mirum
544 2333 579 2401 in
607 2330 748 2403 modum
772 2329 975 2423 conquisitis
1002 2331 1134 2416 causis,

57 2465 91 2527 te
119 2456 154 2525 in
175 2453 232 2525 illo
253 2452 403 2547 pectoris
430 2453 497 2525 mei
524 2465 614 2525 aestu
639 2452 857 2545 refrigerium
883 2452 1021 2525 unicum
1055 2476 1140 2528 eve-

55 2591 163 2655 ctum.
184 2576 230 2648 ab
250 2576 354 2647 Arcto
375 2576 514 2648 rediens
528 2576 655 2647 inveni.
671 2577 804 2670 ltaque,
824 2577 962 2650 tametsi
975 2580 1136 2663 Romam,

58 2713 153 2773 tuam
174 2699 349 2794 propriam
370 2709 405 2770 et
424 2721 643 2771 communem
664 2699 829 2785 omnium,
854 2700 940 2772 mihi
956 2723 1042 2774 vero
1059 2708 1138 2773 ante

57 2844 180 2894 omnes
218 2844 367 2915 semper,
404 2833 485 2894 tuno
517 2832 633 2893 autom
665 2831 700 2892 et
732 2833 871 2916 propter
904 2845 943 2895 se
972 2824 1083 2917 ipsam
1104 2833 1141 2895 et

57 2954 199 3041 propter
220 2955 253 3015 te
274 2945 414 3037 gemino
434 2943 608 3017 desiderio
632 2954 830 3038 exoptatam
856 2947 1002 3038 patriam
1022 2946 1140 3040 petiis-

59 3089 131 3151 ses;
147 3078 261 3138 tamen
274 3065 512 3159 consequendi
529 3065 713 3137 difficultas
743 3074 906 3135 moestum
926 3073 1030 3156 etque
1046 3064 1140 3136 deie-

58 3202 152 3262 ctum
173 3189 326 3261 animum
349 3188 514 3259 habebat:
539 3198 576 3258 ut
595 3210 674 3258 cum
692 3186 820 3280 ubique
845 3188 928 3257 exul
953 3186 1038 3257 mihi
1064 3187 1140 3260 sine
1184 3185 1189 3195 ’

61 3325 94 3385 te
116 3312 251 3398 videar,
275 3324 348 3382 tum
370 3314 566 3403 praesertim
587 3308 715 3380 anxius
736 3318 841 3402 atque
862 3331 980 3382 amore
1000 3309 1137 3395 ardens,

60 3447 95 3506 et
115 3438 260 3507 Romam
289 3433 348 3503 tibi
374 3432 582 3519 inviderem,
604 3445 639 3505 et
661 3442 694 3504 te
716 3434 848 3505 Romae:
873 3455 944 3528 quo
969 3433 1004 3504 in
1030 3422 1147 3515 statu(

60 3557 187 3628 eadem
214 3557 270 3625 itla
295 3555 484 3626 iuvenilem
510 3557 663 3627 animum
689 3558 845 3657 frenante
869 3558 1017 3641 fortuna,
1040 3556 1140 3649 pauci

62 3680 142 3752 anni
156 3678 285 3773 quibus
300 3679 508 3752 adinvicem
531 3680 580 3753 sic
600 3679 756 3752 distracti
775 3680 939 3764 viximus,
954 3680 1140 3749 multorum

62 3804 157 3899 apud
176 3826 232 3873 me
259 3801 372 3873 vicem
391 3806 599 3876 saeculorum
618 3813 813 3876 tenuerunt.
831 3803 920 3874 Veni
936 3799 1084 3884 tandem,
1103 3808 1142 3870 ut

63 3925 197 4010 vidisti,
230 3925 372 4022 hyeme,
405 3925 512 4012 bello,
546 3929 740 4021 pelagoque
771 3923 984 3997 tonantibus:
1017 3943 1140 3994 omnes

63 4071 187 4141 nempe
208 4048 428 4120 difficultates
451 4048 555 4141 fregit
573 4071 683 4122 amor:
716 4061 823 4142 utque
852 4027 902 4119 ait
929 4047 1039 4131 Maro,
1062 4046 1142 4114 vicit

62 4176 126 4242 iter
142 4168 262 4241 domm
278 4174 390 4265 pietus.
410 4172 569 4264 Dumque
587 4194 691 4243 suum
708 4168 906 4242 venerabile
923 4190 964 4239 ac
979 4168 1142 4262 perdulce

63 4295 237 4367 obiectum
252 4304 415 4388 quaerunt
427 4293 528 4379 oculi,
547 4295 641 4364 nulla
656 4295 763 4366 maris
781 4290 917 4364 fastidia
931 4291 1141 4377 stomachus,

66 4420 185 4490 talium
217 4418 297 4490 ticet
328 4416 651 4510 impatientissimus
684 4426 819 4500 natura,
853 4416 982 4488 nullam
1008 4415 1143 4486 brumae

66 4552 243 4635 terraeque
274 4540 436 4614 duritiem
468 4560 608 4636 corpus,
642 4539 755 4612 nullas
780 4537 1010 4636 periculomm
1029 4538 1142 4611 minas
1230 4553 1233 4562 ·
