2692 5024
211 795 270 857 278
552 805 593 854 nn
614 803 715 852 annus
736 800 958 857 saururanrnus

212 944 336 1021 scribo.
357 947 441 1019 Post
464 944 678 1036 vigesimum
698 941 860 1036 quintum
886 941 982 1015 diem
1001 943 1152 1017 nuntius
1179 943 1228 1017 ad
1246 967 1298 1019 me

211 1068 334 1143 mortis
350 1069 478 1165 allatus
495 1075 561 1139 est.
580 1065 720 1139 Collatia
741 1063 966 1158 temporibus,
989 1084 1033 1138 eo
1052 1065 1136 1160 ipso
1156 1066 1218 1141 die
1232 1089 1297 1162 qno

212 1191 286 1265 vita
296 1191 511 1274 decesserat,
526 1188 577 1261 sic
589 1185 673 1259 mihi
690 1188 787 1259 illum
803 1185 1011 1281 apparuisse
1023 1188 1222 1282 comperio.
1237 1190 1297 1263 lte

212 1311 330 1406 liquiae
350 1313 427 1385 eius
445 1309 552 1406 (quod
571 1331 637 1381 nec
658 1307 812 1381 sciebam
832 1328 896 1381 nec
913 1307 1125 1404 suspicabar
1144 1310 1295 1407 quddam)

212 1439 357 1509 Romam
389 1454 483 1505 anno
512 1432 655 1504 demum
685 1430 786 1503 tertio
812 1438 1000 1525 reportatae
1025 1437 1121 1502 sunt.
1148 1431 1296 1527 Spiritus

212 1559 314 1639 enirn,
334 1564 372 1628 ut
392 1575 495 1648 spero
514 1564 549 1625 et
565 1559 675 1648 cupio,
702 1554 791 1627 ooelo
815 1550 972 1626 redditus
999 1551 1208 1648 triumphat.
1234 1553 1298 1627 Sed

213 1681 282 1750 iarn
308 1678 394 1750 satis
416 1677 625 1749 somniatum
645 1686 722 1759 est3
743 1675 1041 1769 expergiscamur.
1069 1675 1147 1748 Hoc
1166 1676 1294 1751 addito:

212 1821 325 1894 neque
336 1800 419 1894 quia
431 1799 517 1872 mihi
529 1800 637 1871 anxio
653 1800 712 1871 vel
724 1797 905 1871 dominum
917 1797 1141 1871 velamicum
1155 1820 1294 1873 somnus

212 1920 353 2010 obtulit,
379 1944 494 2016 neque
513 1923 596 2016 quia
616 1906 673 1994 hic
691 1920 792 2006 obiit,
814 1920 870 1991 ille
895 1919 1038 2005 revixit,
1066 1922 1294 1995 caetemmir

214 2056 362 2139 utroquo
379 2047 437 2118 vel
454 2045 550 2138 quod
569 2043 732 2138 optabam
752 2044 809 2115 vel
829 2040 925 2135 quod
946 2040 1136 2115 horrebam
1157 2064 1294 2117 cernere

211 2169 314 2240 visus
335 2189 429 2252 sum,
448 2177 582 2243 etcum
600 2166 689 2239 visis
702 2166 792 2237 meis
808 2167 947 2237 fortuna
965 2162 1148 2251 coincidit,
1174 2165 1293 2239 idcirco

213 2290 356 2363 somniis
391 2288 495 2362 fidem
522 2289 649 2374 habeo,
682 2311 751 2361 non
781 2286 893 2379 magis
919 2308 1025 2379 quam
1052 2286 1180 2361 Cicero
1213 2290 1291 2384 ipse,

212 2423 353 2506 propter
378 2414 480 2485 unius
514 2414 569 2485 sni
599 2411 723 2485 somnii
748 2412 924 2484 fortuitam
949 2408 1153 2498 veritatem,
1177 2417 1293 2487 multo

214 2558 289 2605 rnrn
312 2533 519 2625 ambagibus
535 2533 742 2627 implicatur.
763 2534 858 2604 Vale.

356 2677 401 2730 Vl.
421 2677 482 2731 Kal.
500 2677 557 2732 Ian.

623 3044 800 3108 EPISTULA
821 3046 887 3106 t‘lll.

214 3230 407 3280 Fnanclsct's
427 3231 594 3281 ltslltrtltca
613 3229 746 3279 IOHANNI
763 3230 899 3279 Annuus
918 3231 946 3278 F.
962 3230 1162 3291 sollemniis!
1180 3232 1208 3281 S.
1228 3233 1254 3282 P.
1272 3234 1295 3280 lt.

417 3386 457 3439 De
471 3386 643 3442 adolescente
657 3386 722 3441 sandi
736 3387 838 3441 amoris
850 3385 986 3441 illecebris
999 3393 1088 3458 capto.

310 3626 360 3698 Da
392 3625 613 3698 adolescente
649 3637 708 3696 tuo
740 3626 825 3719 qnid
857 3627 941 3697 mihi
975 3627 1138 3699 videatur
1159 3639 1198 3702 ct
1219 3629 1298 3724 quid

213 3744 375 3835 sperem‘.l
395 3740 522 3812 Amore
544 3740 662 3825 noxie,
685 3752 731 3826 et,
753 3743 849 3835 quod
862 3744 959 3837 peius
973 3753 1040 3827 est,
1061 3744 1173 3838 turpi,
1197 3756 1298 3840 atque

212 3865 351 3938 omnino
384 3862 483 3934 malis
514 3861 647 3935 retibus
672 3870 806 3959 captus'
825 3877 890 3939 est.
917 3863 1094 3938 Subirasci
1121 3867 1297 3941 interdum

212 3994 339 4081 potest,
375 3988 445 4056 imo
478 4006 563 4057 vero
598 4006 692 4079 saepe
712 3989 866 4079 cogitur:
893 3987 971 4061 haec
991 3999 1116 4062 natura
1141 3994 1295 4074 amoris.

212 4110 290 4183 haec
315 4109 505 4183 amantium
531 4107 604 4180 vita
625 4118 689 4181 est.
712 4111 912 4182 Irascuntur
936 4119 973 4182 et
998 4112 1147 4206 litigant,
1171 4126 1208 4187 et
1233 4119 1296 4188 ira

212 4253 325 4324 quens
346 4230 475 4301 bellurn
496 4231 620 4304 crebra
640 4253 725 4326 paca
746 4232 969 4317 concludunt,
988 4243 1024 4307 et
1039 4235 1103 4306 vix
1120 4249 1299 4310 momento

214 4354 380 4447 temporis
402 4377 492 4426 unus
509 4356 677 4450 propositi
690 4365 788 4430 tenor
808 4367 934 4429 manet.
953 4358 1053 4429 Nulla
1069 4358 1236 4451 quidem,
1254 4382 1299 4433 ex

213 4474 375 4548 omnibus
389 4476 472 4548 vitea
488 4477 760 4565 difficultatibus,
781 4480 1010 4555 inconstantia
1023 4490 1060 4551 et
1071 4480 1300 4559 fluctuatione

213 4594 451 4669 vehementior
469 4608 534 4671 est.
557 4602 678 4694 ltaque
695 4603 873 4675 rarissimo
891 4605 1002 4687 lactea,
1022 4624 1121 4696 saepe
1137 4617 1298 4691 maestos
