2692 5024
190 599 249 663 212
525 611 566 661 nn
587 611 688 660 uenus
709 610 930 659 reunianrnus

610 876 785 942 netsront
808 877 838 939 V.

216 1080 408 1131 rnauclscus
425 1079 592 1129 Perusinos
610 1078 743 1127 IOHANNI
758 1077 915 1128 COLUMNAE
933 1078 1104 1128 ctflolnttt
1122 1082 1149 1128 S.
1168 1081 1197 1128 P.
1217 1081 1248 1129 D.

286 1269 326 1323 De
340 1267 430 1324 Roma
443 1285 500 1339 prae
513 1266 626 1320 Parisiis
640 1265 752 1321 serenda
766 1264 911 1320 consilium
925 1265 1008 1321 habet
1022 1273 1176 1338 acceptum.

290 1488 479 1560 Consilium
500 1499 596 1559 tuum
614 1510 683 1559 non
707 1495 838 1557 tantum
861 1486 1029 1579 suscipio,
1055 1487 1118 1559 sed
1141 1491 1272 1584 ample

195 1621 284 1682 ctor:
305 1607 527 1702 magnificum
541 1618 596 1680 est
608 1610 714 1694 enim,
738 1615 865 1701 tnarnre
880 1609 1046 1702 sapientia
1058 1620 1093 1680 et
1110 1608 1272 1681 humani-

193 1743 264 1806 tate
283 1731 538 1824 dignissimum.
556 1731 628 1804 Nec
648 1753 705 1804 me
726 1739 834 1802 terret
856 1732 950 1823 qnod
970 1731 1092 1824 patriae
1113 1733 1164 1803 sis
1186 1733 1270 1804 arni-

193 1877 270 1940 cus;
298 1875 339 1925 es
370 1854 463 1925 enirn
489 1853 631 1926 amicior
656 1854 805 1926 veritati.
829 1854 890 1925 lho
909 1878 979 1947 qno
997 1836 1111 1925 iubes.
1133 1856 1169 1925 Si
1191 1856 1269 1948 quis

193 1978 394 2051 electionem
426 1979 513 2048 sorte
546 1975 739 2063 mirabitur,
773 1978 922 2049 rationes
957 1977 1122 2071 primum,
1144 1977 1269 2050 deinde

192 2101 295 2174 etiarn
315 2121 440 2171 nomen
462 2110 559 2170 tuum
580 2099 786 2171 mirantibus
809 2099 977 2171 obiiciarn.
999 2100 1100 2193 Saepe
1121 2100 1269 2173 auctori-

193 2232 247 2294 tas
268 2244 330 2318 pro
351 2222 483 2293 ratione
504 2221 701 2315 suscipitur.
723 2223 762 2294 ld
782 2222 886 2293 rnodo
904 2221 1033 2313 negotii
1053 2231 1175 2307 restat
1194 2223 1269 2317 qui-

192 2345 259 2416 bus
294 2367 347 2415 me
380 2344 496 2426 verbis
521 2366 687 2415 excusem
709 2343 861 2415 Roberto
893 2366 986 2426 meo,
1022 2351 1061 2415 ut
1093 2366 1163 2415 non
1197 2345 1269 2438 ipse

194 2477 342 2551 tanturn,
364 2467 419 2538 cui
441 2466 618 2539 nobiscnm
638 2468 733 2538 iacile
749 2468 945 2550 conveniet,
969 2466 1032 2538 sed
1052 2467 1109 2538 iila
1127 2489 1266 2561 quoque

194 2589 316 2681 ingens
334 2589 557 2673 universitas
577 2590 605 2661 si
625 2591 711 2661 sorte
725 2612 780 2661 res
794 2591 829 2659 in
842 2592 954 2660 lucern
968 2590 1117 2674 venerit,
1140 2592 1268 2662 factum

194 2709 260 2781 sibi
279 2711 362 2782 satis
376 2711 563 2783 existimet.
582 2712 649 2783 Sed
665 2712 709 2782 de
722 2710 776 2783 his
791 2735 907 2784 coram
919 2714 1032 2785 latius.
1051 2713 1166 2786 Audio
1178 2716 1267 2785 enim

193 2834 309 2926 ipsum
329 2835 517 2906 adventare
539 2857 581 2905 eo
601 2835 785 2927 proposito,
807 2846 846 2906 nt
870 2859 927 2906 me
952 2837 1121 2908 Parisium
1145 2838 1268 2909 trahat.

193 2956 294 3042 Quod
316 2957 345 3028 si
366 2956 412 3028 ita
432 2969 500 3042 est,
520 2980 574 3026 res
596 2956 685 3026 inter
704 2967 894 3050 praesentes
913 2960 1136 3050 transigetur.
1159 2958 1217 3031 Ad
1236 2960 1270 3031 id

196 3102 280 3151 sane
312 3081 406 3173 quod
439 3080 473 3150 in
506 3078 575 3149 fine
601 3078 792 3151 litterarum
814 3093 950 3153 tuarum
972 3105 1019 3152 ex
1039 3105 1094 3154 me
1116 3085 1268 3176 qnaeris,

193 3200 303 3273 donec
322 3202 382 3274 diu
402 3224 475 3272 rem
496 3223 574 3272 cum
595 3201 710 3274 anirno
735 3226 813 3275 meo
839 3215 996 3288 tractem,
1024 3205 1091 3275 nisi
1117 3207 1270 3278 fabulam

196 3334 317 3396 texere
350 3326 507 3408 voluero,
539 3325 752 3418 respondere
778 3327 906 3419 aliquid
927 3350 995 3397 non
1021 3351 1179 3421 possum.
1206 3332 1268 3401 Pe-

195 3444 332 3537 regrina
368 3445 511 3516 historia
547 3447 633 3516 meis
672 3447 828 3518 moribus
868 3460 946 3532 est,
984 3459 1039 3534 et,
1078 3451 1174 3542 quod
1215 3473 1269 3522 me

194 3570 274 3642 huic
310 3569 568 3660 interrogationi
604 3570 851 3642 alienissimum
891 3574 995 3658 facit,
1038 3597 1184 3666 prorsus
1219 3577 1271 3648 di-

195 3716 310 3767 versae
331 3716 385 3763 me
407 3694 543 3763 interirn
563 3709 795 3766 exercuerunt
814 3718 921 3779 curae,
945 3720 1139 3790 verumque
1160 3710 1218 3770 est
1233 3700 1271 3770 il-

194 3819 253 3891 lud
274 3819 535 3891 Sallustianum:
557 3821 615 3888 ott
635 3818 813 3889 intenderis
832 3823 1002 3911 argenium
1023 3823 1116 3890 colet.
1140 3824 1270 3893 Praete-

194 3966 253 4015 rea
285 3942 426 4035 antiqua
459 3964 516 4013 res
550 3956 617 4027 est,
654 3955 688 4014 et
721 3967 741 4014 a
775 3944 939 4015 memoria
972 3966 1049 4014 rnea
1083 3947 1271 4017 multorum

194 4084 361 4136 annorum
384 4065 495 4158 spatio
513 4075 655 4138 remota.
678 4068 809 4159 ltaque,
844 4077 882 4135 ut
913 4066 960 4136 ait
991 4067 1151 4162 Plautus:
1173 4070 1273 4157 longo

197 4184 263 4256 dics
283 4189 430 4257 animum
450 4190 588 4258 incorrat
608 4211 725 4257 meunt.
748 4187 815 4259 Sed
835 4188 880 4258 de
901 4189 969 4259 hoc
987 4189 1091 4260 etiarn
1112 4209 1272 4282 praesens

196 4309 326 4400 loquar.
349 4311 445 4381 Vale.

335 4452 378 4504 ad
392 4453 496 4507 sontem
511 4456 627 4524 Sergia,
643 4455 680 4508 IV
696 4456 761 4510 ldus
776 4456 931 4527 Septemhr.
