2692 5024
459 336 724 386 Paotbuoubrtott.
1061 340 1124 389 xvtt

294 477 584 535 lultAbatisCanonici
593 479 701 549 Veneti,
715 477 819 551 quique
832 478 1123 537 continetlittorasli··

295 576 324 625 el
346 570 392 625 7¹·
410 568 470 624 Lib.
487 568 527 639 11,
546 576 574 625 et
590 571 632 626 tit.
651 570 698 625 3·-
715 569 776 624 Lib
795 568 872 623 XVII
894 571 937 626 De
958 571 1019 625 reb.
1038 573 1124 642 form,

294 658 413 731 primum
426 673 521 712 earum
536 677 598 730 quas
612 658 682 714 Sine
696 660 779 715 titulo
792 658 918 729 audiunt,
932 664 960 714 ot
973 660 1121 715 nonnullas

295 763 330 802 ex
348 745 474 818 poeticis:
495 747 572 801 nulla
589 752 682 802 tamen
700 748 742 801 esi
759 763 821 817 quae
839 745 965 801 nondum
983 743 1011 801 in
1034 746 1125 802 lucem

297 835 440 908 prodierit.

127 1010 279 1076 bilissima
292 1024 331 1072 ex
348 1010 401 1071 bac
418 1007 566 1071 Codicum
581 1015 682 1088 segete
698 1008 820 1075 cuinam
837 1025 898 1072 uon
918 1009 1059 1074 videatur
1076 1010 1124 1074 Fr.

46 1118 195 1182 Petramae
211 1132 290 1194 opus
307 1113 467 1194 epistolare
481 1114 561 1176 laoili
575 1114 711 1194 potuisse
726 1114 847 1192 negotio
864 1115 894 1178 in
910 1114 1064 1193 integrum
1078 1132 1125 1177 re·

44 1222 156 1285 stituii
181 1222 324 1285 ‚ltmmen
349 1218 408 1281 tria
429 1235 506 1298 pene
528 1220 694 1282 saecula'ab
715 1220 821 1282 ultima
843 1219 972 1298 Crispini
995 1219 1126 1282 editione

44 1329 207 1398 eltluxere,
240 1325 330 1404 quin,
363 1341 425 1386 non
456 1324 554 1388 dicam
585 1325 705 1388 ineditis
739 1324 888 1387 Francisci
922 1326 1057 1405 epistolis
1094 1326 1126 1388 in

44 1434 145 1495 lucem
166 1429 305 1505 edendis,
328 1430 380 1493 sed
403 1429 516 1493 iamdiu
538 1430 626 1493 editis
650 1429 770 1492 ineam
793 1430 925 1493 lormam
946 1432 1125 1495 reducendis

46 1554 114 1616 quae
128 1536 203 1599 osui
218 1551 287 1599 esse
303 1541 419 1615 posset,
437 1550 561 1614 oporam
576 1535 688 1613 aliquis
701 1535 869 1598 novaverit.
884 1536 967 1599 Adeo
981 1536 1062 1597 enim
1078 1552 1124 1597 er·

49 1640 172 1703 roribus
185 1640 402 1719 perversisque
421 1638 599 1702 lectionibus
620 1646 733 1702 scatent
753 1639 900 1702 editiones
921 1656 1027 1701 omncs
1048 1655 1125 1717 quas
1162 1647 1165 1651 ’

50 1760 140 1824 supra
166 1744 343 1820 retulimus,
365 1759 461 1821 eaque
481 1744 574 1807 oculis
596 1744 713 1823 ingrata
739 1743 948 1807 characterum
973 1745 1070 1806 lorma
1095 1750 1126 1805 et

49 1849 175 1913 obseura
201 1864 344 1912 nexuum
368 1847 554 1911 admixtione
577 1849 734 1926 impressae
759 1854 843 1923 sunt,
866 1856 899 1910 ut
920 1857 949 1912 et
970 1849 1126 1912 fastidium

45 1969 165 2032 semper
183 1959 216 2015 et
233 1967 315 2031 saepe
332 1950 564 2032 insuperabilem
579 1951 764 2028 intelligendi
781 1953 986 2015 difficultatem
1007 1953 1124 2014 lectori-

45 2057 103 2122 bus
117 2058 249 2138 pariant.
266 2055 326 2117 Nec
341 2057 475 2135 prolecto
493 2055 618 2119 deluere
635 2055 760 2116 omnino
777 2056 830 2132 qui
852 2072 930 2134 opus
950 2057 1042 2117 lrocce
1062 2072 1124 2118 me·

47 2164 228 2226 ditarentur.
247 2161 317 2225 Post
333 2176 427 2240 quam
442 2161 525 2224 enim
546 2159 771 2223 eruditissimus
791 2159 842 2223 vir
862 2160 952 2223 baur.
973 2159 1126 2223 ldebusius

49 2268 79 2333 in
97 2269 160 2332 vita
176 2268 329 2331 Ambrosii
345 2267 578 2331 Camaldulensis
588 2266 792 2330 celebriorum
802 2283 840 2329 cx
850 2265 1062 2347 suprascriptis
1071 2266 1126 2331 Co·

50 2375 166 2438 ditibus
182 2372 321 2436 notitiam
338 2373 370 2436 in
388 2373 497 2451 vulgus
514 2373 621 2448 edidit,
639 2378 669 2434 et
686 2373 836 2435 rationem
852 2373 971 2452 aperuit
988 2390 1057 2451 quae
1076 2373 1123 2435 lit·

52 2479 121 2542 teris
138 2478 287 2540 Petromae
303 2475 334 2539 in
350 2491 463 2538 novam
478 2476 578 2538 lucem
595 2476 717 2538 edendis
738 2476 851 2554 optima
873 2475 931 2538 sibi
952 2477 1123 2554 videretur,

54 2585 186 2648 nonnulli
201 2583 315 2663 quibus
336 2581 460 2647 Codices
481 2583 547 2645 illos
567 2583 742 2646 consulendi
762 2584 879 2662 plenior
901 2592 966 2646 erut
986 2585 1123 2658 facultas,

53 2690 82 2751 in
100 2689 131 2752 id
145 2688 284 2752 animum
300 2680 455 2750 intendere
473 2687 621 2751 visisunt
642 2695 676 2750 ut
697 2687 767 2750 huic
789 2690 909 2751 tandem
930 2688 1123 2750 eruditorum

53 2800 120 2858 voto
137 2793 210 2857 satis
226 2792 367 2855 lacerent.
383 2792 492 2855 inlecta
508 2799 607 2855 tamen
626 2809 675 2853 res
696 2793 807 2854 mansit
829 2806 927 2870 usquc
948 2791 985 2853 ad
1005 2795 1126 2852 aetatem

51 2901 123 2965 banc
147 2906 301 2975 nostram,
323 2913 382 2976 qua
402 2897 533 2976 denique
557 2897 621 2959 visa
642 2898 679 2960 ad
701 2896 819 2959 exitum
840 2912 1006 2976 properare
1031 2911 1125 2975 opera

51 3005 291 3069 clarissimorum
307 3003 450 3066 virorum
467 3003 571 3082 Angeli
587 3002 749 3066 Fabbrouii
760 3002 844 3066 etto.
855 3001 994 3082 Baptistn
1004 3002 1125 3066 Baldelli

52 3109 176 3187 equitis,
197 3124 332 3188 quorum
347 3108 488 3177 bicalter
505 3108 689 3172 ineditarum
708 3108 879 3172 litterarum
900 3109 1126 3189 exemplaribus

55 3214 188 3292 undique
204 3213 262 3276 sibi
279 3213 475 3293 comparatis,
489 3229 557 3275 eam
569 3213 627 3276 sibi
641 3213 854 3292 supellectilem
872 3215 1072 3292 quaesiverat,
1090 3220 1124 3275 ut

53 3317 82 3382 in
109 3319 283 3382 doctissimo
310 3318 393 3397 quod
418 3318 511 3381 edidit
536 3319 754 3381 commentario
782 3321 818 3382 de
845 3320 908 3382 vite
930 3326 960 3381 et
981 3318 1124 3396 operibus

53 3423 98 3487 Fr.
115 3425 264 3487 Potrarcae
279 3439 313 3487 se
329 3423 484 3503 possidere
500 3424 656 3502 protessus
672 3424 765 3486 luerit
785 3447 796 3480 ‹
822 3426 847 3487 it
864 3425 921 3502 pits
942 3422 1124 3484 attondente

53 3531 136 3609 epiri
152 3530 275 3609 copioso
292 3529 468 3607 epistolario
482 3529 535 3590 ote
546 3529 579 3591 di
589 3530 633 3591 lui
644 3530 674 3591 si
687 3546 814 3592 cocosoc
826 3530 860 3591 ic
872 3529 1005 3603 Europe.
1024 3547 1035 3581 ι
1051 3524 1123 3588 Fab-

53 3635 160 3699 brouio
183 3649 296 3697 verum
316 3649 334 3695 e
352 3634 435 3696 vivis
456 3635 545 3709 elato,
569 3635 696 3713 publicis
717 3635 765 3697 ille
786 3634 974 3713 privatisque
994 3630 1124 3709 negotiis

53 3740 201 3805 distentus
225 3739 263 3803 ab
284 3737 401 3819 incepto
423 3739 568 3802 desistere
587 3747 708 3803 coactus
728 3746 788 3815 est,
810 3743 840 3800 et
862 3735 978 3799 liberali
997 3752 1125 3816 prorsus

54 3846 156 3910 animo
172 3846 310 3909 collectas
326 3844 389 3907 illas
409 3844 607 3923 epistolarum
629 3844 750 3908 divitias
772 3840 902 3905 Antonio
923 3840 1047 3905 tradidit
1068 3840 1123 3902 ble-

51 3951 199 4030 negbelbo
214 3950 372 4028 Paduano,
386 3950 554 4014 multarum
570 3952 742 4014 litterarum
755 3948 841 4025 viro,
855 3950 977 4028 iamque
992 3948 1022 4010 in
1035 3949 1123 4009 Fran-

50 4057 122 4121 cisci
139 4055 284 4137 operibus
300 4055 352 4120 diu
368 4056 587 4136 diligenterque
605 4059 741 4133 versato,
759 4054 813 4132 qui
832 4060 978 4135 exoptatae
1000 4053 1124 4117 editioni

52 4163 251 4242 procurandae
267 4161 368 4227 statim
384 4160 575 4236 incumbens,
594 4167 628 4223 ut
647 4160 685 4225 de
706 4159 877 4237 integritate
897 4158 1004 4224 edendi
1024 4155 1124 4237 operis

177 4281 194 4321 ι.
956 4264 970 4311 o
