2692 5024
351 679 445 730 einen
465 678 854 733 secuturus-erismae
876 681 926 729 vn.
1122 671 1181 732 tta

98 824 178 900 totis
203 820 329 897 diebus
350 822 464 895 undas
489 822 668 916 prospicit,
701 833 740 894 ut
768 835 823 895 est
853 823 947 918 apud
976 825 1180 899 Lucanum:

699 992 849 1056 fluitantia
865 993 954 1072 longe

256 1089 384 1171 Semper
401 1090 500 1171 prima
518 1091 625 1156 videns
645 1092 795 1156 uenientis
812 1092 879 1156 vela
896 1093 1018 1157 carinae.

95 1266 195 1339 Alius
209 1267 278 1338 iam
292 1265 359 1336 iam
381 1276 538 1338 moturus
559 1287 580 1337 a
596 1265 703 1351 litore,
723 1287 882 1338 serenam
896 1268 975 1341 coeii
991 1269 1183 1362 tranquilli-

96 1400 202 1464 tatem
217 1388 310 1461 votis
324 1388 485 1462 omnibus
498 1388 664 1482 exposcit.
688 1389 757 1460 Iste
777 1389 862 1460 nulii
874 1391 1023 1463 honesto
1035 1392 1182 1484 negocio

96 1515 264 1599 intentus,
281 1512 317 1586 id
330 1513 401 1605 agit
419 1533 557 1604 semper
574 1512 668 1605 quod
686 1512 813 1604 agebat
831 1513 910 1585 oiim
933 1515 1056 1586 classis
1070 1515 1182 1587 iliacae

96 1636 276 1730 magister:
299 1635 413 1728 surgit
432 1634 525 1706 enim
546 1633 707 1728 impiger,
728 1646 776 1720 et,
799 1646 839 1707 ut
859 1636 907 1708 ait
927 1636 1106 1729 Virgilius

822 1816 930 1864 omues

177 1935 184 1988 3
256 1897 402 1977 Explorat
420 1903 543 1975 ventos,
560 1904 652 1977 atque
669 1899 797 1961 auribus
814 1914 884 1961 aera
901 1907 1011 1978 captat,

254 1994 360 2059 Sidera
377 2002 484 2058 cuncta
500 2003 608 2060 notans
626 1997 717 2060 tacito
735 1997 863 2060 labentia
879 1999 966 2060 eoelo.

97 2173 192 2247 Alter
217 2171 311 2245 beati
344 2172 439 2245 senis
460 2171 600 2245 haerens
624 2173 764 2259 tabulis,
789 2196 932 2266 segnem
958 2182 1104 2247 mortem
1128 2175 1182 2246 iu-

97 2298 259 2390 crepitat;
294 2297 381 2367 alter
414 2295 566 2389 nuptias,
599 2305 659 2367 aut
687 2305 824 2390 partum
857 2297 1030 2388 coniugis3
1057 2299 1180 2369 amicae

98 2428 232 2491 noctem
252 2419 340 2490 aiter
360 2426 562 2510 expectans,
591 2417 683 2503 dies,
711 2418 832 2503 horas,
859 2428 1104 2511 momentaque
1128 2418 1183 2489 di-

96 2548 264 2612 numerat.
298 2539 391 2623 Quid
423 2541 554 2612 muita?
577 2540 778 2627 Meministi,
801 2542 919 2626 credo,
938 2540 974 2611 in
990 2540 1181 2632 Philologia

96 2673 228 2749 nostra,
250 2686 357 2757 quam
378 2662 424 2735 ob
443 2663 479 2734 id
497 2665 608 2735 solum
626 2672 665 2735 ut
681 2686 784 2737 curas
803 2660 863 2736 tibi
881 2665 966 2738 iocis
979 2673 1180 2738 excuterem

99 2787 234 2882 scripsi,
256 2786 342 2881 quid
362 2785 619 2879 Tranquillinus
636 2797 756 2860 noster
772 2787 832 2860 ait:

173 3019 175 3026 ,
256 2967 351 3031 tlaior
366 2984 437 3048 pars
452 2968 617 3032 hominum
634 2973 818 3052 expectando
835 2972 979 3035 moritur.

99 3155 148 3228 lta
175 3158 241 3228 es‘t:
267 3154 495 3248 paucissimos
526 3155 684 3228 invenies
709 3156 769 3248 qui
795 3178 863 3227 non
891 3156 952 3226 toti
976 3175 1023 3226 ex
1050 3154 1179 3227 incerto

97 3279 280 3371 pendeant.
313 3275 515 3352 Alexander
539 3279 694 3362 Macedo,
721 3277 828 3348 iulius
853 3278 983 3363 Caesar,
1012 3277 1181 3372 multique

97 3400 153 3473 alii
173 3403 228 3473 vei
248 3401 359 3474 nostri
380 3403 436 3473 vel
457 3401 596 3473 externi
615 3401 734 3488 duces,
748 3423 853 3495 quam
880 3403 987 3474 muita
1012 3413 1177 3497 parantes

96 3523 141 3595 ab
161 3523 226 3597 hac
245 3527 322 3597 luce
343 3524 513 3597 subtracti
535 3533 626 3611 suut,
653 3534 688 3597 et
712 3524 837 3598 mediis
853 3548 975 3598 eorum
993 3525 1177 3598 conatibus

97 3670 191 3720 mors
211 3645 370 3732 occurrit,
392 3656 497 3732 tanto,
518 3658 555 3717 ut
571 3646 656 3718 mihi
672 3647 813 3741 quidem
828 3648 977 3733 videtur,
995 3646 1175 3730 difficilior,
1309 3644 1313 3652 ’

97 3776 227 3860 quanto
239 3767 471 3862 insperatior‘?
482 3767 570 3840 Hinc
581 3780 636 3841 est
647 3770 743 3863 quod
756 3771 848 3842 idem
862 3770 917 3841 ilie
931 3768 1038 3838 lulius
1050 3767 1178 3853 Caesar,

98 3888 211 4002 fragili
231 3889 347 3963 carina
370 3891 407 3959 in
431 3889 572 3983 ancipiti
597 3902 802 3986 tempestate
826 3891 1082 3984 deprehensus,
1101 3910 1180 3959 cum

98 4019 246 4082 mortem
266 4011 386 4086 timere
405 4012 585 4105 coepisset,
604 4013 670 4085 hoc
692 4034 798 4084 unum
824 4011 965 4084 videtur
985 4009 1178 4096 lamentari,

98 4133 192 4226 quod

577 4234 714 4309 ingentes
730 4229 889 4309 abruperit
905 4235 989 4292 actus

256 4326 408 4394 Festinata
425 4328 489 4392 dies
507 4329 584 4394 latis.

97 4501 250 4576 Noverat
281 4503 389 4578 Poeta
420 4505 505 4599 quid
534 4503 688 4578 maxime
716 4504 775 4577 tali
803 4504 881 4579 viro
909 4517 971 4581 aut
997 4509 1181 4582 molestum

224 4632 242 4672 t.
1010 4628 1026 4678 s
