2692 5024
115 660 117 664 ·
163 640 200 700 aa
495 653 536 702 ou
557 653 658 701 nanos
679 652 901 701 santumnium

163 799 283 869 mortis
303 820 344 869 ac
364 801 523 882 fortunae,
546 798 657 867 victor
677 800 847 892 apparuit.
869 800 1033 886 PericleS,
1053 798 1241 873 Athenien-

164 921 212 991 sis
233 920 322 1006 dux,
345 920 433 989 iuter
458 930 607 1011 quatuor
631 920 706 991 dies
732 920 870 993 duobus
892 921 972 992 filiis
992 922 1150 1011 orbatus
1172 948 1241 997 non

164 1045 275 1113 solum
300 1064 369 1113 non
395 1042 577 1134 ingemuit,
600 1044 663 1115 sed
682 1066 747 1116 neo
765 1043 915 1138 priorem
940 1046 1063 1117 frontis
1084 1047 1240 1121 habitum

163 1165 319 1236 mutavit.
346 1165 430 1236 Cato
456 1167 573 1237 senior
597 1167 668 1250 ille,
694 1166 795 1236 cuius
819 1187 927 1258 supra
947 1169 1160 1241 mentionem
1181 1173 1242 1242 ha-

163 1285 242 1369 bui,
275 1297 442 1377 quantum
482 1287 641 1358 laudetur
672 1286 718 1355 ab
755 1284 919 1358 omnibus
951 1290 1068 1360 nultus
1106 1290 1242 1382 ignorat

162 1408 223 1499 qui
248 1409 351 1481 modo
375 1410 433 1479 vol
458 1409 608 1479 tenuiter
625 1409 722 1479 novit
741 1407 924 1480 historias:
944 1411 1109 1503 quodque
1128 1414 1241 1485 maius

162 1541 230 1615 est,
260 1531 334 1602 sine
360 1531 429 1601 ulla
454 1529 677 1601 historiarum
705 1530 843 1615 notitia,
873 1531 923 1602 sic
947 1532 1015 1601 iam
1040 1535 1135 1624 apud
1158 1558 1243 1607 ouu-

163 1661 238 1721 ctos
264 1651 369 1721 huius
394 1650 543 1721 nominis
569 1654 660 1722 fama
685 1651 902 1745 percrebuit,
937 1663 990 1738 ut,
1027 1675 1070 1724 eo
1101 1656 1240 1743 audito,

166 1773 228 1842 vix
251 1772 442 1865 quidquam
468 1773 513 1843 ad
540 1773 721 1865 sapientiae
747 1796 920 1845 summam
945 1775 1048 1846 adiici
1069 1797 1175 1868 posse
1191 1778 1243 1847 vi-

165 1894 297 1964 deatur.
331 1895 382 1966 ita
407 1894 445 1965 fit
472 1906 523 1981 ut,
551 1918 620 1966 non
646 1897 759 1987 magis
784 1908 944 1969 veterum
969 1897 1111 1983 iudicio,
1138 1921 1242 1992 quam

165 2016 409 2090 modernorum
438 2040 628 2102 consensu,
656 2018 739 2091 Cato
762 2018 1041 2112 sapientissimus
1061 2019 1243 2093 habeatur.

165 2138 270 2229 Atqui
295 2138 383 2210 inter
407 2142 516 2210 multa
540 2143 707 2234 praeclara
738 2140 888 2211 hominis
921 2141 1028 2225 illius,
1062 2141 1148 2213 nihil
1174 2143 1243 2214 sin-

165 2261 322 2352 gularius
346 2262 572 2346 admiramur,
600 2285 705 2355 quam
731 2263 825 2355 quod
850 2273 995 2335 mortem
1022 2262 1097 2349 filii,
1125 2266 1243 2359 optimi

166 2383 247 2467 viri,
270 2384 527 2455 modestissime
551 2384 677 2455 dicitur
695 2384 827 2454 tulisse.
843 2386 1043 2478 Xenophon,
1059 2384 1119 2456 [ilii
1134 2398 1243 2458 morte

168 2504 335 2587 nuntiata,
360 2506 582 2589 sacrificium,
618 2506 672 2575 cui
700 2516 782 2576 tunc
807 2505 982 2591 intererat,
1010 2530 1079 2578 nou
1106 2510 1242 2590 omisit;

166 2635 492 2710 coronamentum,
513 2648 617 2718 quam
634 2628 746 2719 capite
763 2628 938 2719 gestabat,
961 2630 1139 2721 deposuit3
1162 2653 1244 2701 mox

167 2743 385 2835 interrogans
402 2745 612 2836 diligentius,
631 2757 737 2841 atque
754 2750 900 2820 audiens
914 2751 1010 2841 quod
1024 2761 1165 2823 strenuo
1182 2775 1245 2843 pu·

166 2887 279 2956 gnans
308 2866 505 2952 cecidisset,
536 2891 698 2940 coronam
734 2871 844 2962 ipsam
876 2872 977 2964 capiti
1011 2872 1184 2966 reposuit,
1208 2885 1246 2942 ut

166 2989 366 3059 ostenderet
396 2989 439 3059 de
476 2989 682 3082 cuiusquam
715 3001 826 3062 morte
853 3014 923 3061 non
948 2993 1150 3076 dolendum,
1177 2993 1244 3064 uisi

169 3108 314 3200 turpiter
334 3119 370 3180 et
389 3110 514 3201 ignave
531 3112 732 3183 morientis:
753 3135 823 3205 quo
849 3123 942 3183 metu
975 3113 1164 3184 verisimile
1192 3126 1248 3185 est

168 3229 281 3298 virum
300 3231 489 3323 sapientem
503 3257 656 3327 vereque
670 3234 896 3318 Socraticum,
911 3234 956 3304 ad
973 3234 1123 3326 primum
1137 3237 1247 3306 nuntii

168 3351 328 3431 rolatum,
351 3353 558 3442 deposuisse
576 3378 747 3426 coronam.
770 3355 999 3446 Anaxagoras
1021 3368 1166 3428 mortem
1189 3356 1248 3427 tilii

168 3469 344 3541 nuncianti
366 3472 472 3556 Nihil,
496 3475 620 3568 inquit,
644 3501 766 3546 norum
787 3489 844 3546 ortt
865 3481 1114 3570 ineoepectatum.
1134 3479 1248 3550 undio:

168 3615 224 3685 epo
245 3597 348 3678 enirn,
371 3616 445 3663 curn
466 3601 527 3667 sint
547 3602 705 3685 rn.ortolis,
724 3601 863 3669 sciebam
886 3622 930 3668 em
951 3604 1162 3690 umgenitum
1184 3625 1249 3673 csse

167 3717 346 3784 rnortutem.
374 3717 402 3786 0
429 3739 512 3788 vore
538 3716 682 3807 dignum
709 3719 849 3788 homine
877 3721 1107 3810 responsum!
1137 3721 1248 3802 Quam

167 3836 265 3905 multi
291 3847 385 3920 sunt,
413 3859 434 3907 e
459 3837 573 3907 medio
593 3837 698 3907 etiam
719 3840 1005 3932 philosophorum
1027 3838 1147 3932 grege,
1171 3843 1246 3934 qui,

167 3956 233 4025 etsi
260 3967 395 4029 naturae
420 3959 653 4029 conditionem
686 3961 843 4051 amplecti
885 3961 1106 4045 simularent,
1136 3974 1248 4034 tamen

168 4101 373 4166 perversum
396 4082 563 4154 moriendi
581 4084 737 4154 ordinem
759 4084 849 4155 taciti
869 4107 936 4154 nou
956 4086 1134 4156 tulissent!
1157 4085 1250 4155 Ana-

169 4219 311 4286 xagorae
337 4227 421 4274 vero
447 4204 531 4274 nihil
558 4206 773 4298 inopinatum
794 4216 929 4300 poterat
949 4208 1172 4298 contingere;
1194 4228 1251 4276 co

168 4314 300 4404 gitabat
320 4323 410 4391 enim
429 4324 572 4396 assidue
595 4326 706 4418 (quod
726 4339 780 4396 est
801 4329 895 4418 apud
914 4325 1113 4417 Senecam),
1136 4326 1250 4396 omnia

168 4446 203 4505 et
224 4441 378 4509 mortalia
396 4465 491 4527 esso,
512 4455 546 4514 et
565 4446 695 4517 incerta
713 4452 787 4537 lege
805 4448 973 4518 mortalia.
996 4448 1168 4537 Quodque
1185 4447 1251 4516 alio
