2692 5024
455 713 606 763 urrsroul
626 715 669 762 in
689 712 858 763 rosrsuos.
1171 703 1190 762 9

119 862 269 933 Africam
295 863 388 931 illam
412 884 541 955 meam,
573 885 643 955 qua
667 885 780 955 usque
805 864 891 934 adeo
920 864 1107 935 delectatus
1135 876 1191 935 est

118 995 154 1055 ut
173 1005 252 1054 eam
271 981 337 1053 sibi
360 982 499 1053 inscribi
524 1005 649 1075 magno
666 1005 729 1075 pro
746 1005 889 1054 munere
909 995 1076 1075 posceret,
1096 987 1189 1077 quod

117 1128 246 1199 negare
266 1128 328 1176 nec
349 1105 442 1196 potui
463 1116 555 1177 corte
574 1128 636 1177 nec
656 1107 764 1191 volui,
785 1128 949 1199 supereo
969 1108 1107 1178 tandem
1127 1131 1189 1200 pm

117 1254 186 1324 quo
205 1249 370 1301 veneram
395 1240 525 1299 certum
553 1229 636 1299 mibi
661 1230 842 1322 deputavit
863 1230 969 1314 diem,
990 1241 1026 1301 ct
1045 1252 1066 1300 a
1087 1232 1188 1300 meri-

117 1354 173 1426 die
191 1352 236 1423 ad
258 1372 440 1443 vesperam
461 1373 516 1422 me
536 1351 658 1433 tenuit3
679 1362 714 1422 et
733 1353 904 1445 quoniam,
919 1363 1095 1424 crescente
1114 1374 1188 1422 ma-

119 1476 214 1560 toria,
235 1474 343 1546 breve
362 1483 497 1566 tempus
519 1475 690 1566 apparuit,
712 1475 850 1546 duobus
872 1476 1041 1567 proximis
1061 1475 1186 1548 diebus

118 1598 207 1669 idem
222 1597 312 1668 fecit.
330 1596 386 1667 Sic
402 1596 517 1667 triduo
532 1618 685 1667 excussa
701 1597 895 1688 ignorantia
912 1620 998 1683 mea,
1017 1598 1073 1670 die
1089 1599 1188 1670 tertio

120 1742 173 1791 me
192 1719 338 1811 dignum
359 1721 477 1789 laurea
499 1719 673 1790 iudicavit.
694 1719 781 1789 Eam
806 1720 890 1789 mihi
909 1721 1050 1814 Neapoli
1068 1719 1189 1792 olfere-

118 1840 176 1911 bat
191 1851 227 1911 et
242 1850 282 1910 ut
297 1839 485 1910 assentirer
500 1838 660 1932 precibus
673 1839 779 1911 etiam
795 1840 912 1911 multis
929 1841 1086 1932 urgebat.
1100 1842 1188 1913 Vicit

119 1984 216 2033 amor
230 1964 349 2032 llomae
365 1962 599 2033 venerandam
631 1964 714 2034 tanti
732 1963 823 2054 regis
840 1964 1050 2034 instantiam.
1070 1965 1188 2056 ltaque

98 2083 303 2154 inflexibile
321 2084 537 2176 propositum
562 2106 678 2153 meum
702 2106 862 2168 corneae,
890 2087 1020 2157 litteras
1046 2085 1129 2155 mibi
1153 2096 1188 2156 et

119 2206 259 2276 nuncios
289 2207 334 2278 ad
364 2208 527 2277 Senatum
559 2208 751 2277 Romanum
777 2207 884 2291 dedit,
912 2208 1038 2299 quibus
1064 2208 1108 2279 de
1132 2228 1187 2277 me

120 2328 280 2399 iudicium
302 2352 404 2400 suum
426 2351 553 2421 magno
573 2332 692 2400 favore
711 2329 888 2422 professus
908 2338 977 2399 est:
998 2329 1092 2419 quod
1110 2329 1187 2420 qui-

119 2452 197 2522 dem
218 2461 298 2523 tunc
316 2452 479 2524 iudicium
497 2452 632 2543 regium
651 2462 686 2555 et
706 2453 891 2523 multorum
911 2459 946 2521 et
965 2472 1041 2520 meo
1061 2451 1095 2520 in
1116 2450 1186 2543 pri-

120 2575 182 2646 mis
207 2574 334 2646 iudicio
357 2597 547 2646 consonum
574 2576 653 2656 suit3
678 2575 781 2646 bodie
812 2583 846 2644 et
872 2574 981 2666 ipsius
1009 2584 1044 2645 et
1071 2595 1185 2644 meum

117 2706 151 2766 et
169 2697 322 2768 omnium
342 2697 432 2768 idem
454 2697 670 2769 sentientium
690 2696 854 2768 iudicium
876 2718 945 2767 non
965 2696 1083 2789 probo.
1104 2698 1185 2768 Plus

118 2819 247 2891 iueum
264 2819 374 2891 valuit
391 2841 487 2891 amor
502 2829 538 2890 et
555 2820 678 2890 aetatis
695 2822 795 2890 favor
811 2842 916 2911 quam
933 2821 1007 2892 veri
1021 2820 1183 2892 studium.

118 2941 203 3011 Veni
223 2950 347 3024 tamen,
368 2950 403 3010 et
422 2943 611 3032 quamlibet
629 2941 804 3032 indignus,
828 2950 923 3012 tanto
944 2951 1058 3012 tamen
1076 2944 1184 3012 lictus

121 3059 273 3154 lisusquo
296 3063 437 3149 iudicio,
461 3086 596 3135 summo
616 3033 695 3135 cum
715 3064 843 3154 gaudio
863 3065 1104 3145 Romanorum,
1126 3063 1184 3154 qui

120 3185 164 3254 illi
190 3185 395 3257 solemnitati
419 3187 586 3257 interesse
615 3195 817 3278 potuerunt,
841 3187 993 3255 lauream
1018 3184 1185 3277 poeticam

118 3309 232 3381 adhuc
248 3309 474 3380 scholasticus
492 3309 589 3381 rudis
608 3309 752 3401 adeptus
772 3331 859 3379 sum.
875 3309 924 3378 De
940 3307 1067 3401 quibus
1079 3306 1184 3378 etiam

117 3439 151 3500 et
168 3431 320 3501 carmine
337 3440 372 3503 et
393 3435 505 3503 soluta
525 3433 677 3504 oratioue
696 3432 851 3525 epistolae
872 3453 960 3504 meae
987 3429 1076 3503 sunt.
1102 3432 1186 3502 llaec

118 3552 201 3622 mihi
231 3553 347 3625 laurea
378 3555 530 3626 scientiae
559 3555 661 3639 nihil,
692 3555 877 3647 plurimum
907 3577 992 3626 vero
1021 3553 1186 3646 quaesivit

116 3674 266 3747 invidiae.
293 3676 361 3748 Sed
390 3678 466 3748 baec
495 3700 633 3770 quoque
661 3678 804 3750 historia
834 3679 966 3769 longior
996 3686 1050 3746 est
1078 3694 1183 3766 quam

116 3808 235 3888 poscat
253 3798 309 3868 hic
329 3802 434 3870 locus.
457 3800 539 3871 lude
558 3823 642 3892 ergo
661 3802 843 3893 digressus
864 3802 1023 3872 Parmam
1044 3795 1184 3875 veniet

116 3941 194 3989 cum
214 3921 279 3990 illis
299 3919 343 3993 de
369 3922 523 4013 Corrigia
548 3924 633 3996 viris
659 3924 694 3993 in
725 3947 779 3995 me
804 3919 1054 3994 liberalissimis
1081 3927 1183 4010 atque

115 4041 261 4133 optimis,
282 4043 344 4114 sod
360 4043 449 4114 iuter
469 4066 507 4115 se
526 4048 615 4117 male
634 4045 870 4128 concordibus,
890 4045 949 4135 qui
967 4054 1046 4113 tunc
1061 4041 1183 4111 urbem

116 4163 208 4233 illam
229 4163 287 4232 tali
308 4163 475 4255 regimine
496 4165 737 4256 gubernabant
756 4167 858 4258 quale
877 4187 941 4235 nec
961 4172 1038 4233 ante
1057 4162 1092 4232 in
1112 4183 1183 4232 me-

115 4284 224 4354 moria
244 4284 420 4356 homiuum
438 4287 608 4358 habuerat
624 4287 747 4358 civitas
764 4287 835 4370 illa,
854 4308 917 4356 uec
935 4296 1036 4357 aetate
1051 4286 1126 4368 hac,
1145 4295 1183 4356 ut

115 4427 277 4496 auguror,
300 4406 460 4480 habitura
480 4421 546 4494 est,
571 4410 818 4502 aliquantulum
841 4417 975 4502 tempus
992 4409 1118 4502 peregi.
1140 4408 1184 4476 Et.

117 4529 267 4620 suscepti
293 4550 425 4603 memor
448 4531 603 4615 honoris,
626 4531 859 4623 sollicitusque
883 4553 927 4604 ne
951 4530 1091 4623 indigno
1114 4531 1183 4601 col-
