2692 5024
133 640 192 701 toll
474 647 515 696 ns
537 646 637 695 nunus
659 643 879 694 rnurnramnus

134 797 217 865 tas‘l
236 791 369 884 Nempe
389 793 446 861 vel
466 790 550 861 caeci
572 810 669 860 more
687 789 869 879 vulgarem
888 785 1087 880 strepitum
1106 809 1229 883 seque

134 926 206 998 tur,
226 917 281 986 vel
298 902 445 1003 serrato,¹
474 921 512 981 ut
532 911 642 995 aiunt,
663 910 726 980 ibit
741 909 881 991 itincre;
899 916 948 994 et,
962 931 1053 1003 quae
1066 912 1227 1003 gravium

131 1059 316 1132 corporum
336 1045 461 1105 natura
481 1045 552 1118 est,
574 1033 738 1104 deorsum
753 1032 827 1102 suis
845 1030 1070 1126 ponderibus
1087 1037 1226 1106 feretur.

133 1161 233 1231 Nunc
250 1168 299 1242 tu,
319 1178 395 1240 oro,
415 1155 471 1225 vir
487 1155 628 1248 optime,
652 1175 830 1237 succurre,
848 1163 885 1224 et
902 1154 1089 1227 incautum
1106 1178 1149 1229 ac
1166 1179 1228 1228 uu-

134 1293 263 1353 tantem
293 1279 436 1361 adiuva,
465 1297 561 1368 rege,
589 1275 782 1347 substenta.
808 1274 945 1359 Discat,
976 1286 1013 1347 te
1037 1278 1223 1370 magistro,

133 1405 300 1476 dextrum
323 1400 423 1491 sequi
444 1401 580 1483 callem,
607 1397 721 1469 discat
744 1396 949 1467 ascendere.
978 1397 1087 1482 Quod
1115 1420 1224 1492 prom-

136 1527 229 1618 ptius
250 1521 365 1604 faciet,
389 1521 418 1590 si
439 1520 657 1612 peculiariter
677 1519 712 1588 in
737 1540 815 1590 eum
832 1520 955 1590 oculos
974 1518 1168 1606 defixeris,
1190 1533 1222 1592 et

134 1642 377 1716 adolescentiae
399 1661 475 1713 suae
494 1640 626 1713 morbis
648 1641 834 1733 singularis
853 1641 1022 1732 quaedam
1050 1653 1127 1714 tuae
1150 1664 1218 1737 pro

134 1766 300 1839 videntiae
334 1764 505 1836 medicina
531 1763 746 1835 subvenerit.
773 1763 847 1834 Scis
873 1784 982 1855 quam
1017 1763 1056 1835 iu
1092 1775 1217 1859 partem

134 1891 298 1985 pendeat,
327 1888 420 1960 unde
447 1888 492 1959 sit
517 1885 628 1957 ruinae
661 1887 863 1979 proximus3
896 1884 992 1958 illinc
1027 1902 1218 1983 opportuno

134 2014 298 2108 praesidio
318 2011 489 2082 fulciatur.
515 2010 627 2081 Vetus
654 2008 865 2080 medicorum
892 2010 1017 2099 regula
1042 2020 1120 2082 est:
1146 2032 1217 2084 ocu·

135 2136 237 2206 traria
260 2133 442 2205 contrariis
463 2131 588 2205 curari.
611 2134 649 2201 ln
674 2129 827 2202 laetitiam
852 2129 965 2200 effuso
994 2131 1101 2203 triste
1128 2133 1218 2226 quid·

136 2256 233 2342 libet,
258 2256 423 2329 moestitia
443 2264 619 2326 contracto
645 2255 762 2323 laetum
788 2251 918 2343 aliquid
935 2230 1095 2325 obiicitoss
1115 2256 1217 2327 luten

135 2380 226 2447 tione
259 2380 363 2448 nimia
391 2378 419 2447 si
446 2376 611 2449 obtusum
637 2375 702 2444 orit
729 2372 917 2464 ingenium,
947 2396 1048 2447 more
1084 2378 1214 2449 solertis

134 2500 296 2589 agricolae
323 2503 454 2570 alterna
482 2496 739 2568 intermissione
765 2495 1001 2589 reparabitur;
1032 2499 1062 2569 si
1092 2499 1214 2592 rubigi-

134 2641 213 2688 nem
236 2620 303 2689 situ
326 2619 478 2700 traxerit,
501 2618 669 2689 exercitio
689 2619 865 2690 enitescet.
887 2616 1004 2711 Atque
1024 2620 1074 2691 ita
1095 2622 1164 2707 fiet,
1184 2631 1217 2693 ut

134 2740 230 2812 labor
262 2740 414 2833 quictem
449 2740 598 2824 condiat,
635 2740 786 2813 laborem
826 2740 946 2832 quies:
988 2741 1216 2838 vicissimque

135 2886 227 2934 nunc
243 2863 319 2935 ocio
337 2887 429 2933 nunc
450 2864 596 2954 negocio
617 2875 793 2935 recreetur
809 2863 957 2934 animus
978 2865 1216 2940 Innumerabi-

134 2988 185 3057 les
219 2996 368 3079 praetera
403 2996 484 3056 sunt
509 3007 644 3056 morum
670 2985 886 3069 differentiae,
914 2995 950 3055 et
975 2994 1048 3058 tam
1076 2990 1216 3061 diversa

134 3108 301 3192 remedia,
329 3130 397 3179 non
418 3107 530 3198 magis
557 3108 754 3178 morborum
780 3107 934 3202 corporis
969 3132 1077 3200 quam
1115 3114 1215 3186 animi

133 3229 349 3318 passionum,
373 3240 410 3299 ut
431 3229 523 3321 quod
542 3229 599 3299 uni
619 3229 817 3320 pestiferum
838 3238 906 3311 est,
930 3231 1028 3300 alteri
1053 3235 1100 3303 sit
1129 3238 1216 3306 salu-

134 3347 205 3417 bre.
232 3349 269 3416 ln
291 3348 355 3419 hoc
377 3361 446 3421 tota
467 3348 630 3420 discretio
651 3350 871 3444 praeceptoris
894 3352 1054 3421 vortitur.
1079 3354 1216 3426 iuveni-

133 3469 174 3539 lis
195 3490 304 3560 pavor
325 3472 554 3542 familiaritate
571 3494 611 3542 ao
631 3471 802 3543 blanditiis
820 3474 1011 3553 mulcetur;
1031 3474 1217 3546 insolentia

133 3592 235 3662 minis
256 3605 291 3663 ot
317 3594 502 3664 severitate
528 3594 775 3686 comprimitur.
802 3595 873 3664 Neo
902 3617 968 3664 una
996 3596 1216 3671 scholasticae

131 3735 281 3785 censura
307 3714 438 3785 militiae
470 3725 546 3786 est:
578 3717 668 3786 levia
694 3715 825 3795 verbis,
854 3716 976 3805 gravia
1005 3719 1216 3792 verberibus

131 3836 349 3925 castiganda3
372 3838 427 3906 hic
449 3837 609 3909 laudibus
630 3839 833 3930 erigendus,
854 3837 909 3907 bic
927 3842 1150 3912 coercendus
1169 3843 1216 3912 in·

131 3956 254 4035 famia;
277 3955 333 4027 bic
352 3980 456 4051 opere
478 3958 688 4049 fatigandus,
713 3960 768 4030 bic
788 3959 985 4031 domandus
1011 3973 1070 4032 est
1095 3965 1214 4036 ferula.

130 4077 306 4150 Generoso
339 4080 453 4149 animo
484 4083 752 4172 perseverantiae
779 4079 947 4163 studium,
975 4080 1103 4154 affecto
1130 4088 1216 4156 sola-

132 4200 236 4281 tium,
264 4202 464 4293 desperanti
493 4201 705 4286 subsidium,
734 4206 849 4273 fervor
874 4203 1016 4291 algenti,
1046 4207 1216 4300 praecipiti

132 4316 281 4404 frenum,
305 4323 397 4392 lento
424 4326 536 4393 calcar
563 4325 772 4395 addendum.
800 4323 987 4394 Notissima
1015 4329 1143 4401 scienti
1171 4331 1218 4401 in·

228 4469 233 4495 ¹
251 4468 303 4525 Sic,
317 4473 497 4523 itinerariam?
