2692 5024
353 699 445 748 urusn
466 699 629 748 surrruus.
690 700 843 751 urrsruua
866 703 916 751 xr.
1115 693 1171 751 :llll

99 847 163 915 tias
196 861 279 911 suas
314 839 524 932 gravissima
557 850 758 933 premantur
791 840 915 934 inopia.
954 841 1003 912 lla
1028 842 1086 935 qui
1113 868 1175 938 pro

96 965 227 1056 exiguo
239 984 361 1046 ceusu,
377 983 441 1055 pro
454 982 563 1054 parvo
581 962 678 1052 regui
693 964 830 1053 angulo,
850 962 885 1031 in
903 962 1011 1034 aciem
1029 964 1177 1037 descen-

96 1087 241 1168 dissent,
270 1084 425 1158 relietum
453 1082 519 1153 sibi
540 1105 561 1154 a
586 1084 728 1176 proavis
754 1084 959 1155 thesaurum
986 1087 1177 1160 inaestima-

97 1209 165 1280 bile
190 1207 423 1300 proiecerunt,
446 1206 551 1297 inque
584 1205 693 1298 ipsam
724 1206 827 1276 animi
854 1208 985 1298 regiam
1008 1211 1176 1302 permise-

98 1342 178 1402 runt
202 1329 415 1419 alienigenas
440 1326 588 1419 ingredi,
617 1328 676 1419 qui
702 1349 764 1400 eos
790 1351 858 1400 non
885 1333 1085 1426 purpureiS,
1114 1335 1177 1407 sed

97 1453 245 1524 sidereis
263 1449 422 1521 restibus
444 1450 608 1542 spoliatos
629 1448 711 1521 inde
729 1450 954 1543 depellerent.
976 1454 1074 1525 Unde
1091 1453 1176 1525 illud

98 1576 214 1664 regale
247 1571 401 1644 dedecus
432 1571 608 1655 videmus,
648 1569 785 1665 plebem
823 1572 961 1643 doctam
1002 1596 1176 1668 regesque

96 1695 229 1777 asinos,
257 1702 440 1764 coronatos
466 1691 559 1774 lieet3
591 1693 641 1762 sic
671 1693 764 1762 euim
797 1714 860 1764 eos
893 1704 997 1767 vocat
1029 1698 1176 1768 Romani

97 1816 313 1909 imperatoris
332 1814 480 1910 epistola
500 1815 662 1906 quaedam
683 1814 728 1885 ad
745 1816 955 1887 Francorum
975 1840 1104 1909 regem.
1124 1820 1175 1890 Tu
1286 1849 1289 1855 ·

96 1957 181 2027 ergo
201 1935 266 2007 bae
286 1945 403 2020 aetale,
432 1935 487 2006 vir
511 1935 680 2020 maxime,
707 1945 743 2004 et
767 1935 822 2007 cui
848 1937 892 2007 ad
919 1958 1064 2028 reguum
1091 1939 1175 2009 nihil

97 2067 225 2150 praeter
245 2057 378 2149 regium
399 2077 525 2129 nomeu
547 2057 652 2141 desit,
674 2079 694 2127 e
718 2058 857 2127 duabus
881 2059 1073 2150 principum
1098 2079 1174 2129 seu·

98 2180 213 2252 tentiis
233 2179 287 2251 cui
309 2179 528 2272 potissimum
549 2189 580 2250 te
602 2179 766 2272 applices,
788 2180 927 2270 ignor03
950 2182 1012 2253 sed
1033 2182 1175 2253 meliora

96 2302 211 2374 omnia
231 2303 276 2373 de
298 2312 330 2372 te
351 2324 464 2395 spero.
485 2304 620 2395 ltaque,
640 2324 683 2372 ue
701 2303 736 2371 iu
753 2305 895 2395 longum
913 2325 1047 2388 exeam,
1068 2304 1174 2377 breve

38 2491 42 2497 .
97 2445 248 2506 carmen,
271 2424 365 2516 quod
383 2447 431 2495 ex
451 2435 606 2519 tempore
626 2447 737 2517 nuper
757 2425 908 2495 occurrit
924 2425 1014 2497 inter
1030 2427 1174 2500 arbores

96 2548 172 2618 illas
182 2547 227 2618 de
239 2546 368 2639 quibus
386 2547 447 2618 tibi
465 2545 652 2616 admodum
669 2547 882 2618 familiariter
898 2558 1030 2641 partem
1048 2549 1173 2643 poseis,

96 2668 311 2740 excellentiae
343 2679 413 2739 tuae
447 2669 536 2739 misi.
563 2668 663 2752 Quod
689 2672 718 2739 si
744 2671 917 2763 placuisse
944 2670 1003 2741 tibi
1030 2693 1175 2744 sensero

97 2788 145 2878 (in
157 2810 200 2859 eo
217 2810 346 2880 genere
364 2809 470 2880 posse
486 2790 579 2859 enim
596 2788 741 2881 videor),
761 2812 864 2881 quam
883 2800 998 2884 putas,
1018 2800 1054 2861 et
1069 2811 1174 2883 quam

96 2910 275 3002 occupatio
296 2931 374 2980 mea
395 2910 556 3003 spondet,
579 2910 752 2981 liberalior
772 2910 958 3001 apparebo.
979 2913 1075 2980 Vale.

240 3077 280 3132 Ill
294 3076 360 3132 Idus
374 3078 473 3133 Martii.

498 3408 674 3472 urlsrotl
696 3410 765 3472 xvl.

186 3593 380 3644 enunclsotls
402 3592 571 3642 PETRARCA
595 3593 710 3642 mcosso
732 3592 934 3642 ruonsurmo
956 3595 981 3643 S.
1004 3595 1031 3642 P.
1054 3596 1083 3642 ll.

92 3756 226 3827 deeeptus
240 3755 324 3810 habet
338 3753 435 3810 laudes
448 3751 552 3824 quibus
564 3751 711 3823 indignum
726 3767 755 3805 se
770 3752 930 3823 profitetur:
945 3756 974 3805 et
986 3767 1038 3824 pro
1050 3751 1171 3807 oratione

181 3843 330 3898 Miloniana
338 3842 458 3921 ‚aliisque
474 3841 510 3895 M.
528 3840 609 3894 Tullii
625 3839 763 3896 Ciceronis
783 3839 915 3913 operibus
935 3856 1019 3912 quam
1039 3840 1172 3895 maximas

180 3930 281 4001 gratias
296 3930 361 4000 agit.

191 4125 293 4195 Veris
314 4126 458 4209 utinam,
482 4125 643 4196 laudibus
665 4124 753 4195 meis
774 4127 886 4216 pleuae
907 4133 976 4192 tuae
995 4143 1108 4216 nuper
1127 4122 1171 4193 ad

92 4267 148 4316 me
170 4245 294 4315 litlerae
312 4266 457 4329 venere,
480 4254 515 4315 et
539 4243 721 4316 dulcedine
741 4242 832 4313 'mira
858 4243 1072 4336 permulsere
1097 4242 1171 4312 ani-

91 4391 209 4450 mum;
232 4366 337 4440 sicin
360 4365 412 4438 eis
437 4367 595 4438 affectum
624 4364 754 4460 potius,
783 4386 885 4455 quam
911 4363 1071 4436 ellectum
1098 4385 1171 4434 me-

92 4491 210 4563 tiebar.
245 4490 280 4559 Si
305 4489 396 4559 enim
423 4488 468 4561 ab
493 4487 559 4558 alio
583 4487 817 4572 mitterentur,
845 4487 943 4560 illudi
967 4488 1167 4570 crederem
