2692 5024
122 611 175 660 VIII
525 610 791 660 PROLEGOXENON.

148 750 194 804 IV.
213 749 294 806 1495.
314 749 462 804 Librorum
476 747 522 802 Fr.
538 748 695 803 Petrarchae
708 750 909 821 impressorum
922 749 1071 803 annotatio.
1086 748 1200 805 Basileae

350 854 400 909 per
413 837 485 906 Mag.
501 836 656 891 Iohannem
669 837 710 892 De
723 837 889 892 Amerhach.
904 836 962 892 Fol.
978 838 1032 892 vol.
1047 836 1074 891 1.

315 927 399 981 Hunc
407 925 570 981 Boldciliua
581 927 632 980 loc.
644 928 694 981 cit.
706 927 808 982 auserit
816 943 846 980 ae
859 927 962 981 uidiaae
975 927 1008 980 in
1021 926 1200 981 Bibliotheca

353 1014 561 1069 Trumorituuu.

161 1103 195 1157 V.
214 1102 295 1158 1496.
316 1102 496 1174 Eademque
510 1119 596 1177 supro
608 1117 640 1158 n⁰
654 1104 700 1158 IV.

318 1192 382 1248 Cot.
397 1192 534 1260 Roaaetti,
549 1205 584 1246 m
597 1192 647 1248 00.

150 1277 197 1333 VI.
216 1279 297 1334 1497.
317 1278 421 1334 Eadem
435 1295 497 1350 quae
512 1296 574 1351 aup.
590 1296 618 1332 n.
636 1280 673 1334 IV
686 1287 714 1335 et
727 1281 759 1334 V.

317 1367 402 1420 Hauc
414 1367 483 1421 citat
497 1365 638 1422 Loccerm
652 1368 685 1421 iu
698 1369 816 1422 Miscell.
831 1385 868 1423 cor
881 1371 946 1424 Mea.
963 1371 1011 1424 tib.
1030 1371 1099 1425 Coti.
1116 1371 1199 1425 Rom.

353 1456 417 1510 Soc.
432 1457 510 1511 Jcau.
526 1457 629 1513 Romoe
638 1473 696 1529 per
709 1457 914 1529 Poplieriuum
930 1458 1009 1514 1754
1014 1498 1024 1526 ,
1041 1459 1071 1513 T.
1086 1459 1116 1513 9.

136 1543 197 1598 VII.
216 1543 296 1599 1501.
315 1542 464 1599 Librorum
473 1544 519 1600 Fr.
535 1545 691 1600 Petrarchae
701 1547 850 1602 annotatio.
861 1546 984 1601 Venetiis
998 1564 1048 1619 per
1060 1547 1202 1602 Simonem

352 1632 393 1686 De
407 1631 496 1688 Luere
509 1634 636 1706 impensa
649 1634 759 1689 Domini
769 1634 888 1690 Andreae
897 1635 1044 1690 Torresani
1057 1635 1091 1691 de
1105 1637 1200 1690 Annia.

354 1720 414 1776 Fol.
429 1723 483 1776 vol.
500 1722 527 1776 1.

317 1808 440 1862 Roaaetti
455 1809 548 1864 Catul.
563 1823 598 1864 u⁰
610 1810 660 1866 64.
676 1812 773 1867 Huiua
787 1811 922 1867 editionis
931 1812 1081 1867 Boideliua
1091 1813 1142 1865 Ioc.
1153 1811 1201 1865 cit.

353 1898 409 1951 duo
432 1898 501 1952 citat
524 1901 710 1970 compluria
732 1901 860 1955 atterum
882 1901 961 1954 diem
980 1904 1145 1971 proesereua
1162 1898 1202 1953 99

353 1985 472 2054 martii,
492 1988 620 2042 alienum
638 1989 717 2043 diem
737 1989 776 2045 17
784 1989 868 2059 junii
880 1989 1010 2043 ciusdem
1024 1989 1097 2042 uuui
1113 1987 1202 2043 1501.

124 2073 197 2129 VIII.
217 2073 297 2129 1503.
317 2073 465 2129 Librorum
478 2074 524 2129 Fr.
540 2076 696 2130 Petrarchae
709 2076 909 2149 impressorum
922 2077 1071 2130 annotatio.
1083 2075 1205 2129 venetiis

352 2181 403 2236 per
411 2165 553 2219 Simonem
562 2165 726 2237 papiensem
736 2166 841 2220 dictum
850 2166 1023 2236 Bivilaquam
1032 2165 1076 2219 die
1085 2164 1121 2219 15
1130 2165 1202 2220 Iulii.

318 2253 442 2307 Roaactti
461 2254 553 2307 Catul.
573 2267 608 2307 u⁰
621 2254 677 2309 68:
691 2255 841 2309 Baldcliua
861 2257 911 2308 loc.
926 2256 973 2309 cit.
990 2255 1067 2309 Huic
1084 2254 1206 2309 editioni

350 2339 524 2410 plenamque
551 2341 687 2395 adsuitur
713 2341 881 2396 Booonrcnrr
908 2355 1023 2395 manna
1051 2355 1109 2394 con
1138 2355 1205 2394 coa-

354 2440 452 2482 10110
470 2427 639 2484 Bramaorr
657 2428 810 2484 luonrasrs
833 2443 890 2483 rea
907 2429 1033 2482 Marcum
1052 2429 1205 2484 Honrooao

354 2529 391 2569 m:
414 2516 551 2570 Vnumne
579 2530 718 2570 mccccxvr
745 2531 793 2571 me
816 2531 844 2571 vr
867 2531 955 2586 sunu,
982 2518 1033 2572 ubi
1060 2518 1207 2571 evidenter

351 2606 434 2672 potet
457 2603 610 2673 leocadiam
634 2620 692 2657 cuae
711 2617 809 2658 uoxvr.
834 2601 929 2660 Plura
950 2607 1054 2674 [oreon
1072 2603 1206 2657 editionis

355 2708 374 2743 a
396 2689 515 2745 Simone
534 2696 665 2762 peractoe
683 2694 867 2764 caecmploma
884 2694 917 2747 iu
931 2710 1037 2747 manua
1050 2693 1207 2764 Horipouii

352 2794 527 2849 peruenere,
553 2781 604 2849 qui
631 2796 722 2850 quum
745 2782 861 2835 diuersa
883 2783 1089 2835 characterum
1109 2785 1207 2852 formu

355 2865 525 2922 Bucolicum
543 2883 663 2922 oomueu
681 2870 886 2939 imprcaaiaact,
906 2872 958 2923 hoc
975 2869 1036 2924 illio
1054 2870 1205 2936 adiunxit,

318 2948 320 2952 ’
357 2970 480 3024 operum
494 2955 590 3009 iudice
603 2955 708 3011 itidem
720 2959 937 3013 characteribm
951 2958 1050 3013 addito
1067 2960 1099 3012 iu
1111 2963 1207 3030 [route

357 3043 521 3099 voluminis.

151 3133 198 3186 IX.
218 3131 298 3185 1541.
319 3131 365 3185 Fr.
381 3133 537 3187 Petrarchae
552 3133 642 3205 Opera
656 3136 758 3190 omnia.
774 3135 887 3192 Basiieae
901 3138 960 3192 sine
974 3138 1085 3193 nomine
1099 3142 1205 3207 typogr.

359 3222 437 3291 in-8,
451 3224 505 3277 vol.
521 3224 548 3276 1.

323 3312 447 3366 Roaactti
462 3312 554 3366 Catal.
570 3326 605 3366 u⁰
620 3314 689 3368 141.

170 3399 203 3452 X.
224 3399 303 3453 1554.
324 3398 370 3453 Fr.
386 3400 540 3455 Petrarchae
555 3401 646 3472 Opera
660 3404 761 3456 omnia.
777 3403 892 3457 Basileae
905 3417 955 3472 per
968 3401 1119 3455 Henricum
1133 3401 1208 3455 Petri

359 3485 388 3538 in
401 3485 449 3539 fol.
466 3488 519 3541 vol.
535 3487 562 3541 9.

325 3574 447 3628 Roaaetti
463 3576 555 3631 Cutol.
571 3591 605 3631 u⁰
619 3579 690 3634 910.

153 3663 201 3717 XI.
221 3661 301 3717 1558.
321 3661 367 3716 Fr.
379 3663 517 3716 Petraroa.
530 3665 668 3734 Bucolica,
679 3665 781 3732 Africa,
792 3670 819 3718 et
830 3664 966 3735 Epistolae.
979 3664 1091 3719 Basileae
1102 3664 1160 3719 sine
1171 3669 1210 3732 ty-

360 3767 438 3823 pogr.
455 3753 581 3820 nomine,
596 3753 641 3821 8⁰,
655 3752 708 3806 vol.
723 3753 749 3805 1.

327 3841 449 3894 Roaeciti
464 3840 526 3894 Cot.
541 3853 576 3893 u⁰
588 3841 660 3894 994.

147 3926 207 3979 XII.
228 3926 307 3980 1581.
329 3929 374 3983 Fr.
399 3930 555 3984 Petrarchae
579 3931 669 4002 Opera
687 3930 788 3984 omnia.
809 3930 922 3983 Basileae
946 3946 996 4001 per
1018 3928 1209 3983 Sebastianum

363 4017 586 4089 Henricpetrum.

328 4103 452 4158 Rossctti
467 4106 528 4159 Cui.
544 4119 578 4158 n⁰
591 4105 663 4160 990.

135 4191 209 4246 XIII.
225 4190 305 4247 1601.
325 4189 371 4245 Fr.
387 4192 543 4247 Petrarchae
558 4193 744 4265 Epistolarum
758 4194 821 4248 libri
835 4194 926 4262 XVII,
937 4211 971 4248 ex
981 4193 1046 4248 God.
1058 4193 1082 4245 1.
1094 4190 1210 4246 Chalasii

364 4280 410 4348 8⁰,
425 4283 480 4336 vol.
497 4282 529 4351 I,
545 4300 595 4353 per
608 4284 721 4338 Petrum
737 4283 924 4337 Roverianum
938 4282 1009 4352 (sine
1023 4278 1102 4348 1000).

329 4370 452 4424 Roaactti
467 4372 528 4425 Cot.
544 4372 613 4426 340.
