2692 5024
162 671 220 733 ltrt
497 688 538 736 ne
560 687 661 736 nanus
682 685 903 735 raummnrnus

161 828 252 898 illius
273 827 355 897 boni
375 828 442 897 viri
462 838 624 911 mortem,
643 849 705 921 pro
723 826 822 919 cuius
845 826 973 899 ultione
992 830 1142 923 populus
1164 831 1248 901 Flo-

160 950 317 1020 rentinus
340 949 385 1020 ad
405 971 502 1019 arma
522 971 755 1040 consurgens,
778 951 886 1020 multa
910 950 978 1019 iam
999 950 1034 1019 in
1055 952 1122 1022 illis
1144 975 1247 1023 mon-

160 1071 255 1142 tibus
275 1082 390 1143 castra
409 1070 612 1141 combussit.
636 1073 756 1164 ltaque
775 1069 879 1140 devio
900 1072 1052 1162 quodam
1076 1084 1112 1143 et
1138 1074 1247 1144 silve-

161 1196 224 1267 stri
256 1196 343 1266 calle
375 1195 550 1286 profectus
584 1215 672 1263 sum.
698 1194 771 1275 Dic,
799 1214 879 1282 age,
906 1191 1058 1284 inquam,
1093 1195 1161 1264 viri
1197 1217 1246 1265 an

160 1319 317 1389 virorum
338 1325 484 1386 mortem
512 1316 714 1386 memoras?
739 1314 802 1384 Hic
825 1313 935 1398 enim,
961 1326 997 1385 et
1021 1316 1246 1387 sacerdotem

160 1441 256 1512 illum
269 1439 377 1531 digito
391 1439 544 1530 signavi,
560 1438 676 1529 plures
694 1444 811 1507 narrat
828 1436 972 1507 occisos.
986 1435 1125 1507 Minime
1142 1460 1243 1519 vero,

160 1562 287 1654 inquit:
309 1582 400 1631 unus
418 1562 572 1653 profecto
591 1561 686 1629 solus
703 1558 879 1630 occubuit:
898 1559 1020 1651 reliqui
1037 1573 1245 1631 evaserunt.

161 1685 300 1754 Etcum
317 1683 486 1753 intentum
505 1692 682 1774 meatque
702 1681 844 1752 anxium
863 1681 1014 1766 videret,
1034 1681 1177 1753 adiecit:
1199 1683 1246 1756 de

159 1807 196 1878 in
216 1807 282 1877 bac
307 1816 498 1902 repraeter
523 1825 630 1876 voces
654 1803 772 1897 populi
798 1801 880 1871 nibil
906 1800 1029 1874 babeo.
1056 1803 1127 1875 lllic
1149 1805 1247 1875 enim

159 1927 315 2000 omnium
340 1928 467 1999 civium
492 1936 681 2010 conventu,
716 1925 855 1996 nonnisi
879 1924 924 1997 de
949 1926 1053 1998 unius
1074 1950 1160 1999 nece
1183 1951 1249 2000 au-

160 2047 302 2120 diuntur
316 2047 568 2138 indignationes
582 2047 760 2117 hominum
774 2067 815 2117 ac
827 2049 990 2138 querelae.
1004 2047 1178 2121 Credibile
1190 2061 1249 2122 est

160 2181 290 2255 autern,
306 2169 413 2263 quod,
434 2170 463 2241 si
483 2172 601 2264 plures
619 2178 753 2249 essent,
768 2166 814 2237 de
830 2167 988 2258 pluribus
1006 2171 1247 2262 loquerentur.

159 2293 291 2363 Placuit
310 2292 521 2376 coniectura,
545 2290 608 2361 sed
628 2289 709 2381 quia
729 2287 813 2357 nihil
834 2289 919 2359 certi
938 2288 1120 2376 afferebat,
1148 2315 1248 2365 sere-

160 2438 245 2485 nare
263 2415 418 2486 animum
436 2416 652 2503 frontemque
666 2433 733 2482 non
753 2412 874 2502 potuit,
890 2421 926 2480 et
941 2414 1081 2503 qualem
1100 2415 1248 2486 iurene-

161 2549 215 2608 rat
234 2538 376 2608 dimisit.

259 2660 342 2724 Haec
368 2659 515 2745 singula,
539 2660 657 2741 irater,
682 2669 749 2728 tam
773 2661 975 2751 scrupulose
990 2680 1182 2751 exsequor,
1206 2673 1248 2730 ut

160 2776 412 2872 particulariter
426 2773 613 2867 intelligas,
629 2779 722 2868 quod
737 2780 769 2848 in
787 2802 923 2851 summa
939 2781 1026 2853 scire
1046 2795 1078 2853 te
1096 2803 1167 2852 non
1179 2783 1249 2855 du-

160 2899 245 2985 bito,
278 2900 431 2994 pessime
465 2898 548 2967 mibi
575 2922 670 2986 esse,
705 2904 956 2975 alternantibus
990 2905 1045 2974 his
1078 2928 1248 2977 curarum

161 3022 338 3106 fluctibus,
361 3033 396 3092 et
421 3023 578 3113 fragilem
602 3024 674 3117 spei
696 3025 856 3119 cymbam
875 3026 940 3097 bac
956 3026 1033 3099 illac
1049 3037 1139 3096 aestu
1159 3029 1252 3099 reci-

161 3154 324 3235 procante
342 3143 560 3214 iactantibus.
580 3143 722 3216 Accedit
738 3147 783 3217 ad
799 3167 1032 3218 aerumnarum
1055 3152 1249 3234 cumulum,

162 3266 256 3354 quod
277 3267 359 3335 dum
381 3288 566 3336 numerare
587 3265 663 3336 dics
685 3268 823 3360 incipio,
846 3270 941 3360 quod
961 3271 1098 3340 curiose
1115 3273 1253 3344 faciunt

163 3395 335 3469 amantes,
370 3387 478 3457 miror
503 3399 538 3459 et
565 3399 687 3482 stupeo
712 3391 797 3482 quid
822 3403 876 3462 est
907 3394 1002 3484 quod
1033 3394 1078 3463 ad
1111 3394 1252 3467 litteras

162 3529 260 3577 meas
283 3507 450 3592 Tarvisii,
474 3509 554 3579 inde
574 3511 720 3594 Patavii,
744 3534 827 3583 mox
847 3516 997 3585 Veronae
1017 3517 1128 3599 datas,
1151 3528 1253 3589 tanto

162 3632 262 3723 lapsu
285 3632 449 3723 temporis
468 3631 513 3700 nil
535 3631 675 3703 omnino
693 3635 932 3727 rescripseris,
952 3638 1145 3728 praesertim
1164 3661 1251 3710 cum

162 3751 335 3843 perfidos
358 3752 503 3823 nuncios
526 3755 645 3823 missae
665 3765 700 3824 et
720 3757 765 3825 de
787 3756 892 3829 rebus
919 3782 987 3830 non
1013 3760 1132 3853 parvis
1159 3765 1254 3833 scri-

162 3882 233 3963 ptae
258 3883 387 3943 essent.
422 3875 547 3945 Nescio
573 3875 656 3965 quid
682 3900 773 3947 nunc
799 3879 882 3948 mibi
907 3903 1010 3952 novae
1036 3882 1253 3974 suspicionis
1329 3931 1333 3937 ·

162 3994 326 4064 oboritur.
349 3995 462 4066 Audio
484 3997 590 4080 enim,
614 4008 747 4090 pestem
770 4000 863 4071 illam
882 4003 961 4071 anni
979 4003 1135 4086 alterius
1163 4027 1254 4097 quae

162 4113 379 4186 abscessisse
415 4118 600 4188 videbatur
633 4143 679 4189 ex
718 4123 872 4212 integro,
912 4147 1036 4194 rursus
1069 4126 1255 4202 invasisse

161 4235 317 4308 Rhodani
337 4239 447 4331 ripas,
468 4241 630 4332 aquibus
649 4244 777 4314 utinam
797 4245 952 4315 abesses.
973 4248 1042 4316 Sed
1059 4247 1146 4338 quid
1164 4270 1252 4341 ago,

162 4355 312 4428 infelix?
333 4361 385 4431 An
407 4385 476 4432 non
498 4365 582 4434 satis
604 4365 687 4434 mibi
709 4388 792 4436 vera
810 4378 845 4437 et
862 4368 1045 4459 praesentia
1063 4372 1156 4440 mala
1176 4378 1257 4444 sul-

163 4473 295 4561 licianl,
319 4482 385 4552 nisi
408 4496 443 4555 et
464 4486 543 4557 licto
560 4497 595 4557 et
614 4490 727 4560 tuturo
745 4489 888 4582 insuper
905 4489 1011 4562 miser
1029 4489 1143 4561 fiam?
1160 4494 1258 4567 Ver-
