2692 5024
336 695 430 745 ninus
450 694 623 746 sucuuous.
635 694 842 746 -nrrsronn
863 696 905 746 nr.
1104 683 1164 747 125

78 846 179 930 meis,
202 865 244 915 ac
263 863 369 936 prope
390 842 564 927 delusum,
588 841 694 913 immo
707 862 794 914 vero
806 841 987 927 delusum,
1007 843 1165 936 aliquan-

78 969 138 1042 diu
157 942 366 1062 expecta‘sse
386 987 444 1036 me
460 966 595 1050 Romae,
619 965 841 1038 simulantem
859 965 983 1055 ingens
1002 964 1164 1037 veniendi

78 1103 182 1186 teque
202 1087 384 1162 revidendi
404 1087 634 1170 desiderium
656 1087 798 1158 tandem
822 1087 929 1182 (quod
949 1096 1164 1181 spectatores

78 1214 193 1287 callidi
215 1213 252 1284 in
272 1213 519 1284 circulatorum
539 1209 729 1304 praestigiis
755 1209 879 1304 solent)
907 1210 1075 1305 aperienti
1102 1210 1165 1282 tibi

79 1341 211 1422 oculos,
231 1345 268 1407 et
288 1333 323 1405 in
344 1344 437 1406 artes
458 1355 556 1405 meas
570 1333 776 1425 profundius
797 1334 1001 1418 intendenti,
1024 1357 1162 1407 omnem

80 1458 211 1551 ingenii
228 1457 297 1530 mei
309 1479 450 1530 scenam
468 1456 646 1548 patuisse?
661 1457 756 1528 Deus
773 1457 880 1541 bone,
899 1458 984 1550 quid
1001 1459 1067 1530 hoc
1079 1463 1165 1532 est?

80 1579 329 1653 Calumniando
350 1589 386 1650 tu
406 1578 547 1672 quidem
567 1579 673 1650 facies
694 1589 732 1651 ut
752 1602 878 1672 magus
900 1581 976 1651 sim.
1004 1582 1076 1652 lam
1101 1583 1165 1655 Zo-

80 1713 217 1776 roaster
236 1701 351 1774 videri
370 1700 456 1771 mihi
476 1700 609 1793 incipio,
637 1712 793 1796 repertor
813 1704 947 1796 magiae,
977 1704 1054 1776 sive
1073 1726 1165 1777 unus

83 1847 239 1909 suorum;
260 1834 350 1896 esto:
372 1824 438 1894 sim
458 1823 653 1910 Dardanus
677 1827 733 1896 vel
753 1825 976 1918 Damigeron,
991 1829 1048 1898 vel
1060 1826 1166 1922 Apol·
1268 1908 1271 1912 ,

81 1952 129 2034 lo,
151 1948 209 2019 vel
228 1948 332 2032 alius,
355 1947 509 2040 siquem
528 1968 646 2020 arsea
662 1948 832 2020 notiorem
852 1949 939 2019 lecit.
961 1950 1090 2021 Parum
1120 1973 1165 2020 ne
1256 1992 1261 2001 ·

81 2070 251 2168 praestigii
275 2081 342 2155 est,
365 2069 657 2163 praestigiatorem
690 2071 800 2143 verbo
834 2073 971 2143 lacere?
1003 2071 1071 2143 Sed
1096 2074 1165 2144 iam

83 2193 167 2266 satis
180 2214 357 2287 superque
370 2192 484 2264 iocum
497 2193 681 2264 traximus.
692 2193 790 2262 Serio
802 2194 909 2264 velim
923 2193 1007 2264 mihi
1020 2216 1167 2288 respon-

82 2317 180 2389 deas.
198 2317 321 2388 Cesset
340 2315 504 2408 quamvis
522 2315 626 2387 ardor
639 2313 760 2386 faciem
778 2323 873 2386 tuam
891 2314 1047 2402 videndi,
1060 2338 1165 2410 quem

84 2438 356 2511 laboriosissime
382 2439 416 2508 in
441 2448 604 2532 quartum
632 2460 762 2509 annum
788 2437 857 2510 iam
881 2436 1054 2532 protraxi,
1081 2438 1166 2510 dum

83 2561 207 2653 cogito,
228 2583 309 2633 ecce
329 2561 384 2632 ille
403 2582 482 2632 cras
504 2560 628 2646 aderit,
652 2582 732 2632 ecce
752 2570 789 2633 tu
810 2560 978 2654 postridie
995 2558 1165 2631 movebis.
1195 2612 1198 2619 -

83 2683 233 2757 Excidat
248 2683 389 2777 quidem
407 2705 571 2755 curarum
584 2706 654 2756 non
672 2683 858 2758 mediocris
876 2685 1048 2768 cumulus,
1062 2704 1166 2775 quem

85 2828 165 2877 cum
185 2807 278 2879 nullo
297 2804 503 2890 mortalium,
526 2804 595 2878 nisi
616 2816 740 2893 tecum,
759 2827 861 2900 aequo
879 2806 994 2878 animo
1008 2807 1166 2901 partirer.
1191 2794 1196 2798 ’

85 2928 251 3013 Quiescat
292 2928 436 3001 affectus
472 2929 639 3002 cernendi
682 2928 992 3022 praeclarissimum
1032 2937 1167 3020 patrem

88 3066 208 3136 tuum,
247 3051 488 3143 magnanimos
525 3053 670 3136 iratres,
706 3049 972 3121 honestissimas
1004 3068 1167 3132 sorores,

85 3177 270 3269 exoptatos
289 3175 478 3247 amicorum
499 3176 633 3256 vultus3
658 3173 779 3266 quanti
805 3173 948 3245 demum
974 3170 1168 3244 aestimatu-

86 3321 163 3369 rum
184 3295 285 3383 reriS,
308 3297 436 3370 moenia
457 3294 561 3368 Urbis
581 3304 616 3368 et
636 3296 756 3382 colleS,
777 3304 828 3380 et,
851 3304 891 3366 ut
911 3293 960 3366 ait
978 3293 1167 3386 Virgilius,

87 3421 293 3492 -Tuscum
310 3415 460 3488 Tiberim
473 3427 510 3489 et
527 3419 685 3489 Romana
701 3416 1055 3510 palatia-cerneret
1067 3416 1170 3490 Credi

87 3563 156 3613 non
175 3547 298 3637 posset
317 3549 486 3632 quantum
511 3540 635 3612 urbem
668 3540 773 3626 illam,
801 3540 979 3612 desertam
1006 3539 1170 3634 quamvis

85 3673 122 3735 et
140 3662 270 3735 vetoris
291 3660 442 3753 effigiem
463 3664 599 3749 Romae,
617 3674 774 3756 spectare
790 3664 941 3756 cupiam,
961 3683 1067 3756 quam
1080 3680 1170 3730 nun-

87 3808 191 3878 quam
211 3786 300 3871 vidi3
319 3785 381 3857 ubi
401 3787 587 3880 segnitiem
607 3810 722 3859 meam
746 3786 789 3882 (si
811 3796 927 3858 tamen
949 3780 1117 3873 segnities
1136 3788 1172 3851 et

87 3929 158 3979 non
177 3909 370 3981 necessitas
390 3908 466 4004 fuit)
488 3910 621 3982 incuso.
644 3912 813 3982 Exultare
840 3906 925 3979 mibi
946 3904 1086 3977 videtur
1110 3903 1173 3972 Se-

87 4052 173 4104 neca
193 4032 240 4105 ad
259 4032 427 4104 Lucilium
450 4031 608 4104 scribens
627 4053 675 4103 ex
695 4032 772 4126 ipsa
792 4031 875 4100 villa
893 4024 1062 4120 Scipionis
1081 4020 1173 4094 Airi-

86 4154 177 4240 cani,
208 4175 274 4226 nec
294 4153 469 4226 modicum
491 4153 598 4238 ducit,
621 4153 757 4225 vidisse
782 4153 896 4222 locum
930 4145 991 4219 ubi
1025 4146 1082 4217 ille
1115 4143 1172 4216 vir

88 4284 206 4349 tantus
231 4277 451 4362 exulaverat,
479 4275 540 4347 ubi
565 4283 694 4365 negata
713 4271 837 4367 patriae
863 4292 945 4342 ossa
971 4268 1171 4362 reliquerat.

87 4398 189 4483 Quod
218 4400 250 4471 si
282 4397 428 4491 contigit
452 4398 600 4492 hispano
626 4395 769 4480 homini,
796 4393 882 4486 quid
908 4414 966 4464 me
996 4391 1172 4465 hominem

88 4519 240 4595 italicum
267 4521 398 4594 sentire
430 4523 558 4616 putas‘l
587 4518 666 4593 Non
684 4517 744 4591 ‘de
774 4515 858 4591 villu
875 4514 1023 4625 Literni,
1041 4525 1106 4590 unt
1127 4513 1173 4587 de
