2692 5024
126 662 165 723 aa
214 654 224 665 “
461 672 503 725 na
523 672 868 727 mosrranmnmos
985 626 990 634 ’

125 825 267 919 quidem
290 821 447 917 pulchrae
471 821 521 893 rei
544 821 662 895 dilatio
688 820 810 915 turpis]
835 832 872 893 et
889 822 1004 893 omnis
1020 821 1065 893 de
1094 823 1202 896 hone·

126 961 183 1023 sto
205 946 405 1025 deliberatio
424 946 559 1039 longior
583 946 767 1019 inhonesta
788 955 855 1019 cst.
875 943 1052 1039 Rapienda
1070 955 1126 1018 est
1143 968 1203 1019 oc·

126 1072 235 1157 casio,
254 1069 505 1163 confestimm
528 1066 723 1142 iaciendum
741 1068 838 1162 quod
860 1076 941 1147 ante
965 1077 1102 1161 tempos
1128 1066 1203 1141 iieri

127 1215 198 1267 non
216 1202 340 1287 potest
360 1189 462 1277 Quod
485 1191 532 1264 ad
559 1212 616 1263 me
639 1189 776 1276 attinet,
795 1206 936 1263 currere
958 1199 994 1261 et
1018 1208 1203 1284 properare

128 1315 341 1411 propositam
364 1326 420 1387 est
444 1324 484 1387 ut
508 1312 621 1409 (qaod
639 1312 685 1387 de
708 1313 795 1385 lolio
826 1312 967 1385 Caesare
996 1309 1032 1383 in
1058 1311 1205 1407 epistola

128 1438 279 1534 quadam
299 1436 347 1510 ait
367 1434 503 1532 Cicero)
530 1436 647 1509 omnia
670 1458 749 1509 mea
768 1435 884 1509 studia
907 1435 944 1508 in
963 1435 1071 1507 istum
1088 1436 1206 1509 oonte-

130 1584 217 1639 ram,
236 1562 313 1652 Ego
333 1581 418 1634 vero
437 1558 572 1632 ardenti
595 1558 738 1653 quidem
763 1558 881 1633 stadio
905 1557 943 1631 id
967 1559 1115 1631 sortasse
1132 1558 1206 1631 effi·

130 1683 235 1768 ciam,
256 1680 354 1776 qaod
377 1702 473 1776 steps
491 1680 685 1755 viatoribus
708 1704 790 1753 cam
814 1681 1147 1776 propendemus,
1167 1693 1207 1754 at

130 1807 162 1879 si
182 1806 296 1881 scrius
314 1826 421 1899 quam
439 1803 613 1877 voluerint
630 1804 718 1877 forte
736 1802 960 1889 corroserint,
978 1802 1204 1897 properando

129 1927 348 2003 etiamcitius
360 1949 466 2023 quam
479 1925 568 2001 side
578 1938 678 2001 nocte
690 1925 904 2019 vigilassent,
919 1925 1123 2020 perveniant
1137 1948 1208 2021 qao

132 2052 250 2124 velint.
275 2051 332 2123 Sic
354 2072 435 2143 ego,
464 2049 629 2145 quoniam
653 2049 690 2122 in
713 2049 782 2123 isto
805 2049 946 2121 homine
968 2049 1113 2122 colendo
1137 2060 1208 2124 tam

131 2172 319 2248 indormivi
341 2173 416 2260 dia,
440 2196 549 2247 cursu
575 2173 747 2266 corrigam
771 2171 977 2245 tarditatem.
998 2171 1073 2244 Tibi
1092 2183 1208 2245 antem

133 2307 193 2371 tuo
207 2300 282 2371 soro
298 2298 349 2370 uti
364 2318 509 2371 maesse
522 2308 593 2381 ost,
610 2296 751 2391 quando
767 2296 813 2369 ad
828 2317 909 2367 cum
926 2317 1044 2388 rsgem
1056 2296 1210 2389 aspirare

132 2444 203 2494 non
223 2432 293 2494 tam
312 2422 402 2507 freti,
419 2443 525 2515 quam
545 2419 626 2491 belii
644 2416 741 2491 obioc
760 2415 964 2509 prohiberis.
985 2417 1099 2489 Patria
1117 2416 1209 2488 onim

137 2555 209 2629 tua,
239 2544 340 2617 euius
366 2565 468 2615 nemo
493 2553 526 2615 te
549 2540 719 2623 amantior
742 2539 830 2612 civis
857 2550 933 2624 est,
960 2539 1088 2611 inimici
1117 2539 1210 2631 regis

135 2665 278 2760 imperio
308 2665 483 2737 subiacet:
517 2664 667 2738 dicerem
699 2663 856 2761 tyranni,
890 2662 958 2734 nisi
992 2663 1076 2756 quia
1108 2665 1211 2737 timeo

135 2812 239 2861 aures
260 2799 338 2861 tuas
358 2787 541 2861 offendere.
561 2786 618 2861 Ad
637 2789 716 2860 haec
732 2798 769 2860 et
787 2810 914 2880 magna
934 2809 990 2859 res
1010 2797 1078 2872 cst,
1099 2810 1212 2882 oeque

135 2911 264 2985 nostris
283 2910 425 2983 calamis
445 2909 687 2995 decernenda,
709 2910 772 2983 sod
790 2910 927 2984 illorum
947 2909 1081 3001 gladiis.
1103 2911 1212 3002 igitur

136 3036 182 3109 ad
201 3035 373 3129 inceptum
399 3035 513 3109 redeo.
534 3033 572 3106 Si
594 3026 673 3107 haec
696 3033 759 3107 tibi
776 3036 937 3129 exempla
955 3034 1001 3106 de
1019 3033 1214 3107 illustrissi-

138 3159 204 3229 mis
224 3161 331 3231 clecta
355 3181 426 3230 non
451 3158 635 3243 sufficiunt,
658 3158 726 3230 alia
744 3180 792 3230 ex
816 3158 883 3230 alio
907 3179 1014 3249 grege
1033 3157 1213 3229 hominurn

138 3279 311 3365 adiiciam,
336 3291 374 3353 et
401 3292 504 3353 aetate
528 3281 718 3354 recentiora
741 3292 777 3353 ct
805 3280 984 3353 sanctitate
1008 3277 1211 3351 clarissima.

137 3401 294 3485 Quantos
330 3404 412 3473 olim
448 3407 594 3476 aernulos
630 3403 850 3497 Augustinus
891 3415 1028 3487 noster,
1065 3412 1213 3496 quantos

138 3523 385 3620 Hieronymus
404 3535 551 3616 quantos
572 3525 694 3598 habuit
708 3525 912 3616 Gregorius,
935 3525 1044 3597 donec
1063 3533 1215 3617 spectata

138 3647 251 3719 virtus
272 3655 307 3718 et
326 3645 517 3718 litterarum
536 3647 656 3722 divina
680 3660 715 3721 et
730 3646 943 3719 admirabilis
964 3646 1104 3718 ubertas
1126 3645 1216 3717 invi·

85 3786 89 3793 “
138 3771 229 3845 diam
256 3771 431 3843 vinceret?
454 3771 524 3842 Vix
548 3773 673 3844 horum
698 3770 883 3866 quisquam
909 3769 1081 3861 integram
1113 3771 1216 3840 famae

138 3896 365 3988 praeconium,
393 3895 460 3966 nisi
485 3895 531 3968 ab
562 3896 638 3989 ipso
670 3894 726 3967 die
758 3893 894 3979 mortis,
929 3891 1067 3984 aceepit.
1103 3892 1216 3962 Unum

139 4022 267 4091 aemulo
286 4042 327 4092 ac
347 4019 595 4111 reprehensore
612 4028 798 4103 carentem,
818 4040 926 4088 unum
946 4018 1047 4110 piena
1065 4027 1101 4088 et
1119 4015 1218 4087 inde-

140 4153 256 4234 cerpta
280 4143 382 4216 laude
401 4143 600 4216 decoratum
621 4140 859 4225 Ambrosium,
881 4139 982 4212 cuius
1003 4162 1047 4211 ne
1066 4134 1216 4210 inventis

140 4262 278 4353 quidem
303 4269 428 4339 famam
455 4266 602 4339 mordax
627 4264 717 4338 livor
741 4264 891 4359 attigerit
919 4263 1012 4357 apud
1044 4261 1216 4354 quosdam

141 4381 301 4468 inveni03
337 4389 432 4479 quod
468 4393 555 4462 sorte
591 4389 635 4460 ad
672 4412 795 4482 puram
830 4388 907 4460 eius
947 4407 988 4457 ac
1026 4382 1216 4477 simpiioem

142 4501 332 4577 doctrinam
363 4509 477 4580 omnis
508 4508 662 4599 ambigui
693 4520 872 4601 expertem
905 4504 1123 4580 referendum
1151 4518 1217 4577 est.
