2692 5024
151 661 211 724 ret
488 672 529 720 nu
551 672 652 721 nanus
674 669 895 720 ruminemus

150 819 270 898 frater,
294 822 333 885 ut
351 813 450 883 facile
471 810 638 905 perpendi
658 821 785 903 potest,
806 809 931 904 scripsi
947 808 1038 879 inter
1053 810 1238 882 molestias

151 949 186 1013 et
206 939 375 1008 tumultus
397 934 502 1005 animi
524 934 657 1019 varino,
679 943 813 1004 etcum
832 933 941 1001 multa
958 930 1173 1015 festinantia,
1195 933 1238 1002 li-

151 1076 207 1138 cet
224 1064 373 1136 nuncius
393 1061 518 1154 aliquis
540 1083 608 1132 non
628 1061 786 1142 adesset3
812 1061 875 1132 sed
901 1058 1013 1131 aderit
1037 1062 1124 1132 forte
1150 1063 1237 1132 dum

152 1209 222 1258 non
244 1184 449 1278 sperabitur,
472 1185 529 1254 vel
547 1204 602 1253 me
618 1181 771 1265 absente,
791 1181 851 1274 qui
870 1182 1030 1273 perferat.
1048 1183 1123 1273 Ego
1140 1183 1239 1252 eninr

152 1308 307 1402 quotidie
327 1330 389 1401 per
408 1328 490 1378 rura
511 1314 629 1376 nostra
649 1303 817 1386 discurro,
840 1324 909 1373 nnn
931 1312 1000 1374 tarn
1017 1303 1068 1374 rei
1084 1303 1240 1373 familia-

153 1431 202 1501 ris
222 1452 321 1512 cura,
344 1448 424 1521 quae
444 1426 528 1495 mihi
548 1427 641 1496 nulla
661 1433 730 1507 est,
752 1445 858 1518 quam
880 1445 998 1495 amore
1020 1424 1237 1509 solitudiniS,

153 1560 204 1634 ut,
234 1552 263 1621 si
289 1546 547 1642 quodammodo
572 1544 646 1615 fieri
672 1544 797 1638 possit,
823 1566 881 1616 me
906 1545 1018 1638 ipsum
1045 1544 1241 1617 obliviscar

153 1681 191 1743 et
208 1673 395 1762 languores
416 1664 525 1738 meos.
548 1668 643 1738 Vale.
927 1682 930 1687 ·

296 1812 321 1866 Χ
335 1810 398 1866 Kal.
414 1811 487 1867 Iulii.

653 1967 734 1980 ¹—

561 2188 740 2254 ltPlSTOLA
768 2189 836 2253 Vlll.

230 2375 423 2426 rnnucrscus
445 2377 612 2426 Parauaea
635 2378 808 2427 uounmno
829 2378 871 2427 nn
892 2378 1004 2427 ssurco
1025 2379 1051 2427 s.
1074 2380 1101 2428 n.
1125 2381 1155 2429 n.

304 2543 396 2597 Vitam
411 2542 563 2596 humanam
578 2558 629 2612 per
644 2542 810 2612 multiplices
824 2543 928 2613 figuras
942 2541 1082 2597 describit.

252 2759 343 2845 Quid
368 2759 453 2828 mibi
469 2758 513 2829 de
534 2760 598 2829 bac
624 2760 711 2845 vita,
733 2785 837 2854 quam
860 2763 1034 2854 degimus,
1059 2765 1232 2850 videatur,

153 2888 357 2977 interrogas.
379 2883 500 2974 Neque
526 2883 708 2954 immerito.
734 2886 854 2955 Multae
879 2885 970 2955 enim
995 2897 1031 2957 et
1055 2888 1165 2958 variae
1193 2891 1239 2961 de

154 3011 220 3081 hoo
241 3011 315 3104 ipsa
335 3007 517 3100 opiniones
538 3007 715 3078 bominum
739 3016 838 3077 suut:
860 3029 972 3077 meam
991 3007 1160 3081 brevibus
1179 3033 1240 3083 ac-

153 3130 240 3226 cipe.
261 3129 408 3199 Videtur
429 3128 512 3197 mibi
534 3129 604 3199 vita
632 3128 707 3197 lraec
731 3128 819 3199 dura
843 3126 1005 3218 quaedam
1031 3152 1113 3200 area
1139 3132 1239 3204 labo-

155 3274 242 3333 rum,
263 3252 426 3342 palaestra
440 3249 694 3331 discriminum,
715 3270 818 3318 scena
838 3248 1061 3334 fallaciarum,
1081 3252 1238 3347 labyrin-

155 3369 236 3438 thus
256 3390 424 3455 errorum,
447 3371 689 3442 circulatorum
712 3370 829 3453 ludus,
849 3370 1027 3442 desertum
1045 3373 1235 3462 horribile,

153 3490 274 3561 limosa
301 3493 414 3585 palus,
445 3493 653 3563 senticulosa
681 3493 791 3583 regio,
817 3493 920 3564 vallis
952 3494 1103 3588 bispida,
1132 3518 1237 3569 mons

152 3622 366 3705 praeruptuS,
404 3614 594 3705 caligantes
629 3615 824 3707 speluncae,
859 3614 1028 3688 habitatin
1060 3619 1235 3703 ferarum,

154 3742 245 3805 terra
276 3733 412 3820 infelix,
438 3756 582 3828 campus
608 3733 799 3826 lapidosus,
835 3739 1055 3830 vepricosum
1085 3761 1235 3824 nemuS,

152 3863 289 3944 pratum
310 3854 493 3939 herbidum
511 3858 720 3950 plenumque
741 3858 977 3950 serpentibus,
1000 3860 1128 3930 florens
1150 3860 1237 3932 hor-

153 3986 209 4048 tus
239 4000 280 4048 ac
309 3979 450 4060 sterilis,
488 3981 565 4048 fons
601 4001 777 4063 curarum,
822 3980 951 4050 fluvius
987 3981 1233 4069 lacrimarum,

152 4120 248 4169 mare
268 4099 499 4184 miseriarum,
526 4103 626 4193 quies
654 4103 772 4185 auxia,
801 4101 899 4172 labor
924 4103 1097 4185 inellicax,
1126 4126 1236 4177 cona-

153 4228 209 4291 tus
231 4221 370 4305 irritus,
398 4230 496 4312 grata
517 4223 715 4313 phrenesis,
744 4222 881 4315 pondus
903 4224 1104 4307 infaustum,
1130 4225 1235 4298 dulce

152 4339 258 4425 virus
280 4344 435 4433 degener
460 4355 584 4428 metus
605 4346 797 4416 inconsulta
817 4343 998 4427 securitas,
1017 4366 1110 4414 vana
1133 4368 1232 4439 speS,

152 4457 231 4531 ficta
247 4462 376 4547 fabula,
396 4467 481 4536 falsa
499 4466 630 4549 laetitia,
651 4488 757 4538 verus
774 4467 884 4545 dolor,
904 4467 997 4539 risus
1015 4467 1233 4555 inconditus,
