2692 5024
413 688 504 736 nmen
527 688 871 739 saurus-emmona
894 691 935 739 ur.
1152 680 1211 743 323

132 837 324 912 illustribus
336 838 506 931 exemplis
519 837 689 919 adiiciam,
704 860 881 930 nunquam
896 838 939 923 id,
956 841 984 910 si
999 841 1092 933 apud
1105 843 1210 913 alium

132 965 303 1056 loquerer,
318 982 481 1032 ausurus.
496 961 574 1032 Fuit
587 960 671 1031 mibi
687 952 840 1052 proavus
853 971 1033 1055 paternus,
1057 963 1112 1036 vir
1131 987 1212 1037 san-

129 1085 321 1167 ctissimus,
343 1093 379 1154 et
398 1081 552 1174 ingenio,
575 1082 742 1176 quantum
767 1085 842 1155 sine
864 1087 998 1157 cultura
1018 1087 1210 1161 litterarum

131 1208 205 1280 fieri
221 1207 346 1303 potuit,
368 1206 573 1289 clarissimo,
594 1205 812 1298 usqueadeo
830 1217 869 1278 ut
886 1230 966 1279 eum
987 1230 1056 1280 nou
1077 1221 1209 1282 tantum

130 1333 174 1403 de
195 1354 233 1403 re
252 1330 425 1414 familiari,
452 1329 497 1400 de
522 1329 683 1420 negocio,
701 1329 745 1402 de
771 1341 964 1416 contractu,
984 1331 1029 1403 de
1051 1342 1208 1406 natorum

129 1454 258 1548 nuptiis
272 1453 385 1536 vicini,
399 1460 460 1524 aut
471 1451 515 1522 de
529 1452 703 1546 republica
717 1454 953 1545 magistratus
973 1455 1066 1549 quod
1078 1455 1123 1527 de
1139 1454 1210 1550 Ap

128 1577 185 1673 pio
198 1577 298 1648 Caeco
319 1575 480 1647 traditum
499 1575 699 1670 accipimus
724 1577 787 1648 sed
807 1577 973 1649 derebus
994 1577 1100 1648 etiam
1115 1578 1210 1648 altis-

130 1701 226 1771 simis
243 1708 279 1770 et
295 1698 339 1769 ad
354 1697 605 1793 philosophiam
624 1699 871 1791 spectantibus,
892 1701 1032 1772 litterati
1051 1701 1210 1773 homines

128 1831 320 1917 praesentes
338 1821 571 1915 absentesque
592 1826 826 1907 consulerent,
845 1845 1037 1917 omnesque
1059 1825 1095 1894 in
1114 1825 1207 1897 illius

130 1946 307 2041 responsis
327 1955 363 2017 et
394 1944 592 2036 aequitatem
618 1945 734 2017 iudicii
765 1955 801 2016 et
825 1968 973 2018 acumen
999 1947 1129 2038 ingenii
1146 1947 1210 2016 mi-

130 2079 300 2142 rarentur.
330 2070 415 2140 Viro
445 2090 570 2140 nomen
595 2071 659 2141 fuit
683 2070 841 2153 Garcius3
875 2070 931 2141 bis
953 2070 1066 2142 modis
1095 2093 1209 2164 eaque
1281 2077 1285 2090 '

131 2194 256 2285 pietate
276 2193 432 2287 praedit0,
448 2200 486 2263 ut
499 2193 543 2263 ad
560 2192 830 2263 consecrandam
845 2191 911 2262 viri
932 2192 1135 2263 memoriam
1157 2194 1210 2264 ni-

130 2316 177 2385 hil
198 2316 230 2387 ei
251 2325 376 2409 praeter
401 2313 607 2408 promotoris
634 2314 801 2385 auxilium
828 2314 985 2386 defuerit.
1012 2314 1127 2415 Nuper
1153 2336 1209 2386 me

131 2439 195 2510 iam
215 2437 485 2510 adolescentiam
498 2457 656 2527 egresso,
671 2437 768 2507 multi
788 2447 995 2532 supererant
1013 2438 1058 2509 de
1075 2436 1132 2508 illo
1146 2437 1209 2506 mi—

131 2562 249 2634 rabilia
266 2571 461 2644 narranteS,
484 2582 564 2654 quae
585 2570 707 2655 sponte
724 2571 909 2654 praetereo,
925 2561 991 2631 hoc
1004 2560 1118 2652 ipsum
1140 2583 1208 2633 non

130 2684 296 2768 dicturus
318 2683 385 2755 nisi
403 2707 447 2755 ne
467 2684 641 2756 fastidires
662 2686 873 2777 exemplum.
892 2687 925 2756 ls
943 2708 1037 2777 ergo,
1060 2694 1141 2780 post
1156 2685 1209 2755 in-

132 2827 239 2878 nocue
258 2828 298 2878 ac
317 2807 462 2878 feliciter
482 2818 595 2879 actam
615 2807 739 2892 vitam,
767 2818 806 2879 ut
822 2808 1007 2880 audiebam
1025 2790 1129 2881 senes
1147 2831 1209 2880 no

133 2939 222 2999 stros
235 2928 490 3021 dicere,quarto
504 2953 544 3000 ac
556 2931 745 3002 centesimo
758 2931 872 3003 aetatis
886 2952 984 3014 anno,
1000 2931 1077 3024 ipso
1093 2932 1206 3012 etiam,

133 3061 170 3121 ut
188 3053 291 3135 Plato,
314 3052 438 3123 natalis
460 3053 512 3123 sui
535 3053 605 3137 die,
629 3054 693 3125 sed
720 3055 822 3123 trium
844 3064 878 3123 et
896 3053 1020 3144 viginti
1038 3074 1208 3123 annorum

131 3176 242 3268 spatio
259 3175 416 3247 vivacior
436 3199 540 3268 quam
557 3177 668 3261 Plat0,
690 3186 725 3248 et
745 3186 913 3269 praeterea
931 3175 1054 3246 codem
1080 3175 1113 3245 in
1132 3175 1208 3246 tha-

130 3302 219 3371 lamo
240 3299 275 3370 in
301 3321 370 3391 quo
400 3311 501 3370 natus
522 3300 642 3382 fuerat,
665 3301 766 3390 longe
796 3307 876 3368 ante
906 3297 1070 3391 praedicta
1090 3298 1207 3370 multis

131 3423 296 3495 transitus
312 3423 366 3493 sui
380 3423 480 3507 bora,
496 3423 529 3493 in
544 3422 677 3514 gremio
694 3420 842 3493 filiorum
863 3442 905 3491 ac
922 3431 1100 3514 nepotum,
1114 3422 1207 3493 nulla

130 3545 282 3638 corporis
302 3526 363 3618 aut
379 3546 484 3617 animi
503 3545 673 3627 molestia,
696 3544 742 3615 nil
764 3544 830 3616 nisi
857 3544 901 3618 de
927 3545 1001 3615 Deo
1017 3554 1054 3615 et
1074 3544 1208 3615 virtuti-

131 3667 197 3741 bus
215 3671 372 3763 loquens,
392 3668 707 3762 interloquendum
729 3666 985 3761 quodammodo
1006 3664 1207 3758 consopitus

130 3805 193 3865 est.
214 3794 315 3879 Quod
335 3816 382 3864 ex
401 3793 477 3865 eius
505 3814 566 3864 ore
589 3793 702 3866 sonuit
726 3808 933 3876 extremum,
953 3788 1037 3860 illud
1066 3787 1207 3861 Dauidi-

129 3940 208 3988 cum
225 3918 333 3989 fuisse
353 3918 482 3988 ferunt:
499 3916 538 3986 lo
548 3938 631 4010 pace
644 3919 680 3987 in
700 3915 841 4011 adipsum
855 3913 1016 3984 dormiam
1034 3922 1065 3981 et
1077 3913 1206 4001 requie-

127 4061 225 4109 scum.
242 4038 377 4124 Quibus
396 4038 458 4108 vix
471 4037 589 4110 vorbis
602 4038 787 4130 explicitis,
799 4037 984 4130 quiescens
997 4030 1207 4104 obdormivit

128 4161 164 4231 in
180 4184 275 4257 pace.
289 4162 424 4234 Gratias
438 4160 512 4245 tibi,
529 4170 626 4255 pater
639 4160 891 4242 amantissime,
908 4155 1002 4250 quod
1017 4177 1073 4226 me
1090 4154 1207 4225 bacte-

128 4308 194 4358 nus
212 4307 340 4380 passus
360 4306 399 4354 cs
419 4283 541 4378 proavi
567 4283 635 4352 mei
661 4280 862 4353 memoriam
888 4289 1057 4371 repetere,
1085 4287 1120 4350 et
1146 4299 1206 4350 no-

128 4434 208 4482 men
234 4410 311 4482 eius
332 4407 387 4477 bis
412 4406 457 4477 ad
482 4414 516 4476 te
540 4402 698 4475 litterulis
723 4405 894 4484 occulerc3
915 4401 1010 4496 quod
1026 4400 1145 4473 nescio
1161 4422 1205 4473 an

128 4557 277 4630 usquam
294 4528 436 4623 dignius
448 4549 554 4624 quam
566 4525 657 4599 inter
669 4525 830 4620 egregios
844 4547 948 4601 senes
964 4524 1204 4600 collocandum
