2692 5024
198 740 256 802 332
533 753 575 801 uu
595 752 696 801 usuus
717 748 939 800 ruuuruuruus

198 900 360 973 Socrates
372 898 616 995 philosophus:
633 904 763 993 patera,
781 918 839 968 me
853 894 890 967 iu
909 868 1040 989 pedum
1057 904 1207 967 tuorum
1223 894 1290 971 do-

197 1022 330 1096 loribus
349 1022 444 1095 idem
462 1022 592 1104 facem
612 1040 826 1114 quamquam
850 1039 921 1091 uou
939 1038 1076 1105 merus,
1099 1016 1172 1091 sed
1191 1019 1288 1092 ucri-

197 1153 268 1217 tate
285 1142 456 1228 cauditus,
478 1142 576 1215 iocus
592 1150 649 1215 est
663 1162 774 1214 meus.
793 1138 886 1224 Quid
896 1139 989 1212 euim
1001 1142 1133 1232 putas?
1149 1140 1288 1215 Recen-

196 1289 248 1354 se,
269 1276 381 1361 pater,
398 1264 445 1339 ab
460 1263 694 1340 adolescentia
708 1285 837 1338 cursus
852 1272 945 1347 tuos,
962 1274 998 1336 et
1012 1263 1176 1337 animum
1189 1276 1288 1339 staro

194 1390 363 1465 mucium.
375 1387 527 1475 Videbis,
548 1397 587 1461 ut
605 1389 743 1461 frenum
758 1408 851 1482 equo
868 1385 1048 1471 indomito,
1068 1385 1121 1461 sio
1137 1387 1207 1461 tibi
1223 1412 1286 1463 ue·

194 1514 386 1588 cessariam
405 1511 605 1607 podagram.
627 1511 732 1585 Esset
750 1510 947 1584 ueoeswia
971 1511 1093 1583 forsan
1115 1521 1156 1584 at
1181 1512 1283 1601 mihi,

195 1646 236 1709 ut
247 1635 315 1707 iam
327 1632 469 1706 andem
487 1642 582 1707 stara
597 1636 673 1707 loco
689 1634 873 1720 discerem,
891 1655 933 1707 ac
948 1654 1086 1707 mecum
1105 1632 1283 1711 babitare.

195 1757 271 1831 Tibi
290 1767 420 1842 tamem
440 1758 561 1854 procul
578 1755 697 1845 dubio,
724 1767 804 1831 aute
826 1777 950 1831 omues
969 1776 1060 1851 quos
1078 1776 1152 1849 ego
1172 1780 1284 1833 uovo-

195 1882 270 1969 rim,
287 1880 796 1955 necessariaest.1ssosextra
813 1890 943 1953 nostrae
959 1878 1163 1955 habitabilis
1181 1904 1283 1957 zoua

196 2004 378 2087 termiu0s;
399 2004 590 2077 transisses
609 2004 800 2087 Oceanum
817 2002 955 2076 adisses
979 2002 1183 2098 antipodas;
1205 2008 1283 2079 uul-

194 2131 267 2202 lum
288 2128 347 2201 tibi
365 2126 584 2202 discurrendi
604 2125 724 2211 tinem
745 2147 815 2221 qua
834 2128 941 2219 polles
953 2124 989 2196 iu
1005 2125 1173 2220 reliquis,
1192 2128 1281 2203 ratio

193 2252 344 2324 iecisset.
365 2251 458 2336 Quid
478 2252 608 2322 multat
625 2250 701 2323 Nou
725 2248 794 2323 alio
817 2270 922 2344 quam
948 2248 1115 2343 podagrae
1145 2251 1280 2327 auxilio

160 2354 162 2359 ⁵
196 2374 273 2446 sisti
292 2373 429 2466 quibas.
450 2373 511 2444 lua
536 2373 594 2445 tibi
621 2375 757 2444 frenum
777 2372 928 2465 stringit,
961 2371 1129 2466 iubetque
1164 2375 1279 2449 oonsi-

196 2509 299 2569 stere.
321 2495 412 2580 Quid
430 2496 506 2567 ais?
525 2494 679 2579 Parebis,
701 2497 804 2579 veiis,
831 2495 930 2569 nolis.
951 2495 1029 2567 Noli
1049 2508 1169 2569 autem
1192 2498 1281 2574 inin-⁴

196 2621 283 2691 riam
303 2617 472 2689 arbitrari.
493 2615 582 2687 Nihil
603 2615 752 2710 cuipiam
771 2617 1011 2711 tempestivius
1029 2617 1174 2704 accidit,
1194 2621 1275 2693 nibil

195 2761 349 2834 uuquam
362 2739 602 2835 opportunius.
616 2739 820 2811 Fluitautem
833 2741 985 2812 carinam
999 2742 1171 2834 magister
1191 2767 1278 2841 pup-

194 2863 249 2960 pis
269 2865 351 2936 fune
376 2864 432 2935 vel
458 2861 596 2935 ancoris
616 2860 720 2952 regit;
745 2872 782 2933 ct
806 2860 867 2932 tihi
892 2882 999 2956 prope
1025 2873 1155 2936 terram
1184 2867 1276 2941 uude

193 2986 343 3082 primum
360 2986 396 3057 iu
421 2987 530 3057 altum
554 3006 595 3058 es
616 2994 761 3057 evectus
782 3004 909 3055 ancora
926 2983 1013 3056 iacta
1029 2994 1095 3056 est.
1115 2987 1278 3063 Permisit

194 3108 256 3181 tibi
275 3121 334 3182 tua
354 3131 432 3182 sors
452 3132 581 3203 vagam
599 3131 640 3183 ac
658 3107 867 3181 laboriosam
884 3106 1119 3180 iuventutem:
1137 3132 1208 3185 uec
1224 3135 1276 3187 se

194 3230 322 3302 uectuti
350 3231 497 3303 daturus
530 3231 634 3304 ferias
672 3231 859 3303 videbaris.
896 3230 1066 3323 Podagrae
1103 3232 1276 3309 beneficio

193 3353 366 3445 quiesces.
386 3354 523 3445 Vagum
542 3365 577 3424 et
596 3353 755 3425 instabile
787 3354 978 3426 iumentum
1003 3366 1127 3428 cautus
1155 3370 1275 3451 pastor

194 3476 319 3571 alligat,
354 3475 426 3561 ubi,
458 3477 622 3549 discursu
654 3478 776 3561 vetito,
808 3477 1011 3571 quiescendi
1034 3481 1275 3576 pascendique

194 3600 240 3670 sit
262 3599 417 3671 facultas.
451 3598 612 3692 Agnosce
643 3600 793 3698 pastoris
820 3600 868 3673 tui
900 3600 1167 3696 providentiam.
1200 3606 1275 3677 Nou

194 3734 227 3796 te
252 3723 289 3795 iu
320 3723 473 3806 Perside,
503 3745 572 3794 uon
592 3725 627 3794 in
656 3723 785 3797 Arabia
811 3728 869 3796 vel
888 3725 1054 3821 AEgypto,
1081 3724 1143 3797 ubi
1177 3730 1276 3803 velut

192 3847 227 3918 iu
260 3845 461 3919 suburbano
494 3847 678 3938 vagaberis
713 3858 787 3931 tuo,
815 3848 880 3921 sed
904 3848 939 3919 iu
963 3847 1110 3943 patriam
1135 3850 1275 3946 integro

192 3969 427 4042 membrorum
466 3969 634 4064 obsequio
670 3984 865 4055 reversum,
905 3981 984 4066 post
1019 3972 1276 4066 peregrinatio-

191 4114 255 4163 ues
275 4090 487 4176 innumeras,
508 4101 545 4163 ct
562 4090 605 4177 (si
625 4101 659 4162 te
678 4089 773 4186 novi)
793 4114 971 4185 uunquam
990 4102 1049 4163 tuo
1064 4091 1199 4169 iudicio
1214 4096 1275 4171 de

191 4212 331 4298 situras,
355 4213 541 4286 uberrimis
561 4224 597 4286 et
616 4213 864 4287 amoeuissimis
886 4214 1041 4307 alligavit
1061 4214 1096 4285 iu
1116 4220 1273 4308 pascuis.

190 4333 246 4408 Ad
264 4339 441 4410 cumulum
461 4338 552 4409 euim
578 4337 700 4430 gratiae
723 4338 877 4411 coelestis
908 4338 1042 4409 accedit
1070 4339 1172 4432 quod
1205 4364 1275 4415 nou

190 4465 226 4527 te
244 4457 364 4530 Romae
382 4461 520 4544 clausit,
543 4460 603 4533 ubi
621 4473 657 4535 et
676 4461 825 4559 propriis
844 4473 880 4535 ot
903 4459 1045 4535 familie
1070 4472 1143 4537 tuae
1163 4466 1275 4541 titulis

190 4598 230 4649 es
246 4579 382 4664 clarior,
403 4602 507 4673 quam
524 4581 633 4673 quieti
652 4592 724 4657 tuae
738 4580 892 4676 expedit.
910 4582 979 4657 Sed
996 4604 1062 4657 nec
1078 4591 1221 4679 procul,
1239 4599 1276 4665 ct
