2692 5024
180 614 239 678 ttt
517 627 559 676 nn
575 626 676 677 nanus
697 624 921 676 rnunrnmnus

179 771 265 866 quid
283 778 353 843 um
373 770 475 863 longa
496 768 563 841 sihi
583 769 666 843 velit
685 770 818 842 oratio‘l
834 769 969 842 Scilicet
987 791 1097 841 unum
1118 790 1203 863 ago,
1222 782 1261 844 ut

179 893 327 966 amicum
348 903 446 965 tuum
467 893 668 966 subscribas
688 895 928 990 exemplorum
949 893 1075 979 turba,
1097 917 1200 969 raras
1224 908 1261 969 et

177 1018 265 1090 sorte
284 1040 411 1104 vanas,
433 1018 498 1090 sed
523 1016 641 1089 firmas
668 1040 749 1114 spes
775 1016 972 1089 habentem.
999 1019 1043 1090 Et
1067 1017 1146 1090 haec
1172 1020 1257 1091 mihi

178 1140 319 1233 quidem
336 1140 508 1213 curiosius
525 1141 732 1234 explicanda
742 1149 854 1224 erant,
872 1150 912 1212 ut
923 1141 1085 1213 affectum
1100 1140 1258 1213 scriben-

179 1262 223 1333 tis
243 1283 463 1356 agnosceres.
485 1263 618 1334 Caetera
638 1264 672 1333 in
693 1263 828 1335 silentio
848 1263 1021 1356 intelligis.
1041 1264 1140 1336 Vale.

679 1521 757 1531 .-....

587 1762 762 1826 urtsletl
784 1763 841 1825 xl.

350 1974 543 2025 ruauclscus
563 1974 731 2024 Parauaea
752 1974 855 2024 LAELlO
876 1974 935 2024 SUO
955 1977 981 2026 S.
1000 1977 1028 2024 P.
1047 1976 1078 2025 l).

239 2171 318 2226 Dolet
330 2171 410 2226 amici
423 2169 578 2238 silentium
593 2169 767 2226 commendat
779 2171 805 2224 ei
818 2136 978 2240 negocium,
991 2169 1117 2242 illudque
1130 2171 1201 2242 petit

395 2266 427 2316 ut
440 2259 578 2315 Cardinali
591 2259 769 2317 Columnensi
782 2260 840 2332 ipse
854 2258 1037 2315 commendet.

281 2502 379 2592 Saepe
401 2513 433 2570 te
453 2500 576 2570 litteris
597 2500 642 2571 ad
666 2498 874 2591 colloquium
899 2500 1022 2571 elicere
1047 2499 1149 2570 nisus
1176 2522 1253 2571 sum

181 2622 402 2692 inefficaciter
422 2622 466 2692 ad
486 2621 575 2691 hanc
594 2620 697 2692 diem.
719 2622 864 2712 Pergam
888 2621 1062 2691 silentium
1082 2632 1183 2692 tuum
1205 2621 1255 2692 in-

180 2752 402 2834 terrumpere.
424 2743 569 2814 Pudebit
588 2744 688 2815 amici
706 2753 755 2814 tet
770 2745 940 2815 clamores
962 2745 1100 2814 tacitum
1122 2743 1254 2816 audire.

179 2866 359 2939 Labellum
391 2869 548 2938 clausum
574 2870 631 2938 vel
657 2867 690 2936 in
712 2866 982 2957 indignationem
1012 2870 1113 2951 sorte,
1143 2869 1201 2938 vel
1222 2867 1256 2939 in

181 2989 274 3061 risus
296 2989 456 3083 aperiam,
478 2992 535 3060 vcl
555 2989 590 3059 in
611 2989 728 3060 verba.
750 2989 825 3059 Non
845 2988 961 3079 magni
987 2990 1074 3060 facio
1092 2988 1177 3081 quid
1200 3013 1254 3062 re-

182 3112 328 3195 scribam
343 3113 446 3185 modo
460 3113 552 3205 loqui
566 3112 721 3204 incipias
734 3111 844 3181 vietor
859 3132 946 3180 sum.
962 3111 996 3180 Si
1011 3113 1256 3204 occupationes

181 3246 214 3306 te
235 3245 372 3305 veteres
395 3245 524 3320 tenent,
547 3257 657 3305 novas
678 3235 850 3325 ingeram:
873 3234 902 3304 si
921 3235 1066 3326 segnitie
1083 3236 1256 3304 calamum

181 3354 339 3439 amisisti,
356 3357 537 3428 sedulitate
555 3358 744 3427 restituam.
759 3356 804 3427 At
821 3357 849 3427 si
864 3360 951 3427 sorte
966 3356 1129 3448 superbia
1142 3360 1257 3428 extol-

181 3477 271 3563 leris
283 3487 318 3548 et
333 3478 437 3570 (qued
452 3479 620 3571 suspicari
635 3501 677 3548 ne
690 3478 839 3549 tenuiter
849 3479 989 3571 quidem
1001 3480 1159 3571 possum)
1172 3482 1258 3551 ami-

180 3603 231 3674 cis
244 3600 403 3673 affatibus
418 3600 596 3693 indignum
615 3625 669 3673 me
682 3624 821 3687 censcS,
838 3601 1125 3672 humilitatemihi
1140 3603 1256 3676 abillo

180 3727 283 3796 animi
304 3725 441 3816 lastigie
458 3724 708 3808 detrahendus,
729 3737 763 3796 et
780 3725 814 3794 in
834 3747 974 3817 aequum
992 3746 1151 3817 campum
1171 3727 1257 3797 ami-

180 3851 269 3922 citiae
285 3850 514 3922 retrahendus
528 3873 578 3920 es.
597 3851 715 3943 ltaque
734 3851 783 3920 sic
801 3848 861 3919 tibi
879 3851 1059 3943 persuade.
1079 3850 1256 3922 Inculcare

180 3976 339 4067 querelas
364 3982 400 4044 et
431 3975 578 4043 lamenta
599 3994 666 4042 non
688 3972 861 4056 desinam,
884 3974 994 4043 donec
1017 3973 1098 4043 mihi
1121 3977 1179 4044 rel
1197 3996 1258 4046 an-

181 4096 314 4190 tiquum
347 4097 435 4167 inter
467 4119 530 4167 nos
560 4094 802 4168 commercium
837 4095 1027 4166 litterarum
1068 4096 1254 4177 restituas,

181 4220 346 4311 quamdiu
361 4224 483 4291 saltem
503 4233 569 4292 tam
585 4218 768 4314 propinqui
784 4241 919 4304 sumne,
935 4230 972 4289 ut
985 4219 1185 4289 nuntiorum
1199 4242 1258 4313 pe⁴

180 4342 316 4409 nuriam
336 4344 551 4434 praetendere
571 4353 694 4414 neuter
714 4343 839 4437 possit,
866 4352 902 4414 et
926 4341 1026 4435 quasi
1048 4363 1110 4435 per
1132 4365 1256 4415 manus

181 4460 226 4530 ab
246 4462 353 4534 altero
373 4465 418 4535 ad
438 4468 582 4536 alterum
600 4467 646 4536 sit
662 4465 886 4557 epistolarum
906 4464 1086 4547 transitus;
1104 4469 1161 4539 vel
1178 4488 1256 4560 pro-
