2692 5024
412 670 505 719 omer
524 670 881 721 ruamus-umerum
904 674 931 721 r.
1155 662 1208 724 147

554 944 730 1010 austum
754 947 785 1011 V.

160 1140 355 1190 saanorsous
377 1141 545 1191 roratum
566 1142 734 1191 srsrnxuo
752 1142 909 1193 couuuuu
927 1144 1045 1194 rumom
1063 1145 1089 1193 s.
1108 1147 1134 1194 r.
1154 1148 1183 1195 n.

344 1319 527 1373 Solitudinem
542 1336 597 1373 uon
614 1336 668 1373 una
682 1319 804 1374 oratione
820 1320 996 1375 laudandam.

231 1557 390 1630 Postulas
423 1557 483 1629 tibi
512 1566 641 1631 statum
679 1560 762 1630 vitae
801 1560 979 1644 solitariae,
1013 1582 1117 1655 quem
1148 1561 1213 1633 hac

132 1693 234 1755 aetate
272 1690 442 1774 sequutus
480 1680 603 1753 videor
642 1682 697 1776 (ut
731 1680 878 1776 asseris)
916 1694 1043 1778 praeter
1081 1705 1213 1756 morem
1313 1752 1317 1765 ,

133 1805 311 1877 bominum
337 1814 549 1885 nostrorum,
573 1804 741 1875 brevibus
766 1803 886 1875 verbis
911 1806 1062 1899 exponi:
1095 1816 1213 1878 utrum

132 1926 301 2009 imitandi,
317 1949 361 1996 au
375 1926 539 1998 irridendi
557 1926 693 2011 avidus,
714 1927 853 2009 neseio;
873 1936 909 1998 tu
928 1929 1007 1999 seis,
1030 1930 1211 2012 Caeterum,

133 2074 238 2144 quam
260 2071 423 2141 magnam
449 2072 522 2120 rem
548 2051 637 2120 inter
663 2042 848 2142 angustias
871 2051 960 2142 cogi,
989 2074 1029 2121 ao
1063 2050 1213 2122 breviter

132 2174 200 2246 diei
218 2175 316 2259 velis,
335 2177 452 2246 forsan
473 2174 625 2265 ignoras.
648 2175 736 2243 Sunt
754 2172 799 2243 de
821 2171 886 2244 boo
907 2173 982 2266 ipso
1002 2173 1211 2245 disertorum

132 2298 311 2371 bominum
336 2296 453 2382 libelli,
474 2319 538 2367 nee
559 2306 673 2368 tamen
696 2296 882 2390 (quantum
909 2294 993 2366 mihi
1014 2296 1171 2390 videtur)
1193 2320 1214 2369 a

131 2443 308 2516 quoquam
336 2419 544 2491 sufficienter
570 2418 685 2491 adbuc
716 2419 854 2490 laudata
886 2440 943 2489 res
974 2428 1049 2501 est3
1076 2419 1120 2491 de
1145 2443 1214 2512 qua

132 2566 228 2639 saepe
252 2543 336 2615 mibi
370 2542 510 2636 (fateor)
543 2541 694 2640 scribere
721 2541 866 2635 aliquid,
894 2541 1044 2634 impetus
1070 2542 1150 2613 luit:
1180 2553 1215 2614 et

131 2667 305 2750 fecissem,
333 2665 399 2735 nisi
417 2664 510 2757 quod
531 2664 684 2736 nondum
705 2676 765 2736 aut
785 2664 938 2757 ingenio,
958 2674 1019 2736 aut
1039 2664 1131 2751 stilo,
1153 2674 1215 2737 aut

133 2809 249 2857 rerum
279 2786 410 2857 notitiae
435 2784 520 2856 satis
546 2783 627 2857 fido.
649 2786 750 2871 Quod
775 2786 820 2858 ad
847 2794 882 2858 te
914 2808 1105 2881 precesque
1136 2795 1213 2856 tuas

83 2974 87 2978 .
133 2909 265 2995 attinet,
286 2932 353 3003 ego
373 2907 529 3003 quidem,
555 2921 593 2980 ut
618 2931 795 3002 nunquam
826 2910 938 3003 aequis
972 2908 1115 2980 auribus
1142 2910 1214 2978 lau-

133 3033 287 3104 datorem
312 3032 396 3105 vitae
421 3033 526 3105 huius
551 3030 704 3116 audiam,
733 3032 798 3103 nisi
828 3033 887 3124 qui
919 3031 1031 3127 primo
1061 3030 1214 3101 duloedi-

133 3179 211 3229 nem
241 3156 318 3229 eius
348 3157 463 3249 aliqua
500 3180 547 3227 ex
584 3167 682 3252 parte
708 3155 915 3248 gustaverit,
948 3175 1027 3224 oum
1055 3153 1213 3224 innume-

131 3278 297 3352 rabilibus
329 3279 428 3350 bonis
461 3279 538 3350 haee
568 3280 701 3362 affluat,
735 3296 816 3370 quae
847 3299 910 3348 neo
938 3274 1123 3361 audiendo,
1151 3297 1214 3348 nec

131 3402 292 3496 legendo,
307 3402 459 3496 denique
472 3424 537 3474 neo
549 3402 647 3474 aliter
664 3423 769 3495 quam
786 3399 998 3496 experiendo
1015 3401 1212 3475 discuntur:

131 3525 183 3598 sic
207 3527 337 3596 trustra
362 3547 574 3620 quemquam
599 3525 717 3599 dooeri
742 3526 831 3596 velle
864 3546 974 3611 rear,
994 3525 1063 3596 nisi
1089 3524 1212 3597 eadem

129 3648 345 3744 experientia
368 3651 547 3743 magistra.
573 3648 664 3736 Quid
684 3649 777 3720 enim
798 3650 902 3720 refert
921 3658 1051 3741 quanto
1075 3647 1213 3739 eloquio

130 3793 189 3843 res
209 3782 346 3865 agatur,
369 3785 429 3845 aut
450 3796 518 3845 non
544 3773 767 3845 intellecturis
794 3772 854 3865 qui
880 3771 1036 3855 audient,
1064 3779 1125 3841 aut
1149 3769 1212 3838 mi-

131 3893 224 3964 nime
248 3895 442 3968 audituris?
463 3899 514 3968 Tu
535 3897 673 3992 itaque,
709 3895 739 3968 si
773 3895 969 3968 solitudinis
990 3911 1078 3964 meae
1102 3889 1209 3961 admi-

130 4016 218 4087 ratio
241 4028 278 4090 et
301 4018 456 4092 imitandi
482 4021 637 4092 studium
659 4019 775 4103 trabit,
799 4030 838 4090 ut
858 4015 1043 4111 praedicas,
1067 4016 1135 4086 noli
1156 4034 1211 4083 me

130 4139 224 4212 curis
249 4142 325 4214 aliis
352 4145 520 4214 intentum
544 4143 712 4235 fatigare:
747 4142 816 4211 noli
850 4139 1083 4210 narrationem
1103 4137 1211 4231 impa-

129 4286 203 4337 rem
228 4288 432 4360 exposuere.
454 4264 523 4336 Sed
544 4266 574 4335 si
596 4264 699 4336 modo
717 4272 754 4333 tu
777 4263 889 4358 (quod
910 4283 985 4354 ego,
1006 4259 1211 4353 quiavalde

128 4412 270 4476 vereor,
299 4411 393 4486 saepe
417 4387 552 4483 repeto)
590 4408 679 4483 pura
716 4396 846 4472 mente,
874 4383 1115 4478 discendique,
1142 4404 1209 4453 non

129 4514 283 4587 tentandi
303 4513 418 4585 animo
438 4513 648 4603 interrogea,
670 4509 749 4581 veni
770 4519 806 4582 et
825 4509 931 4584 vide:
953 4510 1117 4605 quodque
1136 4508 1210 4599 ipse
