2692 5024
933 334 937 343 ι

189 605 227 666 :ll
521 614 563 663 ns
583 612 685 662 mnus
706 608 928 660 rasurlmnus

189 762 281 845 Quot
303 756 567 852 loquacissimas
592 755 687 850 picas
711 753 917 847 agnovimus
938 753 973 822 in
992 751 1101 824 oculis
1126 753 1261 827 insanae

190 881 419 957 multitudinis
443 867 711 974 perstrepentes,
737 900 884 971 quarum
909 888 1048 970 repente
1071 899 1146 949 vox
1173 879 1263 951 ceci-

190 1006 266 1080 dit?
290 1003 358 1076 nisi
382 1005 485 1096 longa
508 1013 543 1075 et
572 1003 666 1097 apud
688 1001 859 1095 quosdam
884 1001 1110 1095 superstitum
1142 1001 1263 1076 odiosa

190 1129 276 1199 lorte
294 1123 446 1197 narratio
464 1132 568 1195 esset.
591 1123 660 1196 Sed
678 1123 723 1196 de
741 1122 797 1193 bis
815 1132 852 1194 et
871 1143 967 1216 saepe
984 1123 1085 1208 alias,
1106 1134 1143 1197 et
1156 1147 1260 1210 nunc,

190 1248 285 1342 quod
309 1269 364 1319 res
389 1246 465 1340 ipsa
489 1245 669 1343 poscebat,
691 1244 856 1316 diximus.
881 1245 1000 1338 Neque
1022 1245 1115 1317 enim
1139 1257 1180 1318 ut
1201 1269 1262 1319 eos

190 1390 365 1443 monerem
390 1388 505 1442 sermo
529 1366 615 1439 mihi
639 1367 829 1453 institutus,
851 1369 915 1441 sed
937 1379 978 1439 nt
1001 1366 1063 1439 tibi
1088 1369 1264 1442 satisface-

191 1516 276 1577 rem,
307 1491 408 1564 cuius
437 1490 577 1562 omnino
605 1490 748 1562 diversa
776 1492 926 1565 conditio
953 1503 1018 1564 est.
1049 1493 1145 1564 Tunc
1172 1496 1262 1566 enim

191 1615 344 1687 maxime
368 1612 561 1698 resonabis,
583 1636 664 1685 cnm
683 1614 750 1686 iam
770 1615 864 1709 loqui
884 1616 1032 1709 amplius
1053 1616 1261 1708 nequiveris.

192 1738 364 1809 Caeterum
381 1736 483 1808 valde
498 1735 704 1830 impatientis
721 1737 826 1809 animi
842 1748 897 1811 est
912 1737 1122 1812 brevissima
1138 1760 1264 1835 expee

193 1860 320 1933 tatione
340 1859 502 1954 torqueri.
524 1861 678 1954 Expecta
697 1862 894 1955 paululum3
919 1860 989 1934 eris
1014 1860 1087 1933 voti
1105 1882 1263 1955 compos:

192 2007 272 2056 cum
288 1982 427 2057 obstare
443 1982 505 2055 tibi
521 1983 596 2077 ipse
606 1983 763 2069 desieris,
777 1983 822 2070 id,
836 2005 883 2055 ex
899 1996 1004 2078 parte,
1017 1987 1180 2077 longaeva
1196 1986 1264 2055 lor-

194 2130 258 2179 san
283 2106 454 2191 absentia,
482 2106 527 2179 ad
551 2109 702 2201 plenum,
724 2129 818 2179 mors
840 2109 913 2180 sola
931 2107 1121 2201 praestabit.
1146 2107 1265 2179 Reduc

194 2230 459 2304 admemoriam
482 2253 529 2302 ex
553 2230 715 2303 omnibns
741 2230 879 2304 saeculis
904 2230 1056 2302 illustres
1081 2230 1178 2302 viros
1196 2231 1265 2302 ilo

194 2375 330 2438 manos,
345 2355 501 2438 Graecos,
515 2351 696 2437 barbaros,
711 2374 858 2445 quorum
874 2373 945 2423 non
961 2352 1147 2445 praesentia
1163 2354 1263 2424 famae

195 2476 359 2548 nocuerit.
387 2475 470 2560 Tibi,
496 2474 552 2545 cui
576 2475 744 2546 recentior
763 2474 928 2546 memoria
951 2486 1016 2560 est,
1039 2477 1156 2569 plures
1181 2477 1265 2547 forte

195 2621 241 2669 ex
258 2597 411 2669 historiis
428 2607 617 2667 occurrent.
636 2599 712 2688 Ego
731 2597 768 2668 id
783 2597 841 2667 uni
859 2597 1012 2668 omnium
1030 2595 1191 2669 Africano
1208 2597 1266 2669 tri-

196 2718 317 2788 butum
342 2718 497 2803 memini,
524 2729 563 2789 ut
588 2719 716 2790 scilicet
738 2731 773 2790 et
797 2722 888 2792 lama
912 2719 1092 2804 mirabilis,
1119 2731 1154 2791 et
1178 2739 1267 2814 prae

197 2842 307 2914 sentia
323 2840 511 2913 mirabilior
524 2839 718 2913 baberetur.
733 2844 826 2915 ldem
842 2843 950 2915 sacris
963 2843 999 2913 in
1011 2841 1133 2914 litteris
1145 2841 1267 2912 tribui-

197 2976 254 3037 tur
279 2964 471 3036 Salomoni:
503 2982 621 3056 quaere
645 2963 762 3049 alium,
785 2966 871 3036 forte
899 2988 967 3036 non
996 2964 1174 3050 invenies;
1202 2967 1266 3039 etsi

197 3087 361 3179 Virgilius
378 3086 560 3160 immodico
578 3086 692 3159 studio
705 3088 848 3159 AEneam
866 3111 967 3159 suum
984 3088 1185 3174 exornandi,
1204 3090 1268 3160 boc

198 3213 340 3282 adeum
366 3212 485 3302 gloriae
506 3233 616 3302 genus
638 3214 822 3283 transferre
841 3213 1034 3284 contendat.
1057 3212 1124 3284 Sed
1147 3211 1266 3281 immo

199 3334 266 3403 bile
295 3355 416 3403 verum
442 3344 505 3403 est.
533 3335 714 3405 Excusant
733 3346 861 3419 tamen,
888 3335 988 3427 quasi
1014 3357 1082 3406 non
1110 3333 1265 3418 AEneam

200 3454 276 3538 sed,
309 3454 375 3524 sub
400 3455 517 3524 AEneae
547 3455 698 3541 nomine,
720 3457 834 3528 vimm
865 3459 985 3527 fortem
1014 3459 1267 3551 perlectumque

199 3576 383 3650 describat.
404 3577 504 3648 Dedit
527 3577 617 3647 idem
647 3589 821 3651 oratorum
846 3578 906 3648 uni
932 3579 1114 3652 dumtaxat
1137 3581 1182 3666 is,
1209 3579 1266 3676 qui

200 3703 265 3774 hoc
291 3701 356 3772 sibi
381 3700 498 3772 verius
525 3715 747 3796 usurpasset3
773 3703 977 3797 perillustris
1004 3707 1131 3779 scilicet
1156 3719 1268 3781 orato

201 3851 277 3897 rum
303 3827 460 3921 princeps
494 3828 630 3900 Marcus
656 3829 802 3915 TulliuS,
834 3828 893 3900 uni
923 3854 1059 3927 quoque
1090 3844 1266 3927 poetarum

202 3949 291 4021 idem
320 3949 448 4033 tribuit,
471 3948 560 4021 Aulo
578 3951 709 4022 Licinio
729 3951 876 4022 Arcbiae.
908 3955 975 4026 Sed
1000 3978 1123 4028 vereor
1147 3981 1191 4029 ne
1216 3959 1266 4039 id,

203 4093 318 4142 amore
342 4072 506 4143 iudicium
533 4073 739 4166 obliquante,
768 4077 968 4170 praeceptori
995 4100 1058 4148 sno
1086 4080 1268 4152 mediocris

204 4190 329 4279 ingenii
350 4194 427 4265 viro
444 4195 585 4280 tribuat,
603 4197 697 4288 qued
717 4219 779 4269 nec
799 4199 944 4271 Homero
965 4199 1094 4286 tribuit,
1112 4226 1177 4274 nec
1192 4202 1270 4274 Vir-

204 4310 284 4399 gilio
306 4315 491 4389 tribuisset.
519 4321 702 4405 celerum,
730 4332 768 4391 ut
792 4322 837 4393 ad
861 4332 893 4393 te
918 4333 1086 4408 revertar,
1114 4325 1198 4395 nihil
1223 4348 1269 4396 ex

205 4434 363 4505 omnibus
393 4460 473 4529 quae
496 4441 584 4522 dixi,
610 4443 703 4533 quod
726 4441 787 4511 tibi
812 4442 937 4514 iustam
971 4445 1170 4536 indignandi
1197 4472 1270 4521 ma-
