2692 5024
165 364 167 368 .
371 361 375 370 ι

409 652 502 701 cmm
525 653 894 704 cernuos—animone
916 658 934 704 ι.
1154 645 1208 707 ltl

128 795 249 868 habes
261 806 294 867 te
313 797 443 892 ipsum,
464 799 551 867 satis
568 808 633 868 est.
652 798 763 867 Nullae
783 797 917 869 divitiae
938 798 1104 883 maiores,
1121 804 1213 872 nulla

128 918 252 989 clarior
277 918 471 1010 possessio,
498 940 603 1009 qnam
631 916 665 986 in
691 927 864 1011 potestate
885 917 1037 989 animum
1072 917 1212 992 habere.

127 1041 329 1111 lnvenimus
351 1041 412 1132 qui
428 1048 569 1110 centum
587 1038 785 1129 quindecim
804 1037 892 1111 filios
910 1039 1080 1111 habuerit.
1099 1043 1213 1113 Eroti-

129 1183 209 1232 mus
236 1161 379 1253 quidam
401 1184 465 1231 rex
486 1160 654 1245 Arabum,
678 1159 804 1230 mirum
825 1160 944 1231 dictu!
975 1163 1213 1254 septingentos

127 1283 297 1355 habuisse
323 1283 481 1355 traditur.
509 1283 552 1351 Se
585 1281 701 1374 ipsum
735 1281 866 1352 habere
902 1283 1024 1374 paucis
1057 1282 1211 1372 contigit.

128 1404 287 1476 Amisisti
309 1404 480 1497 colloquia
507 1403 675 1485 liliorum,
704 1413 817 1475 tecum
843 1406 995 1496 loquere.
1023 1405 1107 1474 Cum
1136 1404 1212 1476 aliis

128 1527 236 1611 enim,
251 1526 426 1608 omnium;
449 1547 567 1596 secum
590 1525 696 1617 loqui,
719 1547 907 1619 paucorum
923 1537 991 1597 est.
1009 1526 1114 1596 Multa
1132 1538 1214 1598 sunt

130 1668 211 1739 quae
232 1646 402 1739 loquaris,
425 1648 532 1717 multa
557 1666 638 1736 quae
664 1645 900 1738 respondeas:
927 1647 1034 1717 multa
1059 1648 1152 1718 enim
1179 1647 1213 1719 in

131 1782 201 1841 tam
221 1772 324 1860 longa
342 1769 413 1840 vita
430 1768 555 1851 fecisti,
575 1789 723 1859 quorum
742 1770 797 1837 vel
815 1767 1016 1838 meminisse
1035 1770 1214 1858 iucundis-

131 1893 258 1963 simum
283 1913 363 1963 esse
389 1900 512 1983 potest.
538 1890 613 1959 Non
641 1898 788 1982 possunt
814 1888 865 1981 (nt
889 1890 982 1981 apud
1012 1890 1213 1964 Ciceronem

131 2015 180 2086 ait
197 2013 292 2107 Coto)
314 2034 437 2084 omnes
457 2032 536 2083 esse
556 2010 736 2103 Scipiones
758 2019 819 2081 aut
838 2008 995 2094 Maximi,
1016 2023 1053 2082 ut
1074 2014 1212 2086 urbium

131 2133 424 2227 expugnationes,
460 2142 498 2202 ut
530 2132 711 2223 pedestres
745 2134 956 2223 navalesque
989 2154 1139 2225 pugnas,
1175 2144 1214 2205 ut

134 2257 223 2328 bella
243 2278 263 2325 a
285 2278 324 2326 se
344 2263 451 2346 gesta,
468 2264 506 2326 ut
523 2255 716 2346 triumphos
739 2254 971 2325 recordentur.
993 2257 1044 2326 Tu
1064 2262 1154 2326 vero‘
1169 2256 1212 2326 de

135 2380 270 2449 illorum
292 2400 332 2448 es
354 2377 440 2461 acie,
465 2378 592 2471 quibus
614 2399 730 2449 rernm
757 2398 900 2449 suarum
926 2379 1119 2450 recordatio
1140 2380 1213 2470 glo-

135 2499 227 2570 riosa
251 2510 316 2570 est.
344 2499 540 2571 Recordare
565 2519 646 2590 quae
679 2500 834 2590 gesseris
868 2499 961 2571 domi
995 2499 1211 2592 militiaeque,

134 2642 214 2713 quae
236 2631 326 2691 terra
353 2622 547 2713 pelagoque
575 2620 624 2690 sis
653 2642 794 2714 passus,
822 2644 910 2715 quos
943 2621 1098 2706 laborer,
1133 2643 1214 2714 quae

135 2744 285 2838 pericula
309 2741 453 2825 obieris,
481 2763 560 2834 quae
582 2742 643 2811 tibi
675 2745 868 2816 clarissima
887 2746 1125 2836 contigerunt.
1151 2745 1215 2816 Fa-

137 2864 278 2948 teberis‚
306 2864 426 2948 credo,
455 2873 501 2947 te,
536 2864 603 2935 etsi
637 2887 776 2959 semper
810 2867 884 2938 sine
918 2869 1037 2939 liberis
1070 2869 1211 2952 fuisses,

135 3009 300 3078 magnum
334 2987 464 3071 virum,
498 2997 533 3057 et
558 3007 627 3057 non
648 2987 758 3057 otiosa
782 2987 922 3078 quidem
947 2988 1122 3071 felicitate,
1151 2989 1214 3060 sed

135 3109 267 3179 felicem
297 3118 422 3179 tamen.
462 3109 560 3179 Nunc
585 3131 670 3179 vero
696 3130 760 3180 nec
786 3107 859 3178 sine
885 3107 1002 3179 liberis
1041 3108 1152 3193 luisti,
1179 3121 1215 3180 et

137 3232 223 3301 tales
247 3230 401 3300 habuisti
421 3232 544 3322 quales
565 3241 603 3300 nt
627 3231 791 3303 amisisse
807 3231 953 3315 durum,
976 3231 1025 3302 sic
1046 3231 1214 3303 habuisse

137 3352 389 3424 suavissimum
423 3352 477 3423 sit.
513 3351 614 3424 Adde
647 3353 740 3446 quod
773 3350 855 3422 nihil
891 3353 1029 3424 incauto
1065 3353 1213 3437 accidit;

136 3495 180 3545 ea
211 3474 379 3567 sapientia
405 3484 561 3560 tuaest,
597 3457 724 3545 utnon
744 3474 848 3546 modo
879 3497 960 3568 quae
998 3477 1057 3548 tibi
1083 3500 1214 3549 evene-

138 3604 232 3678 runt,
256 3597 320 3666 sed
340 3607 375 3666 et
395 3596 512 3667 omnia
543 3618 623 3689 quae
649 3606 798 3688 possunt
821 3598 962 3668 evenire
988 3599 1213 3692 praevideris:

136 3714 304 3809 possibile
341 3717 432 3787 enim
466 3718 550 3788 nihil
588 3726 643 3787 est
681 3717 888 3811 inopinabile
925 3717 1082 3809 sapienti.
1124 3718 1215 3787 Stul-

139 3821 250 3907 torum
282 3837 572 3929 impraemeditata
606 3849 688 3909 sunt
721 3840 846 3911 omnia.
880 3839 955 3908 Non
993 3839 1059 3910 hoc
1096 3839 1213 3910 dicere

138 3962 238 4041 volo;
266 3961 378 4032 maius
404 3960 570 4053 quiddam
597 3962 630 4031 in
665 3962 781 4032 animo
813 3973 881 4044 est,
916 3961 1016 4031 cuius
1052 3961 1112 4030 tibi
1146 3983 1214 4030 uno

137 4081 247 4151 verbo
262 4083 463 4153 memoriam
478 4105 648 4155 renovare
663 4084 746 4155 satis
760 4095 850 4164 erat;
866 4083 929 4154 sed
943 4104 987 4152 ne
999 4081 1213 4174 quideorum

137 4224 219 4296 quae
240 4226 287 4274 ex
308 4213 341 4274 te
362 4204 529 4276 audierim
548 4207 690 4276 effluere
703 4205 787 4274 milri
805 4214 921 4297 putee,
936 4205 1050 4274 dicam
1067 4224 1214 4295 expres-

138 4326 224 4396 sius.
251 4326 424 4396 Memento
447 4348 532 4416 ergo
559 4325 659 4417 (mihi
680 4325 771 4393 enim
793 4324 907 4413 imago
934 4325 1024 4393 illius
1047 4323 1213 4414 temporis

138 4457 218 4519 ante
242 4449 362 4519 oculos
386 4447 451 4539 est)
478 4447 562 4518 dum
587 4455 667 4517 anta
688 4466 798 4515 annos
817 4445 936 4516 docem
958 4446 1078 4517 Romen
1100 4455 1212 4517 locum
1234 4446 1235 4451 ’
