2692 5024
357 674 449 747 suasit
472 696 666 747 suerrus·
679 696 830 748 srtsross
852 698 936 747 xvttt.
1126 684 1183 746 llll

111 845 167 913 hun
193 843 334 913 Serrecae
355 841 516 914 laudatus
537 843 593 913 illc
613 841 849 914 Ciceronianae
869 840 1040 913 facundiae
1059 841 1185 936 priuci-

108 976 225 1060 patus,
265 964 466 1060 ingeniique
502 968 678 1059 singularc
715 967 942 1061 praeconium,
973 975 1008 1037 ct
1038 967 1121 1038 illud
1151 968 1184 1037 iu

111 1086 348 1160 Saturnalibus
368 1090 575 1161 multiforme
594 1089 757 1162 Macrobii
777 1088 950 1182 eloquium
970 1089 1016 1160 ab
1032 1090 1186 1162 Eusebio

107 1213 398 1294 demonstratum
431 1222 467 1283 et
490 1210 575 1283 illud
598 1213 696 1284 Statii
725 1211 857 1306 Papinii
881 1220 994 1306 pcetae
1018 1234 1184 1284 reverens

109 1336 394 1428 submissumque
432 1334 667 1408 testimonium
707 1335 753 1407 de
785 1333 975 1428 virgiliana
1022 1333 1183 1418 AEneide,

108 1459 209 1532 cuius
229 1461 331 1550 longe
352 1457 529 1551 sequenda
548 1467 585 1529 et
604 1457 781 1530 adoranda
814 1458 964 1550 vestigia
994 1436 1186 1526 Thebaidem

109 1604 224 1667 suam,
239 1581 275 1652 in
295 1578 469 1674 publicum
489 1582 680 1667 exituram,
703 1583 880 1655 admonet:
898 1591 933 1654 et
953 1580 1037 1653 illnd
1056 1579 1102 1652 ab
1117 1580 1186 1651 Ho-

108 1707 195 1777 ratic
228 1704 361 1788 Flacco,
397 1705 466 1775 imo
497 1724 582 1776 vero
606 1705 653 1775 ab
677 1705 838 1777 omnibus
858 1703 1073 1777 concorditer
1090 1701 1187 1775 dela-

108 1838 183 1901 tum
215 1828 366 1899 Homero
396 1837 576 1922 poetarum
608 1822 764 1924 principi.
796 1827 957 1900 Pluribus
988 1849 1056 1919 ago
1081 1846 1184 1921 wem

109 1970 253 2022 necesse
286 1957 352 2021 est.
382 1950 468 2020 Nam
502 1949 559 2021 illa
591 1951 732 2045 quidem
759 1950 967 2042 longanimis
995 1930 1186 2021 recordatio

107 2071 274 2145 Prisciani
287 2072 502 2164 grammatici
519 2072 679 2144 iuvenilis
696 2073 811 2158 lectio,
827 2082 911 2164 quot
922 2069 1008 2142 mihi
1019 2070 1185 2141 librorum

107 2197 292 2292 peregriua
308 2196 446 2266 uomina
463 2196 694 2286 congesserit,
715 2204 799 2287 quot
815 2194 1037 2290 postmodum
1053 2191 1184 2263 Plinius

109 2318 305 2401 Secundus,
328 2328 413 2411 quot
431 2315 623 2388 novissime
642 2316 774 2388 Nonius
791 2317 991 2400 Marcellus,
1006 2313 1186 2409 quotiens·

107 2462 178 2536 que
199 2439 346 2511 salivam
367 2437 605 2512 excitaverint.
626 2439 737 2511 Nemo
756 2461 842 2531 ergo
862 2438 1043 2511 mirabitur
1061 2437 1112 2531 (ut
1130 2459 1186 2509 re·

107 2564 210 2637 deam
232 2563 326 2634 uude
345 2562 526 2656 digressus
549 2563 651 2658 sum),
666 2562 893 2633 vehementer
909 2560 965 2632 his
983 2561 1116 2634 animos
1133 2560 1189 2630 in-·

108 2688 279 2760 flammari
300 2700 403 2782 atquc
422 2686 562 2780 configi,
586 2708 733 2780 quorum
756 2687 892 2779 singula
914 2707 999 2758 suas
1020 2684 1187 2758 scintillas

110 2831 263 2904 suosque
284 2813 423 2881 aculeos
443 2813 556 2903 palam
577 2808 722 2893 habent,
750 2810 907 2904 aliosque
931 2810 1123 2881 clanculum
1150 2808 1183 2877 in

111 2934 191 3005 sinu
209 2943 358 3027 gestam,
376 2953 465 3025 quos
487 2932 554 3004 sibi
580 2933 727 3004 invicem
750 2931 1022 3003 subministrant.
1051 2932 1183 3023 ltaque,

110 3057 218 3151 pudet
236 3056 412 3150 equidem,
443 3054 507 3126 sed
531 3055 705 3127 latendum
739 3053 902 3145 ingenue,
929 3065 966 3123 et
990 3051 1183 3124 cedendum

109 3200 194 3252 vero
213 3190 280 3263 est,
303 3177 536 3249 excusabilior
562 3198 701 3269 semper
724 3175 808 3245 mihi
834 3174 1003 3270 cupiditas
1029 3174 1106 3246 visa
1131 3185 1186 3246 est

108 3302 332 3376 Atheniensis
350 3301 485 3397 tyranni
504 3297 724 3395 AEgyptiiquc
742 3297 847 3389 regis,
867 3318 973 3392 quam
991 3297 1100 3370 nostri
1119 3296 1186 3369 du-

107 3430 173 3513 cis,
208 3428 454 3520 aliquantoque
484 3423 634 3496 nobilius
658 3420 827 3493 Pisistrati
862 3420 1024 3516 primum,
1059 3420 1185 3495 deinde

106 3550 284 3625 Ptolemaei
315 3549 529 3642 Philadelphi
563 3546 728 3629 studium,
758 3566 862 3637 quam
897 3545 1015 3617 Crassi
1043 3564 1182 3622 aurum,

106 3677 174 3749 etsi
206 3677 313 3746 multo
340 3676 456 3768 plures
491 3672 680 3743 imitatores
711 3670 861 3742 Crassus
887 3669 1025 3740 haheat.
1049 3665 1117 3735 Sed
1141 3685 1187 3762 ne

107 3803 229 3873 Romae
260 3796 473 3869 Alexandria
498 3798 555 3867 vel
579 3792 739 3878 Athcnae,
769 3803 805 3865 et
835 3792 940 3864 ltaliae
964 3788 1098 3860 Graecia
1129 3788 1184 3857 vel

109 3920 283 4018 AEgyptus
315 3918 495 4004 insultent,
521 3927 557 3990 et
580 3918 681 3990 nohis
708 3916 855 3989 studiosi
879 3913 1052 4009 principes
1078 3909 1187 3981 conti-

111 4055 249 4137 gerunt,
271 4044 365 4137 iique
385 4051 453 4113 tam
475 4040 587 4125 multi,
610 4051 649 4111 ut
666 4062 727 4113 eos
749 4041 805 4110 vel
824 4056 1028 4109 enumerare
1049 4031 1185 4105 difficile

111 4167 171 4248 eit;
193 4177 334 4260 tamque
354 4163 434 4235 huic
455 4161 505 4234 rei
520 4160 641 4245 dediti,
663 4172 699 4232 ut
718 4160 883 4230 inventus
901 4157 947 4229 sit
961 4157 1018 4229 cui
1034 4153 1188 4251 philoso-

109 4286 217 4385 phiae,
240 4311 344 4382 quam
366 4281 509 4378 imperii,
527 4280 644 4354 carius
669 4301 794 4352 nomeu
820 4286 930 4362 esset,
955 4288 991 4351 et
1016 4274 1183 4357 studiosi,

110 4415 266 4506 inquam,
300 4431 369 4480 non
396 4415 464 4477 tam
489 4403 669 4487 librorum,
696 4425 800 4498 quam
827 4402 924 4474 libris
948 4410 1184 4474 contentarum

109 4555 237 4606 scruto.
260 4534 347 4604 Sunt
359 4530 452 4601 enim
464 4527 526 4622 qui
540 4525 645 4600 libros
665 4526 716 4619 (ul
731 4525 870 4621 caetertd
889 4547 958 4599 uon
975 4523 1094 4598 utendi
1104 4530 1185 4595 stu-
