2692 5024
407 692 499 740 ninnu
522 692 881 742 urruns-urrerem
903 692 955 742 ιιι.
1158 682 1211 744 lot
1301 721 1304 727 ·

116 843 252 904 status
272 841 341 916 est,
364 833 399 901 in
421 833 485 903 huc
506 832 700 904 animorum
727 842 796 904 tam
824 818 1004 926 implacata
1027 834 1214 921 discordia,

137 957 232 1026 nulla
256 975 402 1049 prorsus
431 955 524 1048 apud
554 978 618 1027 nos
643 955 811 1029 dubitatio
837 958 1053 1051 relinquitur,
1080 964 1217 1030 monar-

135 1078 250 1148 chiam
277 1099 358 1147 esso
383 1077 546 1170 optimam
573 1077 770 1170 relegendis
791 1080 1062 1174 reparandisque
1081 1081 1216 1153 viribus

138 1199 245 1283 ltalis,
279 1221 368 1292 quas
399 1190 525 1296 long'us
559 1200 727 1272 bellorum
761 1201 915 1273 civilium
950 1204 1080 1296 sparsit
1110 1206 1214 1275 furor.

141 1325 222 1395 Haec
252 1331 291 1393 ut
322 1344 390 1415 ego
421 1324 515 1408 novi,
549 1325 727 1416 fateorque
762 1324 892 1416 regiam
919 1347 1059 1396 manum
1086 1326 1215 1397 nostris

139 1445 267 1517 morbis
301 1447 551 1530 necessariam,
576 1446 625 1519 sic
646 1458 681 1519 te
700 1446 785 1518 illud
810 1447 953 1519 credere
984 1470 1053 1520 non
1078 1448 1213 1534 dubito,

138 1569 268 1640 nullum
294 1591 349 1638 mo
375 1591 493 1661 regem
520 1570 635 1654 malle,
661 1591 764 1661 quam
795 1569 888 1641 hunc
917 1582 1088 1657 nostrum,
1115 1571 1215 1644 cuius

138 1690 359 1764 subditione
386 1691 554 1775 vivimus
589 1691 677 1763 adeo
710 1693 866 1764 suaviter
886 1714 927 1765 ac
952 1696 1150 1787 tranquille,
1178 1705 1216 1765 ιιι

136 1837 200 1885 nec
218 1814 340 1911 Pyrrhi
361 1813 625 1900 humanitatem,
649 1837 712 1887 nec
732 1818 904 1887 fortunam
926 1815 1128 1902 Alexandri,
1152 1838 1215 1889 nec

135 1937 268 2008 Seleuci
301 1936 486 2020 iustitiam,
521 1959 584 2009 nec
618 1937 673 2032 (ut
703 1938 867 2009 Romanis
899 1937 1013 2029 potius
1044 1939 1214 2031 exemplis

135 2060 230 2151 utar)
264 2061 398 2131 Romuli
435 2059 610 2146 ardorem,
646 2084 709 2133 nec
740 2062 863 2131 Numae
897 2060 1117 2153 religionem,
1150 2083 1214 2132 nec

135 2181 234 2254 Tullii
266 2183 439 2267 militiam,
475 2206 538 2255 nec
571 2182 656 2254 Anci
691 2182 997 2274 magnificentiam,
1033 2206 1098 2255 nec
1130 2185 1213 2255 Tar-

133 2305 242 2399 quinii
261 2303 430 2390 habitum,
447 2329 511 2377 noc
523 2306 634 2377 Servii
652 2304 902 2401 providentiam
917 2307 1147 2399 requiramus.
1170 2307 1214 2376 Et

135 2431 306 2521 prolecto,
343 2429 372 2500 si
402 2451 520 2522 regem
543 2451 564 2500 a
589 2439 735 2525 tyranno
765 2431 837 2501 sola
869 2427 999 2500 iustitia
1032 2427 1210 2515 discernit,

134 2551 199 2622 iste
232 2573 297 2621 rex
322 2572 429 2622 verus
449 2562 516 2636 est,
535 2550 724 2645 quamlibet
745 2559 928 2647 tyrannum
952 2561 1077 2622 vocent
1100 2551 1213 2622 veris·
1303 2540 1307 2550 ’

133 2673 210 2743 simi
228 2674 383 2745 omnium
404 2675 554 2769 tyranni,
574 2675 690 2767 quise
711 2684 827 2767 patres
848 2675 969 2770 patriae
990 2675 1057 2748 dici
1076 2677 1210 2760 volunt;
1231 2750 1232 2754 ,

133 2819 212 2867 cum
232 2797 359 2890 quibus
386 2801 502 2869 nullus
526 2797 697 2881 Phalaris,
725 2800 840 2869 nullus
865 2798 1066 2890 agatocles,
1094 2799 1210 2869 nullus

134 2919 333 3014 DionysiuS,
356 2922 471 2991 nullus
492 2920 643 3014 denique
661 2921 779 3004 Caius,
794 2930 853 2992 aut
865 2921 963 3004 Nero,
978 2930 1039 2992 aut
1056 2921 1210 2990 omnium

132 3041 345 3116 foedissimus
358 3043 611 3135 Heliogabalus,
627 3044 738 3136 possit
750 3042 793 3115 de
808 3042 1017 3134 impudicitia
1029 3049 1065 3112 et
1076 3040 1211 3111 feritate

132 3167 347 3239 contendere.
367 3169 466 3250 Sane,
485 3167 647 3259 quoniam
669 3165 849 3258 prudentis
867 3175 930 3246 est,
949 3186 1015 3233 non
1042 3172 1110 3234 tam
1127 3164 1210 3256 qnid

130 3289 295 3373 delectet,
333 3312 438 3383 quam
476 3289 560 3383 quid
591 3288 755 3385 expediat
786 3288 984 3373 advertere,
1016 3288 1120 3382 inque
1144 3288 1211 3360 hoc

130 3412 217 3506 ipso,
241 3436 309 3485 non
330 3412 496 3508 principia
518 3434 645 3497 rerum,
666 3412 729 3484 sed
741 3411 857 3483 exitus
875 3410 1114 3506 contemplari3
1133 3410 1208 3494 tihi,

129 3537 229 3608 cuius
250 3537 305 3607 ille
321 3536 474 3607 consiliis
492 3536 607 3628 agitur
624 3535 753 3630 optimo
769 3533 929 3620 consilio,
950 3536 1050 3605 cuius
1067 3534 1112 3604 de
1129 3556 1211 3626 pru-

129 3659 247 3731 dentia
284 3669 319 3731 et
352 3657 420 3730 fide
451 3658 602 3757 dubitari
627 3681 801 3752 nusquam
828 3658 925 3743 sinis,
953 3657 1027 3740 tibi,
1056 3656 1206 3746 inquam,

129 3782 251 3865 amice,
273 3784 328 3854 cui
349 3783 485 3854 animus
506 3806 605 3854 meus
627 3794 729 3855 notus
755 3793 823 3866 est,
848 3783 912 3854 hoc
934 3780 1101 3852 rusticum
1121 3779 1208 3846 lortc

131 3903 195 3973 sed
220 3901 320 3976 fidele
353 3907 534 3977 consilinm
568 3905 708 3978 dedisse
742 3906 862 3990 velim,
890 3915 928 3977 ut
949 3902 1098 3974 suadeas
1126 3900 1205 3985 sibi,

130 4024 218 4095 fines
237 4046 320 4098 suos
339 4029 422 4099 satis
441 4039 571 4122 patere,
593 4030 669 4098 sive
688 4050 787 4123 open,
808 4027 885 4098 sive
902 4025 1046 4118 gloriam
1065 4033 1206 4118 spectet.

129 4149 313 4242 Cupiditati
332 4151 416 4221 nihil
437 4162 492 4221 est
517 4149 625 4232 satis3
646 4151 703 4219 illa
723 4170 803 4218 eum
825 4171 892 4218 non
914 4148 1007 4218 sallat
1027 4146 1206 4238 promissis

128 4272 350 4365 ingentibus:
375 4296 481 4344 aurea
515 4270 735 4342 mediocritas
767 4279 824 4341 est
856 4270 890 4339 in
922 4270 1014 4340 omni
1046 4273 1204 4342 fortune:

128 4396 280 4469 bumana
299 4396 440 4490 quidem
461 4395 620 4476 felicitae,
640 4394 733 4463 nullo
751 4393 816 4465 sihi
833 4392 901 4465 line
919 4393 1107 4486 proposito,
1127 4417 1205 4487 pro-

128 4521 308 4611 grediendi
342 4519 444 4592 avida
468 4528 504 4592 et
528 4519 563 4589 in
592 4514 763 4588 infinitum
802 4516 959 4599 tendens,
988 4525 1027 4587 ut
1055 4515 1205 4589 solicitu-
1280 4516 1284 4523 '
