2692 5024
350 724 443 770 nraan
465 723 810 771 sexsus—emarcus
834 725 851 769 r.
1083 711 1142 771 303

61 897 102 944 εε
118 872 309 944 famelicam
328 880 364 942 et
379 892 525 960 egenam
545 869 659 940 sentit.
687 869 807 961 Neque
828 871 965 941 fallitur.
994 869 1143 941 Verissi-

60 1016 155 1066 mum
167 993 261 1063 enim
273 1005 328 1063 est
346 992 515 1085 poeticum
529 990 628 1072 illud,
654 1012 783 1083 seraper
803 1013 926 1060 aumas
948 1003 1028 1080 epet.
1055 991 1142 1062 Nam

60 1117 91 1187 si
115 1136 247 1186 avarus
266 1127 334 1198 est,
357 1113 466 1206 cupit3
486 1112 581 1206 quod
605 1112 719 1207 ipsum
751 1113 825 1184 vitii
850 1136 978 1185 nomen
1003 1113 1140 1186 indicat.

61 1241 152 1310 Sane
172 1237 270 1331 quod
294 1238 341 1309 ait
365 1238 508 1308 Seneca:
544 1235 621 1305 Noa
646 1239 704 1326 pai
724 1259 847 1328 perum
872 1238 979 1319 tuter,
1008 1235 1063 1307 sed
1087 1239 1145 1326 poi

59 1364 135 1453 plus
159 1361 262 1453 capit,
286 1382 416 1452 pauper
440 1370 496 1428 est.
531 1360 576 1428 Et
600 1359 667 1430 hoc
691 1358 771 1431 inde
792 1359 1021 1441 concluditur,
1048 1360 1143 1452 quod
1243 1369 1253 1389 ⁸

60 1505 130 1554 non
150 1481 308 1574 paucitas
337 1504 455 1551 rerum
477 1481 615 1573 inopem
636 1479 730 1563 facit,
765 1503 844 1552 cum
871 1479 991 1573 paucis
1020 1490 1144 1552 natura

61 1610 224 1674 contenta
245 1601 302 1685 sit,
325 1601 380 1672 cui
399 1601 460 1692 qui
479 1600 544 1673 rite
565 1600 775 1672 satisfecerit
791 1600 892 1673 dives
913 1613 981 1684 est,
1007 1613 1043 1673 et
1060 1602 1145 1673 nihil

60 1725 92 1796 ei
112 1725 227 1803 deest;
247 1724 310 1796 sed
331 1723 504 1819 cupiditas
522 1723 715 1814 inexpleta,
733 1742 814 1815 quae
836 1722 965 1794 iudicat
983 1722 1049 1793 sibi
1070 1732 1145 1795 tan-

63 1858 135 1918 tum
154 1847 294 1930 deesse,
330 1855 498 1937 quantum
532 1842 636 1938 cupit.
671 1844 772 1934 Cupit
804 1854 920 1914 autem
954 1844 1083 1927 omnia,
1109 1856 1146 1916 et

63 1970 215 2063 optando
256 1989 475 2062 supervacua
505 1967 585 2039 fecit
616 1967 826 2038 necessaria.
862 1967 913 2035 lta
952 1977 1144 2057 egestatem

61 2091 255 2175 minimam,
278 2090 404 2182 cuique
421 2089 582 2184 perfacile
604 2087 758 2159 succurri
781 2098 928 2181 poterat,
943 2089 1144 2161 irremedia-

59 2211 164 2283 bilem
184 2221 288 2303 atque
311 2212 517 2281 immensam
539 2210 627 2281 lecit.
651 2211 787 2281 Rursus
814 2210 905 2281 enim
926 2221 963 2281 et
983 2209 1068 2282 illud
1087 2221 1146 2281 est

60 2356 184 2405 verum
207 2332 302 2426 quod
318 2332 533 2424 philosophis
551 2333 675 2425 placet:
701 2354 810 2403 avaro
830 2344 901 2402 tam
928 2333 1023 2425 quod
1041 2332 1145 2404 habet

60 2458 202 2541 deesse,
225 2478 330 2549 quam
351 2454 446 2549 quod
467 2477 535 2526 nou
557 2453 672 2525 habet.
695 2454 768 2524 Nisi
785 2451 879 2547 quod
899 2453 983 2524 mihi
1000 2453 1143 2546 quidem

60 2577 173 2670 magis
194 2577 335 2650 videtur
361 2600 469 2650 avaro
493 2578 620 2649 deesse
644 2578 741 2670 quod
760 2577 880 2662 habet,
915 2600 1022 2671 quam
1050 2578 1145 2671 quod

60 2724 129 2772 non
150 2699 266 2772 habet.
292 2703 348 2772 Ex
375 2701 432 2770 illo
456 2700 548 2771 enirn
569 2701 616 2771 nil
642 2710 771 2796 praeter
792 2702 1044 2775 solicitudinem
1065 2723 1145 2797 per-

61 2833 215 2918 petuam,
238 2834 273 2895 et
296 2845 400 2895 veros
426 2834 556 2895 metus:
577 2845 625 2896 ex
654 2824 721 2896 hoc
754 2846 1004 2916 nonnunquam
1036 2823 1144 2896 breve

61 2948 186 3018 falsum
207 2944 373 3039 gaudum
387 2947 491 3040 capit,
511 2948 594 3019 dum
617 2945 682 3018 sibi
704 2947 850 3031 arridet,
864 2956 901 3018 et
913 2956 1067 3039 optatum
1082 2945 1144 3017 bo

60 3091 144 3139 num
166 3090 227 3164 spe
247 3070 385 3139 fallente
403 3078 631 3162 praeoccupat.
654 3069 705 3137 lta
726 3089 974 3159 nonnunquam
998 3066 1144 3136 satiatur

60 3213 138 3264 sera
153 3192 320 3284 quadam,
345 3203 383 3263 ut
399 3192 507 3274 aiunt,
530 3198 566 3259 et
586 3188 777 3261 inhumana
796 3187 992 3262 dulcedine.
1018 3185 1144 3258 Avari-

59 3315 104 3385 tia
127 3337 210 3387 vero
231 3336 422 3407 nunquam.
456 3314 601 3384 Nam-et
622 3310 847 3384 successibus
873 3310 1075 3397 inardescit,
1104 3321 1140 3383 et

60 3434 249 3530 satyricum
272 3435 358 3508 illud
379 3458 502 3508 verum
523 3447 592 3508 est:

177 3612 291 3677 Crescit
306 3630 395 3678 amor
412 3615 532 3678 nummi
550 3622 700 3695 quantum
716 3618 781 3698 ipsa
794 3618 923 3698 pecunia
940 3616 1062 3689 crescit,

58 3799 94 3863 et
111 3790 224 3864 minus
244 3794 337 3865 hunc
357 3807 453 3887 optat
470 3796 531 3890 qui
561 3817 630 3866 non
651 3795 766 3868 hahet.
801 3796 910 3867 Cuius
930 3793 980 3865 rei
999 3813 1140 3864 causam

58 3938 177 3996 unam,
200 3938 281 3987 nam
301 3919 420 4010 plures
439 3918 633 4012 excogitari
659 3928 803 4012 queunt,
832 3917 867 3989 in
888 3915 1036 4009 epistola
1055 3933 1141 4007 qua·

55 4037 136 4108 dam
153 4038 249 4130 ponit
270 4038 425 4112 Annaeus
447 4043 589 4114 Seneca.
622 4039 814 4123 Neminem,
841 4039 968 4132 inquit,
996 4038 1144 4133 pecunia

54 4157 190 4230 diuitem
213 4162 311 4250 facit:
345 4165 411 4233 imo
432 4177 548 4234 contro
568 4165 656 4234 nulli
684 4185 752 4231 aon
772 4163 932 4232 maiorem
964 4163 1019 4230 sai
1049 4162 1144 4251 cupi-

53 4280 330 4368 disseminanda
344 4286 567 4377 etsequitur:
589 4285 710 4376 patarea
730 4306 801 4375 qaoe
817 4284 860 4353 sit
876 4283 927 4351 rei
945 4283 1042 4352 haita
1063 4302 1144 4352 caa-

52 4404 113 4472 re?
146 4404 228 4478 Plus
248 4410 365 4499 incipit
385 4407 502 4477 dedere
519 4427 629 4498 posce,
651 4407 710 4496 qai
722 4407 801 4497 plus
821 4406 927 4475 lebet.
956 4382 1072 4497 'Venip
1095 4403 1142 4477 ad

55 4526 212 4621 reliquas
232 4531 361 4623 pestes.
388 4530 433 4601 Et
456 4527 534 4601 eius
554 4526 695 4620 quidem
720 4549 827 4621 quam
851 4524 1016 4601 aramm-
1030 4526 1141 4601 nostri

1194 4722 1214 4756 Ι
