2692 5024
1200 552 1210 587 i

181 654 244 721 sol
515 666 559 717 un
580 666 681 718 rasus
701 664 924 718 sumsimus

83 792 86 797 ’
182 834 248 887 nas
274 811 431 885 miserias
453 811 558 904 longe
582 810 669 883 infra
695 832 735 883 se
753 808 886 896 videat,
919 819 957 883 et
987 809 1118 882 inimo
1143 820 1261 901 stans,

181 934 296 1011 adlruc
307 954 471 1031 supernae
486 933 660 1007 felicitatis
677 936 756 1007 luce
764 932 993 1027 resplendeat
1006 934 1080 1008 lloc
1092 956 1179 1008 saue
1189 958 1263 1011 nou

180 1058 316 1133 diuos
345 1065 528 1155 praestana
560 1080 630 1129 non
654 1056 857 1131 insanientis
882 1056 978 1151 vulgi
1002 1060 1164 1154 plausus;
1189 1080 1261 1133 non

180 1158 344 1277 potentia,
367 1202 436 1253 non
460 1182 635 1273 voluptas3
661 1179 725 1253 sad
749 1182 916 1253 virtulum
940 1162 1125 1255 comitatus
1151 1192 1260 1277 atqm

180 1304 287 1377 animi
305 1301 549 1399 tranquillitas,
573 1301 617 1376 ad
642 1326 747 1398 quam
770 1303 1042 1396 adipiscendam,
1075 1304 1259 1379 divorsum

111 1428 116 1437 '
178 1426 328 1501 fortasse
347 1424 424 1499 aliis
443 1423 635 1511 videbitur,
655 1424 720 1498 sed
738 1434 908 1518 quantum
927 1420 1044 1521 opiirio
1063 1448 1144 1499 mea
1169 1429 1256 1515 lert,

178 1550 263 1623 nrlril
282 1568 383 1643 aequo
401 1546 545 1621 adiuvat
559 1570 601 1622 ac
619 1548 787 1622 nobilium
806 1547 1025 1642 ingeniorum
1042 1548 1259 1625 familiarilas

178 1680 214 1745 et
231 1672 403 1742 clarorum
422 1668 579 1741 virorum
598 1669 828 1742 conversatio.
856 1669 992 1755 Cernis,
1018 1680 1058 1743 ut
1081 1670 1255 1759 arbitror,

178 1792 266 1887 quid
280 1790 468 1875 intendam3
489 1791 601 1864 dicam
622 1802 737 1864 tamen
757 1792 975 1886 expressius.
995 1791 1083 1877 Quis
1103 1792 1141 1865 in
1159 1794 1257 1867 (irar-

177 1916 232 1992 ciu
244 1914 379 1991 clarior
397 1914 650 1987 Themistocle?
667 1924 707 1987 ut
730 1914 779 1987 ait
797 1916 940 1989 Tullius.
967 1916 1043 2009 Ego
1067 1914 1258 1991 fidentissi-

177 2061 251 2113 me:
270 2038 350 2133 quis
369 2036 532 2123 initalia,
551 2037 728 2125 imovero,
743 2038 823 2134 quis
840 2039 876 2109 iu
892 2040 1034 2134 Europa
1049 2039 1179 2113 clarior
1189 2042 1258 2115 llo·

177 2158 298 2234 herto‘l
316 2161 356 2232 ln
376 2184 446 2254 quo
467 2182 563 2259 saepe
583 2160 741 2253 cogitaru
767 2162 863 2235 soleo
882 2182 952 2233 non
977 2170 1049 2233 tam
1069 2160 1253 2251 diadema,

176 2304 282 2378 quam
302 2304 430 2370 mores,
452 2306 567 2379 neque
587 2295 658 2357 tam
676 2306 834 2377 regnum,
849 2303 955 2379 quam
973 2285 1129 2358 animum
1146 2285 1258 2359 admi·

177 2407 258 2478 rari.
279 2408 376 2478 lllum
398 2429 465 2501 ego
485 2430 570 2479 vere
589 2430 708 2498 regem
728 2406 890 2492 dixerim,
913 2407 974 2501 qui
1000 2428 1068 2479 non
1095 2407 1255 2481 subditos

177 2530 291 2613 modo,
328 2530 391 2602 sed
417 2530 595 2623 seipsum
622 2528 710 2621 regit
734 2551 774 2600 ac
798 2530 926 2612 irenat3
959 2530 1019 2623 qui
1051 2542 1198 2604 exercet
1222 2532 1256 2603 in

177 2652 360 2746 passiones
382 2672 465 2723 suas
486 2650 681 2744 imperium,
705 2672 786 2746 quae
807 2660 889 2722 sunt
905 2651 1019 2724 animo
1032 2652 1199 2740 rebelles,
1217 2654 1257 2724 il-

176 2776 262 2860 lum,
285 2775 315 2845 si
335 2774 496 2858 cesserit,
517 2776 751 2869 oppressurae.
776 2774 819 2846 Ut
838 2776 933 2847 nulla
952 2785 1006 2847 est
1026 2777 1168 2868 quidem
1187 2779 1256 2850 ola·

176 2894 247 2968 rior
261 2894 406 2967 victoria
423 2915 528 2988 quam
542 2916 581 2966 se
593 2893 710 2989 ipsum
726 2894 879 2980 vincere,
895 2896 946 2968 sio
957 2899 1089 2968 nullum
1107 2920 1256 2991 regnum

176 3019 280 3091 altius
311 3040 417 3112 quam
438 3040 478 3090 se
502 3018 615 3113 ipsum
637 3006 769 3111 regare.
799 3018 980 3103 Quomodo
999 3019 1056 3091 ille
1081 3020 1167 3092 mihi
1193 3042 1256 3093 rex

175 3143 249 3228 erit,
268 3142 304 3213 in
320 3166 426 3236 quem
443 3151 566 3235 regnat
585 3142 747 3215 ambilio‘l
766 3142 947 3227 Quomodo
963 3142 1126 3228 invictus
1149 3166 1255 3237 quem

175 3266 298 3337 sternit
314 3267 535 3339 adversitas?
554 3266 734 3352 Quomodo
752 3288 907 3351 serenus,
926 3290 1031 3360 quem
1049 3290 1180 3340 moeror
1193 3268 1256 3341 ob-

174 3389 328 3461 nubilat?
340 3390 520 3474 Quomodo
533 3390 784 3481 magnanimus,
799 3412 901 3485 quem
916 3388 1135 3461 minimarum
1148 3392 1254 3463 etiam

174 3533 290 3584 rerum
307 3533 417 3605 pavor
436 3513 633 3584 exanimati
651 3512 709 3595 Et,
729 3522 767 3582 ut
783 3511 914 3602 fulgida
931 3512 1096 3585 virtutum
1113 3514 1254 3585 nomina

174 3646 362 3722 taceamus
385 3634 463 3730 quis
486 3634 569 3707 mihi
589 3634 738 3705 liborum
757 3633 850 3706 dicet
868 3656 949 3706 eum
969 3636 1029 3728 qui
1050 3635 1253 3729 cupidinum

173 3759 350 3832 variarum
371 3758 454 3851 iugo
476 3756 645 3850 premitur
663 3757 968 3851 multiplicillnlra
983 3758 1179 3831 omuiaista
1191 3760 1254 3832 de-

174 3883 350 3954 scendam.
373 3881 449 3965 Qua
469 3883 578 3952 lroute
598 3879 772 3951 hominem
799 3878 961 3966 dicimus,
987 3902 1093 3974 quem
1120 3882 1253 3954 scimus

173 4028 220 4079 ex
241 4006 379 4078 homine
399 4004 483 4076 nihil
508 4013 634 4097 praeter
659 4002 787 4073 nudam
813 4002 961 4096 effigiem
986 4003 1151 4088 retinere,
1178 4004 1253 4077 bel-

173 4130 308 4200 luarum
321 4128 476 4200 moribus
494 4127 696 4210 deformem,
714 4138 750 4199 et
766 4148 940 4199 saevorum
958 4128 1185 4200 animantium
1202 4131 1252 4201 le-

174 4250 272 4321 ritale
292 4250 503 4323 terribilem?
520 4251 608 4322 lllira
623 4271 717 4343 ergo,
736 4250 814 4322 licet
829 4250 975 4347 publica,
990 4251 1175 4337 dementia,
1195 4272 1251 4323 re·

174 4393 253 4463 gem
266 4395 346 4443 eum
359 4374 486 4459 dicere,
501 4374 560 4467 qui
578 4396 643 4445 nec
659 4397 724 4446 rex
741 4397 805 4447 nec
821 4375 909 4446 liber
925 4385 960 4447 et
977 4396 1073 4469 saepe
1086 4396 1130 4445 ne
1144 4374 1249 4447 homo

173 4491 314 4587 quidem
335 4494 389 4565 sit.
410 4498 574 4589 Magnum
591 4507 656 4579 est,
675 4518 794 4588 regem
809 4519 905 4581 esse,
924 4498 1171 4593 perexiguum,
1195 4518 1249 4569 ro-
