2692 5024
401 642 493 691 nnan
516 640 884 690 omarus-annona
907 641 946 690 vr.
1148 627 1205 688 tat

127 799 238 860 ctatos
263 789 415 873 noveris,
445 788 565 858 nuntie
591 799 649 859 tuo
681 809 813 859 mecum
842 784 994 879 syllabas
1021 786 1207 867 metiente3

128 912 175 981 ita
197 914 346 983 utnulla
368 921 437 982 tam
457 909 577 981 brevis
597 909 713 993 fuerit4
733 929 815 1002 quee
835 906 986 978 sibinen
1005 906 1208 997 longissima

128 1032 316 1104 videretur.
340 1033 434 1102 Vale.

543 1463 719 1527 EPISTULA
740 1465 795 1527 Vll.

280 1652 474 1703 Fatuclscus
498 1652 667 1700 PETRARCA
689 1651 826 1700 socnam
847 1652 906 1702 SUO
929 1653 954 1702 S.
976 1656 1004 1702 P.
1027 1657 1057 1703 D.

128 1831 168 1886 De
183 1836 271 1885 morte
285 1832 407 1902 plurium
422 1822 575 1885 amicorum
594 1836 621 1884 et
635 1829 669 1883 de
688 1829 782 1899 clade,
802 1847 886 1902 quarn
905 1832 990 1903 pestis
1010 1834 1111 1905 ubique
1126 1834 1207 1904 fecit,

199 1938 292 1976 amare
308 1921 503 1992 conqueritur:
519 1921 632 1975 nunciat
645 1921 753 1975 obitum
767 1921 899 1992 Paganini
915 1927 943 1976 et
960 1923 1073 1978 insidias
1092 1931 1210 1981 structas

199 2010 341 2065 Maiuardo
355 2016 384 2064 et
398 2010 489 2064 Lucae.

228 2242 272 2311 llli
294 2245 414 2325 frater,
443 2241 488 2311 mi
515 2243 633 2326 frater,
661 2242 707 2311 mi
734 2244 861 2314 irater:
896 2265 1026 2314 novum
1053 2245 1212 2337 epistolae

130 2364 358 2458 principium:
390 2363 457 2436 imo
487 2365 688 2459 antiquum,
720 2377 756 2438 et
793 2379 872 2439 ente
903 2370 996 2441 mille
1025 2373 1098 2441 fere
1126 2391 1213 2463 qua-

130 2487 334 2578 dringentos
348 2509 458 2558 annos
476 2511 495 2558 a
514 2489 630 2560 Marco
649 2490 757 2561 Tullio
776 2502 993 2583 usurpatum.
1014 2494 1089 2563 Heu
1108 2492 1208 2562 mihi!

130 2614 236 2681 trater
253 2610 501 2694 amantissime,
519 2611 604 2702 quid
617 2611 759 2682 dicam?
778 2613 875 2686 Unde
892 2613 1037 2686 ordiar?
1054 2614 1212 2697 Quonam

131 2736 278 2804 vertar?
312 2732 470 2824 Undique
503 2733 614 2817 dolor,
653 2745 762 2805 terror
798 2735 961 2829 undique.
997 2736 1034 2808 ln
1061 2762 1116 2810 me
1143 2762 1212 2826 uno

129 2857 252 2927 videas
282 2852 377 2947 quod
408 2854 453 2925 de
489 2865 581 2924 tanta
616 2857 705 2928 urbe
736 2858 830 2950 apud
858 2858 1040 2949 Virgilium
1075 2858 1213 2950 legisti:

130 3003 211 3051 nam

654 3142 785 3206 erudelis
803 3143 917 3223 ubique

251 3239 383 3314 Luctus,
401 3239 515 3318 ubique
531 3254 645 3319 pavor,
664 3247 693 3301 et
709 3241 841 3320 plurima
858 3243 968 3305 mortis
986 3243 1096 3323 imago.

135 3471 281 3552 Utinam,
302 3471 415 3550 irater,
435 3480 496 3538 aut
512 3491 689 3563 nunquam
708 3481 826 3557 natus,
846 3485 907 3545 aut
924 3476 1020 3568 prius
1037 3478 1212 3549 extinctus

133 3595 260 3665 sorem!
284 3592 386 3675 Quod
407 3592 436 3661 si
454 3614 547 3662 nunc
567 3601 687 3684 optare
706 3616 825 3685 cogor,
848 3596 934 3687 quid
954 3596 1128 3668 dicturum
1150 3621 1215 3691 pu-

135 3710 188 3786 tas
218 3715 248 3786 si
273 3714 318 3786 ed
342 3722 535 3784 extremam
564 3724 776 3786 senectutem
803 3720 959 3787 venero?
984 3717 1039 3789 ad
1064 3741 1169 3810 quam
1193 3743 1215 3793 0

134 3838 263 3910 utinam
286 3859 354 3907 non
373 3837 553 3907 venirem!
579 3836 647 3908 Sed
667 3839 817 3922 veniam,
841 3839 958 3922 timeo,
980 3861 1050 3910 non
1075 3850 1113 3910 ut
1137 3841 1216 3912 diu-

135 3961 204 4032 tius
230 3961 363 4043 vivem,
392 3961 456 4032 sed
485 3970 522 4029 nt
545 3959 606 4030 diu
631 3960 769 4032 moriar.
798 3959 913 4030 Nosco
946 3959 1074 4030 etenim
1106 3962 1215 4032 latum

135 4106 268 4167 meum,
291 4091 327 4154 et
347 4082 477 4153 sensim
505 4083 659 4172 intelligo
684 4082 729 4153 ad
754 4080 838 4173 quid
865 4082 899 4150 in
925 4080 1015 4151 hanc
1041 4102 1217 4155 aerumno·

136 4227 211 4275 sam
232 4215 268 4274 et
287 4205 456 4275 infelicem
478 4204 585 4273 vitam
608 4203 674 4273 sim
694 4201 883 4296 proiectus.
906 4204 982 4272 Heu
1003 4202 1104 4271 mihi!
1132 4205 1218 4274 Fra-

136 4339 190 4397 ter
210 4327 351 4420 optime,
377 4327 471 4418 piget
491 4347 538 4393 ex
560 4321 688 4392 intimis
710 4344 751 4392 ae
771 4324 912 4392 miseret
936 4346 991 4393 me
1018 4323 1097 4395 mei.
1124 4325 1216 4409 Quid

134 4448 244 4535 enim,
266 4448 384 4520 dicent
409 4445 468 4538 qui
494 4445 570 4514 haee
590 4443 759 4515 audient?
785 4453 837 4528 tu,
865 4445 924 4537 qui
944 4447 1098 4518 solamen
1116 4446 1218 4520 auxi-
