2692 5024
398 702 492 751 crosa
515 701 885 753 ocrnvus-earsrom
907 704 958 752 vn.
1154 692 1211 754 tsi

134 845 224 915 renti
245 841 315 937 (sic)
337 844 546 915 occurrisset
567 864 658 914 unas
679 864 724 914 ex
747 845 864 937 pueris
891 845 977 916 meis
1004 856 1213 919 secretorum

135 967 218 1037 mihi
239 965 401 1037 conscius
422 965 596 1051 dolorum,
617 975 653 1036 et
672 988 721 1038 ex
741 988 901 1038 sermone
917 967 1081 1053 hominis,
1102 979 1140 1041 ut
1160 969 1212 1056 fit,

134 1091 236 1161 etiam
255 1088 401 1182 patriam
418 1087 658 1179 cognovisset,
678 1089 767 1159 uitro
780 1087 898 1159 verbis
911 1109 991 1158 eum
1006 1087 1212 1179 aggressus,

133 1210 307 1303 inquirere
333 1210 438 1304 eoepit
462 1231 506 1280 an
531 1209 575 1280 de
601 1210 666 1281 hoc
690 1209 878 1280 amicorum
905 1219 1104 1281 nostrorum
1129 1233 1213 1284 casu

135 1343 256 1404 noscat
276 1333 418 1425 aliquid.
437 1334 481 1403 Et
500 1354 579 1404 cum
606 1353 711 1403 nosse
736 1333 850 1403 omnia
877 1333 1070 1416 videretur,
1098 1333 1216 1406 horta·

133 1463 191 1526 tus
217 1466 272 1526 est
298 1463 336 1525 ut
361 1476 496 1526 mecum
521 1452 633 1545 loqui,
661 1462 696 1525 et
715 1453 878 1525 infestum
905 1453 1094 1526 dubietatis
1125 1477 1214 1528 meae

133 1577 263 1650 nodum
289 1578 394 1648 vellet
418 1576 613 1648 absolvere.
639 1576 685 1646 At
709 1577 779 1660 itte,
807 1576 926 1646 audito
955 1576 1093 1648 nomine
1119 1600 1212 1662 meo,

132 1699 284 1791 alioquin
301 1699 379 1769 iicet
399 1698 483 1767 mihi
503 1696 712 1788 incognitus,
732 1697 880 1788 benigna
898 1697 1101 1782 admodum,
1126 1701 1214 1769 mul-

92 1796 95 1809 *
135 1820 179 1892 tis
199 1820 460 1904 comitantibus,
483 1818 528 1890 ad
548 1817 734 1903 mevenit,
761 1841 864 1911 quem
887 1820 932 1891 de
952 1820 1114 1890 omnibns
1136 1820 1214 1892 dili-

133 1941 335 2034 gentissima
343 1949 576 2036 percontatus,
587 1940 622 2011 in
636 1962 772 2012 summa
783 1940 896 2023 didici,
910 1941 1038 2011 Lucam
1053 1950 1211 2012 nostrum

133 2066 276 2148 vivere3
298 2064 349 2136 sic
368 2075 405 2135 ct
424 2063 518 2158 apud
539 2084 602 2134 nos
624 2063 755 2134 litteras
776 2062 949 2133 Florentia
970 2062 1211 2149 transmissas

133 2187 183 2259 sic
202 2186 374 2282 publicam
396 2189 524 2257 samam
545 2185 650 2278 loqui.
672 2185 723 2255 lta
742 2206 824 2275 ego,
846 2183 941 2276 quod
961 2182 1079 2261 mirari
1101 2194 1137 2256 et
1161 2184 1213 2254 in-

133 2309 269 2400 dignari
291 2311 399 2391 soleo,
421 2306 456 2376 in
477 2307 591 2379 media
612 2307 747 2402 positus
769 2307 878 2391 ltalia,
900 2328 1059 2378 rumores
1079 2307 1212 2379 italicos

132 2431 265 2522 ignoro,
284 2429 396 2500 donec
413 2451 460 2500 ax
472 2429 581 2500 Gallia
597 2429 814 2500 nuncientur.
833 2427 928 2499 Illius
945 2450 1031 2520 ergo
1047 2430 1212 2520 digressu

134 2555 184 2625 sic
205 2551 372 2636 remansi,
394 2551 494 2644 quasi
520 2551 609 2621 inter
628 2551 758 2622 densas
780 2551 884 2622 animi
906 2551 975 2621 mei
996 2550 1109 2623 nubes
1135 2551 1212 2644 qui-

133 2675 212 2747 dam
239 2674 405 2767 insperati
431 2674 547 2764 gaudii
574 2674 693 2746 radius
719 2682 948 2769 penetrasset.
980 2675 1060 2745 Heri
1093 2684 1210 2745 autem

131 2819 210 2867 eum
231 2797 299 2865 iam
319 2796 648 2888 advesperasceret,
668 2796 832 2867 sacerdos
854 2795 995 2887 quidam
1015 2816 1139 2878 senex,
1162 2797 1213 2867 sa-

130 2917 274 2988 miliaris
295 2936 408 2998 meus,
431 2916 476 2986 ad
496 2938 553 2987 me
572 2917 855 2990 lacrimabundus
877 2917 1036 3001 accessit,
1064 2938 1211 2989 narrans

131 3038 294 3113 nuncium
308 3038 494 3131 quemdam
508 3039 552 3110 de
566 3039 692 3111 Tuscia
704 3039 899 3110 venientem
918 3038 1042 3122 dicere,
1061 3037 1212 3110 Mainar·

130 3164 214 3236 dum
234 3183 304 3233 non
326 3162 453 3245 solum,
474 3160 536 3232 sed
556 3184 635 3233 curn
653 3162 730 3233 aliis
751 3161 914 3253 periisse,
938 3160 1033 3253 quod
1055 3161 1210 3232 audienti

131 3286 229 3370 mihi,
260 3284 305 3355 de
335 3293 473 3378 pectora
502 3282 633 3367 statim,
665 3283 807 3354 alterius
834 3284 958 3355 iniecta
989 3284 1126 3375 sagitta,
1155 3306 1212 3355 se-

130 3406 261 3483 renitas
282 3406 395 3476 omnis
416 3404 531 3478 ablata
549 3414 615 3475 est.
638 3405 707 3475 Sed
727 3404 790 3475 vix
811 3406 895 3477 dum
917 3405 1081 3477 sacerdos
1101 3405 1211 3478 verba

130 3531 377 3623 compleverat,
402 3538 438 3599 et
462 3549 542 3599 ecce
567 3535 739 3599 mercator
770 3525 909 3618 quidam
941 3526 1209 3599 Mediolanensis

130 3659 233 3721 notus
254 3672 369 3734 meus,
392 3652 518 3734 locum,
541 3648 574 3719 in
596 3671 667 3742 quo
686 3657 836 3720 moestus
864 3671 978 3731 eram,
1003 3647 1206 3739 ingreditur,

131 3774 241 3843 salute
259 3773 341 3844 data
357 3781 393 3843 et
413 3771 559 3843 reddita.
575 3771 672 3854 Cum,
687 3770 812 3862 inquit,
831 3769 896 3842 hac
916 3768 1100 3841 transitum
1117 3771 1210 3840 sace-

131 3913 218 3976 rem,
245 3892 390 3963 audiens
410 3891 503 3985 quod
526 3890 582 3962 hic
601 3912 716 3973 esses,
744 3891 847 3962 licere
872 3888 957 3959 mihi
983 3909 1052 3958 non
1076 3889 1209 3960 credidi

132 4013 207 4083 sine
231 4023 419 4105 conspectu
444 4023 480 4084 et
503 4009 675 4103 colloquio
700 4019 759 4081 tuo
784 4010 957 4102 progredi.
985 4010 1132 4091 Urbane,
1155 4010 1209 4078 in-

130 4155 251 4225 quam;
285 4135 349 4206 sed
375 4136 467 4206 uude
499 4156 592 4205 nunc
617 4142 650 4204 te
682 4132 854 4203 revehis?
885 4132 1047 4215 Quartus
1081 4130 1205 4222 inquit,

129 4256 204 4328 dies
221 4267 287 4343 est,
306 4279 352 4327 ex
368 4280 439 4350 quo
458 4257 631 4329 Florentia
649 4254 808 4326 discessi.
832 4255 886 4338 Et,
908 4257 1002 4325 Deus
1024 4254 1128 4335 bone,
1155 4251 1207 4321 in-

129 4401 250 4472 quam,
276 4399 411 4470 quaese,
433 4379 561 4470 quibus
587 4376 767 4448 itineribus
796 4376 1018 4447 transivisti?
1041 4377 1204 4459 Rectum,

130 4499 255 4594 inquit,
278 4498 344 4571 iter
363 4499 465 4591 aequi
483 4522 552 4573 non
572 4501 677 4594 potui.
697 4496 835 4571 Audisti
853 4499 957 4582 enim,
980 4510 1019 4569 ut
1041 4497 1204 4583 arbitror,
