2692 5024
206 678 265 740 :llll
545 684 586 733 ue
608 682 708 732 nanus
728 682 953 733 raurnurunus

206 846 333 910 vocant
351 834 474 907 eadem
496 834 583 906 ratio
603 841 660 903 est
687 850 769 923 quaa
794 828 939 902 invidiae
967 830 1049 901 luit.
1069 830 1170 905 Gula
1189 844 1297 907 auten

206 982 248 1033 ac
271 959 376 1032 libido
403 978 498 1051 saepe
520 955 595 1026 suis
615 955 778 1025 truantur
796 950 947 1037 deliciis,
961 951 1104 1047 quibus
1125 958 1296 1041 exultem,

206 1096 243 1157 et
266 1083 394 1177 gaudia
411 1079 558 1171 fugitiva
575 1076 779 1172 percipiunt.
801 1073 960 1147 Avaritia
977 1078 1080 1147 nulla
1109 1100 1154 1151 re
1171 1080 1297 1165 fruitur,

207 1208 276 1280 nisi
295 1205 389 1278 curis
414 1199 642 1274 avarissimis,
668 1199 758 1269 Dum
778 1196 871 1269 enim
892 1198 1105 1290 quaerendis
1128 1200 1255 1287 inhiat,
1270 1211 1299 1275 et

207 1333 265 1402 illa
280 1349 351 1399 non
369 1325 486 1407 babet,
500 1333 535 1394 et
546 1319 695 1415 quaesita
707 1342 777 1391 non
794 1318 906 1403 videt,
921 1318 989 1391 nisi
1006 1318 1057 1392 ad
1075 1323 1296 1417 supplicium:

208 1452 289 1523 binc
308 1447 455 1541 trepida,
475 1444 555 1515 inde
572 1442 727 1514 sollicita.
741 1441 829 1525 Quae
841 1462 924 1553 cum
936 1440 985 1513 ita
1000 1442 1092 1527 sint,
1123 1442 1207 1517 inre
1224 1468 1298 1518 ava-

207 1573 286 1643 ritia
303 1590 462 1641 sororum
482 1567 637 1639 omnium
654 1562 938 1657 pestilentissima
954 1560 1026 1635 dici
1043 1575 1188 1657 potest,
1202 1590 1297 1661 quan

207 1690 352 1763 radicem
371 1692 535 1760 maloram
560 1689 711 1760 omnium
739 1694 842 1757 vocat
873 1684 1081 1778 Apostolus.
1116 1689 1197 1762 Nec
1229 1712 1297 1764 sum

209 1813 348 1886 nescius
368 1821 403 1883 te
424 1812 540 1884 mirari
560 1811 646 1904 quid
666 1808 770 1880 bodie
791 1816 905 1878 tecum
925 1805 1006 1891 bac,
1035 1820 1076 1879 ut
1098 1810 1221 1899 aiunt,
1243 1813 1296 1883 im

209 1947 357 2034 portuna
377 1932 595 2029 philosophia
615 1942 742 2027 praeter
763 1930 904 2002 solitum
921 1930 971 2000 uti
991 1930 1119 2003 velim.
1144 1935 1227 2027 Ego
1244 1956 1296 2007 au·

208 2072 364 2132 lemnon
386 2067 421 2129 te
441 2057 570 2149 magis,
591 2076 697 2149 quam
718 2053 883 2125 mortales
904 2053 978 2123 iere
997 2072 1147 2139 omnes,
1161 2068 1201 2129 et
1217 2078 1294 2151 prae

208 2182 309 2276 cipue
327 2191 425 2253 tunm
446 2200 559 2271 genus
581 2180 751 2270 alloquor,
778 2176 868 2245 inter
890 2174 985 2267 quos‘
1007 2176 1178 2251 maxime
1196 2190 1234 2251 et
1248 2200 1293 2249 so

209 2306 293 2377 lium
312 2303 486 2397 posuisse,
508 2312 545 2372 et
564 2300 733 2370 vexillum
753 2294 878 2368 fixisse
894 2295 1025 2368 victrix
1045 2298 1141 2369 mibi
1164 2300 1294 2373 videtur

208 2437 245 2498 et
273 2426 460 2520 imperiosa
493 2423 675 2517 cupiditas,
709 2420 810 2505 Quod
829 2441 871 2490 eo
897 2418 1146 2512 indignantius
1182 2426 1291 2505 miror,

209 2573 279 2646 quo
300 2550 412 2619 minor
436 2546 538 2618 vobis
558 2544 760 2640 cupidinum
780 2564 888 2614 causa
919 2553 985 2613 est.
1022 2544 1089 2614 Cui
1112 2549 1214 2617 enim
1239 2548 1293 2618 hos

209 2671 285 2743 auri
306 2673 464 2742 cumulos
477 2667 673 2740 acervatis‘.t
686 2666 856 2757 Legitima
876 2663 1018 2758 quidem
1042 2665 1153 2739 vobis
1175 2680 1292 2762 negata

209 2794 407 2889 posteritas;
429 2813 493 2863 vos
515 2811 641 2885 parcus
661 2799 698 2861 et
716 2789 868 2880 exiguus
881 2790 995 2860 cultus
1015 2787 1132 2861 decet.
1154 2793 1292 2886 Reliqua

209 2937 402 3010 pauperum
425 2913 551 2986 Christi
570 2923 666 2997 sunt,
685 2933 773 3006 quos
791 2911 963 2995 fraudare,
982 2912 1216 3008 precarique
1235 2938 1292 2987 noo

211 3039 352 3123 timetis
368 3036 508 3109 domino
522 3035 656 3107 illorum
671 3043 851 3126 spectante
871 3033 1037 3126 desuper,
1060 3044 1098 3106 et
1117 3038 1292 3110 minitante

208 3162 413 3241 vindictam3
434 3169 470 3230 et
489 3158 631 3230 nescitis
652 3157 708 3227 cui
729 3165 888 3227 vestrum
913 3155 1045 3227 crimen
1069 3158 1160 3232 utile
1181 3163 1228 3235 sit
1250 3164 1293 3233 lu·

211 3292 341 3366 lurum,
376 3281 471 3374 quod
498 3279 597 3352 vobis
625 3252 760 3349 interim
788 3277 998 3349 laboriosum
1019 3279 1293 3378 pestiferumque

208 3413 243 3474 et
263 3405 439 3473 funestum
459 3413 524 3473 est.
543 3402 640 3471 Mulli
667 3422 705 3470 se
723 3409 862 3494 propter
880 3397 969 3470 filios
986 3416 1182 3490 excusant,
1201 3405 1294 3477 etvi-

211 3529 258 3603 tio
278 3531 384 3602 animi
403 3534 522 3602 velum
543 3529 681 3623 pietatis
702 3528 910 3600 obtenditur.
942 3528 1000 3600 Sic
1025 3518 1157 3617 leaena,
1189 3534 1240 3606 sic
1259 3533 1293 3603 ti-

210 3654 283 3746 gris
297 3652 350 3737 lit,
366 3653 486 3736 enixa,
502 3653 659 3724 ferocior:
678 3661 714 3722 et
725 3652 886 3722 animalia
900 3660 1088 3723 mansueta
1101 3676 1213 3728 novae
1226 3677 1295 3749 pro

209 3776 251 3847 lis
274 3799 370 3848 amor
403 3785 603 3867 exasperat.
634 3774 743 3845 Vobis
777 3771 960 3844 excusatio
993 3774 1100 3859 nulla,
1137 3781 1294 3851 velamen

210 3899 284 3969 vitii
306 3899 439 3970 nullum
460 3908 524 3968 est.
548 3896 638 3968 Ante
657 3896 761 3968 totius
782 3895 877 3968 orbis
890 3896 1011 3967 oculos
1024 3895 1111 3969 nudi
1124 3902 1234 3987 estis,
1249 3899 1296 3974 di-

210 4022 351 4115 gitoque
364 4018 605 4092 monstramini
620 4021 824 4113 populorum
839 4018 992 4089 omnium
1007 4041 1088 4091 cum
1102 4022 1297 4117 exprobra-

210 4142 301 4215 tione
327 4140 491 4215 mordaci.
518 4143 608 4214 Eece
633 4140 788 4227 virtutis,
816 4141 991 4234 inquiunt,
1015 4162 1220 4235 praecones,
1242 4143 1296 4239 qui

209 4288 288 4336 cum
315 4264 359 4336 de
383 4265 457 4349 ‚vita
476 4273 607 4335 aeterna
636 4264 750 4357 deque
777 4262 881 4334 animi
905 4261 1063 4333 libertate
1085 4267 1204 4339 multa
1229 4288 1299 4338 ma·

211 4385 336 4475 gnificc
362 4388 557 4479 loquantur,
593 4387 668 4458 sine
700 4407 808 4459 causa
838 4397 952 4457 tamen
976 4395 1012 4456 et
1041 4389 1298 4480 temporalibus

211 4504 352 4587 addicti,
374 4518 411 4578 et
430 4508 587 4579 avaritiae
613 4510 708 4581 servi
729 4520 820 4581 sunt.
842 4510 892 4581 lle
911 4507 1004 4580 enim
1030 4530 1135 4597 vera,
1162 4514 1235 4587 atsi
1259 4514 1300 4587 de
