2692 5024
198 646 259 713 tro
533 656 577 708 nn
595 656 698 708 uanos
718 654 942 707 annuamus

196 804 382 877 Araneam.
400 798 581 894 Principiis
600 797 836 872 resistendum
854 809 924 872 est:
948 800 1044 873 oolla
1067 799 1197 875 melius
1221 824 1278 877 ce-

197 926 331 999 sistitur
347 944 427 1020 cpe,
448 942 554 1019 qnam
574 921 714 1015 vigiliis,
747 918 880 1007 labore,
915 919 1053 995 ieiunio.
1085 922 1183 1008 Vidi,
1209 946 1279 1020 ego

195 1068 297 1145 puer,
323 1046 487 1120 iuvenem
512 1043 756 1141 podagricum:
780 1042 946 1117 eumdem
971 1066 1092 1119 senem
1119 1047 1279 1143 podagra

194 1171 344 1245 liberum
366 1169 491 1244 revidi.
523 1167 681 1253 Quaesivi
713 1190 873 1241 causam:
900 1168 1032 1242 nullam
1060 1170 1157 1243 mihi,
1172 1172 1278 1247 aliam

188 1293 357 1391 reddidit,
378 1314 485 1389 quam
504 1291 600 1387 quod
620 1312 660 1364 se
675 1291 759 1365 vino
778 1291 918 1386 penitus
933 1290 1146 1366 abdicasset.
1158 1296 1280 1369 Refert

195 1420 329 1508 Cicero,
348 1428 386 1492 et
404 1427 485 1516 post
503 1418 705 1491 Ciceronem
724 1417 798 1491 alii:
818 1418 994 1513 quosdam
1018 1418 1149 1493 divites
1169 1421 1278 1516 poda·

194 1564 260 1637 gra
277 1542 430 1627 inutiles,
451 1562 532 1613 cum
551 1562 725 1636 pauperes
744 1541 825 1615 iacti
841 1550 977 1628 esseut,
998 1540 1139 1616 sanitati
1158 1544 1279 1619 reddi·
1322 1630 1327 1641 ¹

195 1675 261 1739 tos.
281 1666 360 1737 Nou
377 1662 491 1737 audeo
514 1663 636 1736 iubere
662 1674 701 1737 ut
727 1664 776 1738 sis
800 1686 947 1760 pauper:
967 1664 1132 1759 quamvis
1157 1666 1279 1743 iubere

103 1838 107 1845 -
194 1812 265 1885 non
282 1789 329 1862 sit
345 1808 504 1875 nemeae,
527 1788 558 1862 si
578 1787 687 1883 sapis.
708 1787 802 1860 luter
817 1798 948 1861 caetera
963 1787 1147 1883 pmfessus
1166 1810 1219 1876 es,
1240 1800 1280 1864 ut

194 1913 308 2000 audio,
330 1919 556 2011 spontaneam
576 1918 827 2009 paupertatem.
845 1909 902 1983 An
917 1910 1089 1985 meuticr‘l
1106 1912 1211 1987 Certe
1226 1914 1279 1987 iu-

195 2046 249 2109 tra
267 2035 470 2129 religiosum
489 2032 608 2121 limen,
626 2042 663 2107 et
678 2032 875 2128 praesertim
891 2033 982 2107 intra
997 2036 1161 2109 cellulam
1178 2058 1279 2111 men·

194 2158 354 2246 dicentis
375 2160 493 2231 nullus
517 2157 648 2232 divitiis
673 2160 772 2231 locus
804 2165 869 2229 est.
903 2157 1087 2254 Opnlentia
1119 2144 1277 2265 enimet

196 2281 401 2357 mendicitas
420 2304 490 2356 non
506 2280 663 2354 habitant
679 2281 795 2354 simul.
813 2280 849 2352 Si
865 2292 1054 2377 paupertas
1065 2282 1275 2371 excluditur,

195 2428 321 2480 vercor
339 2428 384 2478 nc
404 2427 474 2477 non
495 2414 566 2476 tam
586 2427 724 2489 aurum,
745 2426 860 2499 quam,
882 2404 978 2498 qood
997 2404 1046 2476 ait
1061 2404 1275 2501 Apostolus,

196 2525 414 2598 thesaurizes
434 2526 521 2598 iram
541 2527 577 2597 in
596 2526 653 2598 die
674 2526 745 2598 irae.
767 2527 817 2597 De
843 2525 911 2599 hcc
936 2535 1051 2600 tamen
1077 2528 1154 2624 ipse
1180 2531 1279 2606 vide·

195 2648 257 2734 ris,
279 2648 339 2740 qui
356 2648 540 2734 ioedcrum,
559 2670 640 2743 quae
660 2672 739 2721 cum
757 2648 896 2722 Christo
912 2648 1038 2735 habea,
1057 2652 1190 2745 optime
1205 2676 1279 2728 me-

194 2769 334 2842 ministi.
356 2771 392 2840 Si
411 2768 540 2842 oblitus
565 2792 620 2855 es,
647 2772 766 2865 relege
786 2781 966 2866 pactorum
990 2772 1275 2871 chirographum.

194 2883 356 2966 Invenies
372 2893 457 2988 quid
476 2902 514 2967 tu
534 2895 582 2966 illi
602 2895 820 2992 promiseris,
842 2896 928 2991 quid
947 2897 1004 2968 ille
1024 2896 1096 2967 tibi.
1115 2898 1204 2992 Ego,
1226 2901 1278 2973 in·

193 3041 311 3116 quam,
334 3040 404 3092 nou
424 3017 528 3091 iubeo
547 3030 587 3092 ut
606 3040 738 3114 pauper
759 3019 824 3103 sis;
844 3040 913 3090 non
934 3018 1017 3115 quia
1041 3019 1101 3092 vel
1122 3020 1188 3094 tihi
1206 3044 1276 3096 nou

36 3142 40 3149 '
193 3142 347 3238 expedit,
371 3143 425 3214 vel
445 3163 503 3215 me
522 3165 592 3215 non
611 3142 714 3215 decet
732 3151 769 3214 et
788 3142 947 3237 ampiecti
967 3141 1070 3216 fidele
1089 3143 1275 3221 consilium

193 3273 229 3336 et
247 3265 348 3348 dare;
369 3264 433 3337 scd
452 3266 534 3360 quia
554 3265 648 3360 piget
667 3264 777 3337 verba
797 3266 1018 3360 profundere,
1040 3274 1076 3338 et
1096 3267 1276 3340 incassum

194 3385 298 3481 loqui.
318 3387 429 3460 Video
448 3387 542 3458 enim
562 3388 676 3484 ipsum
711 3388 772 3460 tibi
805 3389 1017 3483 paupertatis
1037 3410 1168 3463 nomeu
1194 3390 1275 3462 lacr-

193 3509 340 3582 rendum
364 3520 399 3583 et
426 3510 687 3603 inlamc;·quod
712 3511 791 3583 licet
814 3515 998 3608 amplexus
1020 3512 1078 3598 sis,
1098 3513 1275 3609 deponere

194 3644 316 3730 sponte
329 3656 398 3706 non
414 3635 524 3730 potes.
543 3633 631 3705 Illud
646 3635 765 3706 saltem
779 3638 932 3722 consulo,
949 3634 1053 3708 vivas
1070 3645 1111 3708 ut
1126 3658 1274 3733 pauper:

193 3758 269 3830 haec
293 3768 348 3830 est
367 3759 424 3828 illa
449 3777 529 3850 quae
554 3778 574 3827 a
599 3755 815 3854 philosophis
839 3759 1019 3852 frugalitas
1046 3758 1189 3848 dicitur,
1212 3780 1275 3834 vc·
1312 3794 1315 3801 ·

192 3881 339 3954 lactaria
358 3888 556 3976 paupertas.
584 3880 679 3976 Hanc
705 3879 766 3950 tibi
792 3880 937 3965 suadeo;
963 3883 1054 3956 hauc
1079 3883 1142 3956 tibi
1168 3906 1273 3957 unam

191 4004 284 4077 viam
305 4024 483 4100 corporeae
504 4003 626 4075 salutis
639 4003 796 4076 ostendo.
815 4003 913 4077 Alter
926 4007 986 4078 tihi
1004 4007 1131 4080 adsum
1144 4010 1276 4107 Hippo-

191 4137 316 4199 crates.
338 4125 505 4200 Amorum
526 4128 613 4201 sorte
634 4127 698 4200 sed
716 4127 855 4200 salubre
872 4129 1099 4224 pharmacum
1117 4132 1273 4207 offertur.

192 4249 303 4321 Siris
325 4273 432 4324 sanus
464 4273 557 4337 esse,
592 4252 675 4325 vive
710 4261 748 4322 ut
779 4274 920 4349 pauper.
942 4255 1070 4326 Latens
1091 4276 1220 4330 aurum
1239 4258 1274 4329 in

192 4373 309 4444 arcula
329 4376 444 4447 animo
465 4385 599 4449 tantum
619 4388 729 4450 nocet.
757 4377 878 4450 Victus
904 4379 1082 4451 delicatior
1100 4391 1137 4452 et
1157 4382 1274 4454 animo

191 4502 294 4566 uocet
322 4505 358 4563 ct
388 4499 533 4590 corpori.
565 4500 714 4573 Proinde
746 4501 775 4573 si
808 4504 937 4596 pellere
970 4502 1027 4574 vis
1061 4502 1271 4597 podagram,
