<?xml version="1.0" encoding="UTF-8"?>
<!DOCTYPE html PUBLIC "-//W3C//DTD XHTML 1.0 Transitional//EN"
    "http://www.w3.org/TR/xhtml1/DTD/xhtml1-transitional.dtd">
<html xmlns="http://www.w3.org/1999/xhtml" xml:lang="en" lang="en">
 <head>
  <title>
</title>
<meta http-equiv="Content-Type" content="text/html;charset=utf-8" />
  <meta name='ocr-system' content='tesseract 3.04.00' />
  <meta name='ocr-capabilities' content='ocr_page ocr_carea ocr_par ocr_line ocrx_word'/>
</head>
<body>
  <div class='ocr_page' id='page_1' title='image "./epistolaederebu00fracgoog_0402.png"; bbox 0 0 2692 5024; ppageno 0'>
   <div class='ocr_carea' id='block_1_1' title="bbox 247 426 256 451">
    <p class='ocr_par' dir='ltr' id='par_1_1' title="bbox 247 426 256 451">
     <span class='ocr_line' id='line_1_1' title="bbox 247 426 256 451; baseline 0 0"><span class='ocrx_word' id='word_1_1' title='bbox 247 426 256 451; x_wconf 87' lang='grc' dir='ltr'><em>Ι</em></span> 
     </span>
    </p>
   </div>
   <div class='ocr_carea' id='block_1_2' title="bbox 394 652 1209 721">
    <p class='ocr_par' dir='ltr' id='par_1_2' title="bbox 394 652 1209 721">
     <span class='ocr_line' id='line_1_2' title="bbox 394 652 1209 721; baseline 0.004 -12"><span class='ocrx_word' id='word_1_2' title='bbox 394 661 486 710; x_wconf 78' lang='lat' dir='ltr'>cisun</span> <span class='ocrx_word' id='word_1_3' title='bbox 508 662 662 721; x_wconf 78' lang='lat' dir='ltr'>colurus.</span> <span class='ocrx_word' id='word_1_4' title='bbox 675 662 878 712; x_wconf 78' lang='lat' dir='ltr'>-emsronn</span> <span class='ocrx_word' id='word_1_5' title='bbox 899 665 949 713; x_wconf 85' lang='lat' dir='ltr'>xv.</span> <span class='ocrx_word' id='word_1_6' title='bbox 1149 652 1209 714; x_wconf 75' lang='lat'>239</span> 
     </span>
    </p>
   </div>
   <div class='ocr_carea' id='block_1_3' title="bbox 127 810 1293 4606">
    <p class='ocr_par' dir='ltr' id='par_1_3' title="bbox 127 810 1293 4606">
     <span class='ocr_line' id='line_1_3' title="bbox 134 810 1209 908; baseline 0 -23"><span class='ocrx_word' id='word_1_7' title='bbox 134 810 316 904; x_wconf 79' lang='lat' dir='ltr'>Virgilium</span> <span class='ocrx_word' id='word_1_8' title='bbox 342 811 398 884; x_wconf 88' lang='lat' dir='ltr'>illa</span> <span class='ocrx_word' id='word_1_9' title='bbox 423 810 566 884; x_wconf 81' lang='lat' dir='ltr'>felicitas</span> <span class='ocrx_word' id='word_1_10' title='bbox 592 812 719 904; x_wconf 84' lang='lat' dir='ltr'>ingenii</span> <span class='ocrx_word' id='word_1_11' title='bbox 740 813 893 885; x_wconf 91' lang='lat' dir='ltr'>oratione</span> <span class='ocrx_word' id='word_1_12' title='bbox 921 816 1034 885; x_wconf 90' lang='lat' dir='ltr'>soluta</span> <span class='ocrx_word' id='word_1_13' title='bbox 1055 814 1209 908; x_wconf 76' lang='lat' dir='ltr'>reliquit3</span> 
     </span>
     <span class='ocr_line' id='line_1_4' title="bbox 132 934 1210 1028; baseline 0.001 -20"><span class='ocrx_word' id='word_1_14' title='bbox 132 935 332 1008; x_wconf 84' lang='lat' dir='ltr'>Ciceronem</span> <span class='ocrx_word' id='word_1_15' title='bbox 352 934 547 1028; x_wconf 82' lang='lat' dir='ltr'>eloquentia</span> <span class='ocrx_word' id='word_1_16' title='bbox 573 956 637 1008; x_wconf 89' lang='lat' dir='ltr'>sua</span> <span class='ocrx_word' id='word_1_17' title='bbox 665 935 700 1005; x_wconf 93' lang='lat' dir='ltr'>in</span> <span class='ocrx_word' id='word_1_18' title='bbox 724 935 936 1008; x_wconf 84' lang='lat' dir='ltr'>carminibus</span> <span class='ocrx_word' id='word_1_19' title='bbox 967 936 1134 1008; x_wconf 89' lang='lat' dir='ltr'>destituit.</span> <span class='ocrx_word' id='word_1_20' title='bbox 1160 939 1210 1010; x_wconf 90' lang='lat' dir='ltr'>De</span> 
     </span>
     <span class='ocr_line' id='line_1_5' title="bbox 131 1058 1210 1152; baseline 0 -21"><span class='ocrx_word' id='word_1_21' title='bbox 131 1062 273 1131; x_wconf 89' lang='lat' dir='ltr'>Platone</span> <span class='ocrx_word' id='word_1_22' title='bbox 294 1059 378 1152; x_wconf 90' lang='lat' dir='ltr'>quid</span> <span class='ocrx_word' id='word_1_23' title='bbox 398 1058 540 1130; x_wconf 85' lang='lat' dir='ltr'>dicam‘l</span> <span class='ocrx_word' id='word_1_24' title='bbox 568 1059 635 1144; x_wconf 87' lang='lat' dir='ltr'>Qui</span> <span class='ocrx_word' id='word_1_25' title='bbox 667 1059 897 1130; x_wconf 84' lang='lat' dir='ltr'>maximorum</span> <span class='ocrx_word' id='word_1_26' title='bbox 924 1059 1101 1131; x_wconf 90' lang='lat' dir='ltr'>hominum</span> <span class='ocrx_word' id='word_1_27' title='bbox 1128 1082 1210 1131; x_wconf 91' lang='lat' dir='ltr'>con-</span> 
     </span>
     <span class='ocr_line' id='line_1_6' title="bbox 132 1181 1211 1277; baseline -0.003 -22"><span class='ocrx_word' id='word_1_28' title='bbox 132 1204 239 1255; x_wconf 91' lang='lat' dir='ltr'>sensu</span> <span class='ocrx_word' id='word_1_29' title='bbox 258 1181 490 1276; x_wconf 85' lang='lat' dir='ltr'>philosophiae</span> <span class='ocrx_word' id='word_1_30' title='bbox 510 1183 637 1253; x_wconf 87' lang='lat' dir='ltr'>meruit</span> <span class='ocrx_word' id='word_1_31' title='bbox 656 1181 902 1277; x_wconf 81' lang='lat' dir='ltr'>principatum3</span> <span class='ocrx_word' id='word_1_32' title='bbox 928 1205 1008 1254; x_wconf 93' lang='lat' dir='ltr'>cum</span> <span class='ocrx_word' id='word_1_33' title='bbox 1033 1182 1153 1254; x_wconf 89' lang='lat' dir='ltr'>Cicero</span> <span class='ocrx_word' id='word_1_34' title='bbox 1174 1192 1211 1254; x_wconf 91' lang='lat' dir='ltr'>et</span> 
     </span>
     <span class='ocr_line' id='line_1_7' title="bbox 129 1291 1209 1398; baseline 0.001 -24"><span class='ocrx_word' id='word_1_35' title='bbox 129 1302 363 1396; x_wconf 72' lang='lat' dir='ltr'>Augustinus</span> <span class='ocrx_word' id='word_1_36' title='bbox 385 1313 419 1374; x_wconf 93' lang='lat' dir='ltr'>et</span> <span class='ocrx_word' id='word_1_37' title='bbox 440 1305 498 1374; x_wconf 89' lang='lat' dir='ltr'>alii</span> <span class='ocrx_word' id='word_1_38' title='bbox 523 1306 747 1398; x_wconf 87' lang='lat' dir='ltr'>quamplures</span> <span class='ocrx_word' id='word_1_39' title='bbox 773 1303 809 1374; x_wconf 94' lang='lat' dir='ltr'>in</span> <span class='ocrx_word' id='word_1_40' title='bbox 838 1305 931 1375; x_wconf 92' lang='lat' dir='ltr'>omni</span> <span class='ocrx_word' id='word_1_41' title='bbox 951 1291 1121 1376; x_wconf 61' lang='lat' dir='ltr'>&#39;sermone</span> <span class='ocrx_word' id='word_1_42' title='bbox 1149 1304 1209 1376; x_wconf 93' lang='lat' dir='ltr'>ubi</span> 
     </span>
     <span class='ocr_line' id='line_1_8' title="bbox 129 1425 1209 1523; baseline 0.002 -26"><span class='ocrx_word' id='word_1_43' title='bbox 129 1425 352 1498; x_wconf 74' lang='lat' dir='ltr'>Aristotelem</span> <span class='ocrx_word' id='word_1_44' title='bbox 385 1427 523 1498; x_wconf 81' lang='lat' dir='ltr'>caeteris</span> <span class='ocrx_word' id='word_1_45' title='bbox 551 1426 768 1521; x_wconf 90' lang='lat' dir='ltr'>philosophis</span> <span class='ocrx_word' id='word_1_46' title='bbox 793 1429 1000 1523; x_wconf 83' lang='lat' dir='ltr'>praeferunt,</span> <span class='ocrx_word' id='word_1_47' title='bbox 1034 1430 1209 1501; x_wconf 90' lang='lat' dir='ltr'>Platonem</span> 
     </span>
     <span class='ocr_line' id='line_1_9' title="bbox 131 1547 1210 1643; baseline 0 -21"><span class='ocrx_word' id='word_1_48' title='bbox 131 1571 269 1643; x_wconf 88' lang='lat' dir='ltr'>semper</span> <span class='ocrx_word' id='word_1_49' title='bbox 288 1547 474 1643; x_wconf 88' lang='lat' dir='ltr'>excipiant.</span> <span class='ocrx_word' id='word_1_50' title='bbox 505 1549 579 1619; x_wconf 94' lang='lat' dir='ltr'>Non</span> <span class='ocrx_word' id='word_1_51' title='bbox 612 1550 766 1643; x_wconf 81' lang='lat' dir='ltr'>intelligo</span> <span class='ocrx_word' id='word_1_52' title='bbox 798 1551 881 1643; x_wconf 91' lang='lat' dir='ltr'>quid</span> <span class='ocrx_word' id='word_1_53' title='bbox 909 1552 1082 1623; x_wconf 89' lang='lat' dir='ltr'>Platonem</span> <span class='ocrx_word' id='word_1_54' title='bbox 1109 1552 1210 1623; x_wconf 89' lang='lat' dir='ltr'>faciat</span> 
     </span>
     <span class='ocr_line' id='line_1_10' title="bbox 129 1670 1210 1764; baseline 0.004 -22"><span class='ocrx_word' id='word_1_55' title='bbox 129 1681 281 1764; x_wconf 89' lang='lat' dir='ltr'>poetam,</span> <span class='ocrx_word' id='word_1_56' title='bbox 310 1670 377 1742; x_wconf 91' lang='lat' dir='ltr'>nisi</span> <span class='ocrx_word' id='word_1_57' title='bbox 399 1695 505 1743; x_wconf 91' lang='lat' dir='ltr'>unum</span> <span class='ocrx_word' id='word_1_58' title='bbox 526 1672 615 1743; x_wconf 90' lang='lat' dir='ltr'>forte</span> <span class='ocrx_word' id='word_1_59' title='bbox 638 1671 769 1743; x_wconf 91' lang='lat' dir='ltr'>Panctii</span> <span class='ocrx_word' id='word_1_60' title='bbox 795 1671 942 1744; x_wconf 91' lang='lat' dir='ltr'>verbum</span> <span class='ocrx_word' id='word_1_61' title='bbox 976 1695 996 1744; x_wconf 92' lang='lat' dir='ltr'>a</span> <span class='ocrx_word' id='word_1_62' title='bbox 1022 1674 1131 1746; x_wconf 89' lang='lat' dir='ltr'>Tullio</span> <span class='ocrx_word' id='word_1_63' title='bbox 1155 1697 1210 1746; x_wconf 91' lang='lat' dir='ltr'>re-</span> 
     </span>
     <span class='ocr_line' id='line_1_11' title="bbox 129 1793 1209 1889; baseline 0 -21"><span class='ocrx_word' id='word_1_64' title='bbox 129 1798 253 1879; x_wconf 88' lang='lat' dir='ltr'>latum,</span> <span class='ocrx_word' id='word_1_65' title='bbox 272 1794 332 1887; x_wconf 94' lang='lat' dir='ltr'>qui</span> <span class='ocrx_word' id='word_1_66' title='bbox 350 1796 537 1867; x_wconf 86' lang='lat' dir='ltr'>Homerum</span> <span class='ocrx_word' id='word_1_67' title='bbox 558 1793 843 1889; x_wconf 90' lang='lat' dir='ltr'>philosophorum</span> <span class='ocrx_word' id='word_1_68' title='bbox 864 1793 959 1865; x_wconf 95' lang='lat' dir='ltr'>illum</span> <span class='ocrx_word' id='word_1_69' title='bbox 980 1805 1097 1879; x_wconf 80' lang='lat' dir='ltr'>vocat3</span> <span class='ocrx_word' id='word_1_70' title='bbox 1115 1796 1209 1889; x_wconf 92' lang='lat' dir='ltr'>quod</span> 
     </span>
     <span class='ocr_line' id='line_1_12' title="bbox 130 1914 1210 2012; baseline -0.002 -23"><span class='ocrx_word' id='word_1_71' title='bbox 130 1918 217 1989; x_wconf 93' lang='lat' dir='ltr'>nihil</span> <span class='ocrx_word' id='word_1_72' title='bbox 236 1925 291 1989; x_wconf 89' lang='lat' dir='ltr'>ost</span> <span class='ocrx_word' id='word_1_73' title='bbox 307 1917 415 2002; x_wconf 86' lang='lat' dir='ltr'>aliud,</span> <span class='ocrx_word' id='word_1_74' title='bbox 438 1938 541 2010; x_wconf 90' lang='lat' dir='ltr'>quam</span> <span class='ocrx_word' id='word_1_75' title='bbox 562 1916 846 2012; x_wconf 89' lang='lat' dir='ltr'>philosophorum</span> <span class='ocrx_word' id='word_1_76' title='bbox 866 1914 1072 2010; x_wconf 89' lang='lat' dir='ltr'>prinoipem,</span> <span class='ocrx_word' id='word_1_77' title='bbox 1099 1939 1140 1987; x_wconf 90' lang='lat' dir='ltr'>ac</span> <span class='ocrx_word' id='word_1_78' title='bbox 1157 1926 1210 1987; x_wconf 90' lang='lat' dir='ltr'>ta·</span> 
     </span>
     <span class='ocr_line' id='line_1_13' title="bbox 130 2037 1209 2132; baseline -0.002 -22"><span class='ocrx_word' id='word_1_79' title='bbox 130 2042 198 2111; x_wconf 94' lang='lat' dir='ltr'>lem</span> <span class='ocrx_word' id='word_1_80' title='bbox 223 2039 313 2111; x_wconf 91' lang='lat' dir='ltr'>inter</span> <span class='ocrx_word' id='word_1_81' title='bbox 337 2060 410 2125; x_wconf 82' lang='lat' dir='ltr'>eos,</span> <span class='ocrx_word' id='word_1_82' title='bbox 433 2039 546 2132; x_wconf 92' lang='lat' dir='ltr'>qualis</span> <span class='ocrx_word' id='word_1_83' title='bbox 566 2039 655 2111; x_wconf 85' lang='lat' dir='ltr'>inter</span> <span class='ocrx_word' id='word_1_84' title='bbox 681 2047 802 2132; x_wconf 87' lang='lat' dir='ltr'>poetas</span> <span class='ocrx_word' id='word_1_85' title='bbox 828 2048 884 2109; x_wconf 88' lang='lat' dir='ltr'>est</span> <span class='ocrx_word' id='word_1_86' title='bbox 908 2039 1090 2110; x_wconf 90' lang='lat' dir='ltr'>Homerus.</span> <span class='ocrx_word' id='word_1_87' title='bbox 1117 2037 1209 2108; x_wconf 79' lang='lat' dir='ltr'>Alio</span> 
     </span>
     <span class='ocr_line' id='line_1_14' title="bbox 128 2161 1209 2264; baseline 0 -30"><span class='ocrx_word' id='word_1_88' title='bbox 128 2164 213 2256; x_wconf 92' lang='lat' dir='ltr'>quin</span> <span class='ocrx_word' id='word_1_89' title='bbox 232 2162 316 2258; x_wconf 89' lang='lat' dir='ltr'>quid</span> <span class='ocrx_word' id='word_1_90' title='bbox 339 2162 385 2234; x_wconf 94' lang='lat' dir='ltr'>de</span> <span class='ocrx_word' id='word_1_91' title='bbox 405 2165 482 2255; x_wconf 93' lang='lat' dir='ltr'>ipso</span> <span class='ocrx_word' id='word_1_92' title='bbox 507 2163 616 2264; x_wconf 81' lang='lat' dir='ltr'>Tullio</span> <span class='ocrx_word' id='word_1_93' title='bbox 642 2161 813 2246; x_wconf 80' lang='lat' dir='ltr'>dicemuS,</span> <span class='ocrx_word' id='word_1_94' title='bbox 840 2161 900 2255; x_wconf 93' lang='lat' dir='ltr'>qui</span> <span class='ocrx_word' id='word_1_95' title='bbox 930 2162 965 2231; x_wconf 94' lang='lat' dir='ltr'>in</span> <span class='ocrx_word' id='word_1_96' title='bbox 989 2161 1144 2255; x_wconf 91' lang='lat' dir='ltr'>epistolis</span> <span class='ocrx_word' id='word_1_97' title='bbox 1164 2163 1209 2234; x_wconf 89' lang='lat' dir='ltr'>ad</span> 
     </span>
     <span class='ocr_line' id='line_1_15' title="bbox 128 2286 1210 2381; baseline 0.001 -25"><span class='ocrx_word' id='word_1_98' title='bbox 128 2286 293 2371; x_wconf 80' lang='lat' dir='ltr'>Atticum,</span> <span class='ocrx_word' id='word_1_99' title='bbox 324 2287 473 2381; x_wconf 88' lang='lat' dir='ltr'>quodam</span> <span class='ocrx_word' id='word_1_100' title='bbox 501 2289 589 2370; x_wconf 89' lang='lat' dir='ltr'>loco,</span> <span class='ocrx_word' id='word_1_101' title='bbox 616 2287 792 2357; x_wconf 88' lang='lat' dir='ltr'>Platonem</span> <span class='ocrx_word' id='word_1_102' title='bbox 820 2306 921 2356; x_wconf 90' lang='lat' dir='ltr'>suum</span> <span class='ocrx_word' id='word_1_103' title='bbox 943 2287 1050 2356; x_wconf 87' lang='lat' dir='ltr'>Deum</span> <span class='ocrx_word' id='word_1_104' title='bbox 1081 2291 1210 2357; x_wconf 80' lang='lat' dir='ltr'>vocat?</span> 
     </span>
     <span class='ocr_line' id='line_1_16' title="bbox 128 2407 1210 2504; baseline 0.001 -23"><span class='ocrx_word' id='word_1_105' title='bbox 128 2409 298 2482; x_wconf 88' lang='lat' dir='ltr'>Omnibus</span> <span class='ocrx_word' id='word_1_106' title='bbox 323 2412 466 2504; x_wconf 91' lang='lat' dir='ltr'>quidem</span> <span class='ocrx_word' id='word_1_107' title='bbox 491 2409 603 2481; x_wconf 92' lang='lat' dir='ltr'>modis</span> <span class='ocrx_word' id='word_1_108' title='bbox 624 2407 660 2482; x_wconf 95' lang='lat' dir='ltr'>id</span> <span class='ocrx_word' id='word_1_109' title='bbox 680 2418 802 2501; x_wconf 80' lang='lat' dir='ltr'>agunt,</span> <span class='ocrx_word' id='word_1_110' title='bbox 829 2418 868 2480; x_wconf 92' lang='lat' dir='ltr'>ut</span> <span class='ocrx_word' id='word_1_111' title='bbox 891 2410 1022 2482; x_wconf 86' lang='lat' dir='ltr'>Plutoni</span> <span class='ocrx_word' id='word_1_112' title='bbox 1047 2410 1210 2483; x_wconf 88' lang='lat' dir='ltr'>divinita-</span> 
     </span>
     <span class='ocr_line' id='line_1_17' title="bbox 129 2534 1209 2628; baseline 0.003 -21"><span class='ocrx_word' id='word_1_113' title='bbox 129 2544 197 2607; x_wconf 87' lang='lat' dir='ltr'>tem</span> <span class='ocrx_word' id='word_1_114' title='bbox 219 2535 349 2627; x_wconf 83' lang='lat' dir='ltr'>ingenii</span> <span class='ocrx_word' id='word_1_115' title='bbox 372 2534 581 2619; x_wconf 75' lang='lat' dir='ltr'>attribuant3</span> <span class='ocrx_word' id='word_1_116' title='bbox 602 2535 682 2606; x_wconf 92' lang='lat' dir='ltr'>hinc</span> <span class='ocrx_word' id='word_1_117' title='bbox 717 2544 753 2606; x_wconf 92' lang='lat' dir='ltr'>et</span> <span class='ocrx_word' id='word_1_118' title='bbox 783 2536 923 2606; x_wconf 89' lang='lat' dir='ltr'>Homeri</span> <span class='ocrx_word' id='word_1_119' title='bbox 954 2547 1001 2619; x_wconf 89' lang='lat' dir='ltr'>et,</span> <span class='ocrx_word' id='word_1_120' title='bbox 1035 2536 1129 2628; x_wconf 90' lang='lat' dir='ltr'>quod</span> <span class='ocrx_word' id='word_1_121' title='bbox 1154 2550 1209 2610; x_wconf 89' lang='lat' dir='ltr'>est</span> 
     </span>
     <span class='ocr_line' id='line_1_18' title="bbox 128 2658 1207 2753; baseline 0.003 -24"><span class='ocrx_word' id='word_1_122' title='bbox 128 2658 346 2751; x_wconf 85' lang='lat' dir='ltr'>expressius,</span> <span class='ocrx_word' id='word_1_123' title='bbox 362 2659 423 2730; x_wconf 87' lang='lat' dir='ltr'>Dei</span> <span class='ocrx_word' id='word_1_124' title='bbox 436 2680 572 2730; x_wconf 92' lang='lat' dir='ltr'>nomen.</span> <span class='ocrx_word' id='word_1_125' title='bbox 594 2659 741 2731; x_wconf 91' lang='lat' dir='ltr'>Proinde</span> <span class='ocrx_word' id='word_1_126' title='bbox 760 2668 898 2753; x_wconf 89' lang='lat' dir='ltr'>sumpta</span> <span class='ocrx_word' id='word_1_127' title='bbox 914 2658 994 2731; x_wconf 92' lang='lat' dir='ltr'>hinc</span> <span class='ocrx_word' id='word_1_128' title='bbox 1013 2660 1207 2746; x_wconf 80' lang='lat' dir='ltr'>occasione,</span> 
     </span>
     <span class='ocr_line' id='line_1_19' title="bbox 130 2780 1208 2876; baseline 0.006 -28"><span class='ocrx_word' id='word_1_129' title='bbox 130 2780 216 2850; x_wconf 89' lang='lat' dir='ltr'>mira</span> <span class='ocrx_word' id='word_1_130' title='bbox 233 2780 413 2852; x_wconf 89' lang='lat' dir='ltr'>dulcedine</span> <span class='ocrx_word' id='word_1_131' title='bbox 426 2781 604 2874; x_wconf 89' lang='lat' dir='ltr'>loquendi,</span> <span class='ocrx_word' id='word_1_132' title='bbox 626 2781 671 2853; x_wconf 91' lang='lat' dir='ltr'>de</span> <span class='ocrx_word' id='word_1_133' title='bbox 692 2781 797 2854; x_wconf 86' lang='lat' dir='ltr'>rebus</span> <span class='ocrx_word' id='word_1_134' title='bbox 816 2782 1011 2876; x_wconf 81' lang='lat' dir='ltr'>incognitis,</span> <span class='ocrx_word' id='word_1_135' title='bbox 1030 2783 1065 2854; x_wconf 89' lang='lat' dir='ltr'>in</span> <span class='ocrx_word' id='word_1_136' title='bbox 1083 2792 1208 2855; x_wconf 85' lang='lat' dir='ltr'>tracta-</span> 
     </span>
     <span class='ocr_line' id='line_1_20' title="bbox 132 2906 1209 3000; baseline 0.003 -25"><span class='ocrx_word' id='word_1_137' title='bbox 132 2916 204 2976; x_wconf 91' lang='lat' dir='ltr'>tum</span> <span class='ocrx_word' id='word_1_138' title='bbox 226 2915 406 2999; x_wconf 88' lang='lat' dir='ltr'>poetarum</span> <span class='ocrx_word' id='word_1_139' title='bbox 433 2916 526 2977; x_wconf 89' lang='lat' dir='ltr'>totus</span> <span class='ocrx_word' id='word_1_140' title='bbox 551 2906 789 2998; x_wconf 82' lang='lat' dir='ltr'>immergeris:</span> <span class='ocrx_word' id='word_1_141' title='bbox 817 2907 912 3000; x_wconf 91' lang='lat' dir='ltr'>quis,</span> <span class='ocrx_word' id='word_1_142' title='bbox 939 2930 1009 3000; x_wconf 90' lang='lat' dir='ltr'>qua</span> <span class='ocrx_word' id='word_1_143' title='bbox 1034 2917 1137 2979; x_wconf 85' lang='lat' dir='ltr'>aetate</span> <span class='ocrx_word' id='word_1_144' title='bbox 1164 2908 1209 2978; x_wconf 89' lang='lat' dir='ltr'>sit</span> 
     </span>
     <span class='ocr_line' id='line_1_21' title="bbox 132 3028 1208 3123; baseline 0.003 -26"><span class='ocrx_word' id='word_1_145' title='bbox 132 3028 287 3120; x_wconf 81' lang='lat' dir='ltr'>genitus,</span> <span class='ocrx_word' id='word_1_146' title='bbox 311 3052 416 3123; x_wconf 93' lang='lat' dir='ltr'>quem</span> <span class='ocrx_word' id='word_1_147' title='bbox 450 3029 598 3123; x_wconf 88' lang='lat' dir='ltr'>quisque</span> <span class='ocrx_word' id='word_1_148' title='bbox 624 3029 692 3099; x_wconf 88' lang='lat' dir='ltr'>stili</span> <span class='ocrx_word' id='word_1_149' title='bbox 725 3030 885 3114; x_wconf 92' lang='lat' dir='ltr'>modum,</span> <span class='ocrx_word' id='word_1_150' title='bbox 921 3030 1014 3122; x_wconf 93' lang='lat' dir='ltr'>quod</span> <span class='ocrx_word' id='word_1_151' title='bbox 1047 3032 1208 3122; x_wconf 87' lang='lat' dir='ltr'>poetandi</span> 
     </span>
     <span class='ocr_line' id='line_1_22' title="bbox 130 3153 1209 3246; baseline 0.003 -24"><span class='ocrx_word' id='word_1_152' title='bbox 130 3173 264 3243; x_wconf 77' lang='lat' dir='ltr'>genus,</span> <span class='ocrx_word' id='word_1_153' title='bbox 290 3175 393 3246; x_wconf 92' lang='lat' dir='ltr'>quem</span> <span class='ocrx_word' id='word_1_154' title='bbox 414 3155 515 3223; x_wconf 87' lang='lat' dir='ltr'>famae</span> <span class='ocrx_word' id='word_1_155' title='bbox 545 3153 692 3244; x_wconf 82' lang='lat' dir='ltr'>gradum</span> <span class='ocrx_word' id='word_1_156' title='bbox 719 3161 843 3222; x_wconf 88' lang='lat' dir='ltr'>teneat.</span> <span class='ocrx_word' id='word_1_157' title='bbox 876 3153 1036 3244; x_wconf 79' lang='lat' dir='ltr'>Longum</span> <span class='ocrx_word' id='word_1_158' title='bbox 1062 3164 1117 3224; x_wconf 89' lang='lat' dir='ltr'>est</span> <span class='ocrx_word' id='word_1_159' title='bbox 1138 3155 1209 3225; x_wconf 91' lang='lat' dir='ltr'>sin-</span> 
     </span>
     <span class='ocr_line' id='line_1_23' title="bbox 129 3274 1207 3369; baseline 0.003 -23"><span class='ocrx_word' id='word_1_160' title='bbox 129 3276 214 3366; x_wconf 79' lang='lat' dir='ltr'>gula</span> <span class='ocrx_word' id='word_1_161' title='bbox 251 3275 429 3369; x_wconf 89' lang='lat' dir='ltr'>persequi:</span> <span class='ocrx_word' id='word_1_162' title='bbox 457 3284 526 3344; x_wconf 86' lang='lat' dir='ltr'>tam</span> <span class='ocrx_word' id='word_1_163' title='bbox 552 3275 660 3344; x_wconf 86' lang='lat' dir='ltr'>multa</span> <span class='ocrx_word' id='word_1_164' title='bbox 685 3296 863 3367; x_wconf 88' lang='lat' dir='ltr'>nunquam</span> <span class='ocrx_word' id='word_1_165' title='bbox 890 3275 965 3346; x_wconf 92' lang='lat' dir='ltr'>aliis</span> <span class='ocrx_word' id='word_1_166' title='bbox 999 3274 1117 3349; x_wconf 91' lang='lat' dir='ltr'>audita</span> <span class='ocrx_word' id='word_1_167' title='bbox 1143 3298 1207 3350; x_wconf 90' lang='lat' dir='ltr'>nos</span> 
     </span>
     <span class='ocr_line' id='line_1_24' title="bbox 129 3396 1206 3474; baseline 0.003 -5"><span class='ocrx_word' id='word_1_168' title='bbox 129 3420 251 3469; x_wconf 89' lang='lat' dir='ltr'>omnes</span> <span class='ocrx_word' id='word_1_169' title='bbox 274 3397 432 3470; x_wconf 93' lang='lat' dir='ltr'>discendi</span> <span class='ocrx_word' id='word_1_170' title='bbox 458 3396 580 3469; x_wconf 90' lang='lat' dir='ltr'>avidos</span> <span class='ocrx_word' id='word_1_171' title='bbox 604 3397 762 3468; x_wconf 91' lang='lat' dir='ltr'>facundis</span> <span class='ocrx_word' id='word_1_172' title='bbox 796 3397 863 3469; x_wconf 90' lang='lat' dir='ltr'>tuis</span> <span class='ocrx_word' id='word_1_173' title='bbox 902 3398 1023 3471; x_wconf 88' lang='lat' dir='ltr'>litteris</span> <span class='ocrx_word' id='word_1_174' title='bbox 1048 3401 1206 3474; x_wconf 91' lang='lat' dir='ltr'>docuisti.</span> 
     </span>
     <span class='ocr_line' id='line_1_25' title="bbox 128 3520 1208 3617; baseline 0.001 -25"><span class='ocrx_word' id='word_1_175' title='bbox 128 3521 229 3605; x_wconf 86' lang='lat' dir='ltr'>Quod</span> <span class='ocrx_word' id='word_1_176' title='bbox 260 3521 290 3593; x_wconf 90' lang='lat' dir='ltr'>si</span> <span class='ocrx_word' id='word_1_177' title='bbox 322 3521 476 3592; x_wconf 85' lang='lat' dir='ltr'>interfari</span> <span class='ocrx_word' id='word_1_178' title='bbox 509 3520 637 3614; x_wconf 91' lang='lat' dir='ltr'>aliquid</span> <span class='ocrx_word' id='word_1_179' title='bbox 666 3542 735 3593; x_wconf 92' lang='lat' dir='ltr'>non</span> <span class='ocrx_word' id='word_1_180' title='bbox 764 3521 870 3608; x_wconf 83' lang='lat' dir='ltr'>mihi,</span> <span class='ocrx_word' id='word_1_181' title='bbox 910 3525 973 3596; x_wconf 92' lang='lat' dir='ltr'>sed</span> <span class='ocrx_word' id='word_1_182' title='bbox 1002 3522 1208 3617; x_wconf 81' lang='lat' dir='ltr'>professioni</span> 
     </span>
     <span class='ocr_line' id='line_1_26' title="bbox 129 3643 1207 3739; baseline 0.003 -26"><span class='ocrx_word' id='word_1_183' title='bbox 129 3665 218 3715; x_wconf 76' lang='lat' dir='ltr'>meae</span> <span class='ocrx_word' id='word_1_184' title='bbox 235 3643 453 3739; x_wconf 83' lang='lat' dir='ltr'>permittitur,</span> <span class='ocrx_word' id='word_1_185' title='bbox 482 3644 587 3716; x_wconf 90' lang='lat' dir='ltr'>miror</span> <span class='ocrx_word' id='word_1_186' title='bbox 608 3644 702 3738; x_wconf 92' lang='lat' dir='ltr'>quod</span> <span class='ocrx_word' id='word_1_187' title='bbox 731 3644 778 3718; x_wconf 91' lang='lat' dir='ltr'>ita</span> <span class='ocrx_word' id='word_1_188' title='bbox 810 3645 871 3717; x_wconf 91' lang='lat' dir='ltr'>tibi</span> <span class='ocrx_word' id='word_1_189' title='bbox 895 3645 1007 3717; x_wconf 85' lang='lat' dir='ltr'>Naevii</span> <span class='ocrx_word' id='word_1_190' title='bbox 1026 3644 1207 3736; x_wconf 90' lang='lat' dir='ltr'>Plautique</span> 
     </span>
     <span class='ocr_line' id='line_1_27' title="bbox 129 3767 1207 3863; baseline 0.002 -27"><span class='ocrx_word' id='word_1_191' title='bbox 129 3788 254 3837; x_wconf 92' lang='lat' dir='ltr'>nomen</span> <span class='ocrx_word' id='word_1_192' title='bbox 284 3768 440 3860; x_wconf 80' lang='lat' dir='ltr'>ignotum</span> <span class='ocrx_word' id='word_1_193' title='bbox 461 3777 533 3852; x_wconf 91' lang='lat' dir='ltr'>est,</span> <span class='ocrx_word' id='word_1_194' title='bbox 561 3778 599 3840; x_wconf 92' lang='lat' dir='ltr'>ut</span> <span class='ocrx_word' id='word_1_195' title='bbox 625 3769 727 3863; x_wconf 88' lang='lat' dir='ltr'>quasi</span> <span class='ocrx_word' id='word_1_196' title='bbox 748 3769 967 3842; x_wconf 86' lang='lat' dir='ltr'>barbaricum</span> <span class='ocrx_word' id='word_1_197' title='bbox 988 3769 1105 3840; x_wconf 92' lang='lat' dir='ltr'>nescio</span> <span class='ocrx_word' id='word_1_198' title='bbox 1125 3767 1207 3860; x_wconf 92' lang='lat' dir='ltr'>quid</span> 
     </span>
     <span class='ocr_line' id='line_1_28' title="bbox 130 3889 1208 3985; baseline 0.003 -27"><span class='ocrx_word' id='word_1_199' title='bbox 130 3891 281 3960; x_wconf 91' lang='lat' dir='ltr'>locutum</span> <span class='ocrx_word' id='word_1_200' title='bbox 307 3901 421 3984; x_wconf 87' lang='lat' dir='ltr'>putes,</span> <span class='ocrx_word' id='word_1_201' title='bbox 444 3893 538 3985; x_wconf 91' lang='lat' dir='ltr'>quod</span> <span class='ocrx_word' id='word_1_202' title='bbox 555 3914 617 3965; x_wconf 91' lang='lat' dir='ltr'>eos</span> <span class='ocrx_word' id='word_1_203' title='bbox 637 3893 758 3966; x_wconf 89' lang='lat' dir='ltr'>litteris</span> <span class='ocrx_word' id='word_1_204' title='bbox 780 3894 825 3965; x_wconf 92' lang='lat' dir='ltr'>ad</span> <span class='ocrx_word' id='word_1_205' title='bbox 846 3903 879 3964; x_wconf 89' lang='lat' dir='ltr'>te</span> <span class='ocrx_word' id='word_1_206' title='bbox 897 3892 983 3962; x_wconf 92' lang='lat' dir='ltr'>meis</span> <span class='ocrx_word' id='word_1_207' title='bbox 1001 3889 1146 3974; x_wconf 88' lang='lat' dir='ltr'>inserui,</span> <span class='ocrx_word' id='word_1_208' title='bbox 1172 3901 1208 3961; x_wconf 93' lang='lat' dir='ltr'>et</span> 
     </span>
     <span class='ocr_line' id='line_1_29' title="bbox 128 4014 1293 4109; baseline 0.004 -27"><span class='ocrx_word' id='word_1_209' title='bbox 128 4033 267 4098; x_wconf 87' lang='lat' dir='ltr'>ausum,</span> <span class='ocrx_word' id='word_1_210' title='bbox 289 4025 328 4086; x_wconf 91' lang='lat' dir='ltr'>ut</span> <span class='ocrx_word' id='word_1_211' title='bbox 347 4017 395 4086; x_wconf 86' lang='lat' dir='ltr'>ait</span> <span class='ocrx_word' id='word_1_212' title='bbox 415 4017 570 4100; x_wconf 75' lang='lat' dir='ltr'>Flaccus,</span> <span class='ocrx_word' id='word_1_213' title='bbox 585 4040 764 4109; x_wconf 79' lang='lat' dir='ltr'>personum</span> <span class='ocrx_word' id='word_1_214' title='bbox 786 4023 929 4109; x_wconf 81' lang='lat' dir='ltr'>sermore</span> <span class='ocrx_word' id='word_1_215' title='bbox 954 4037 1085 4097; x_wconf 84' lang='lat' dir='ltr'>uocum,</span> <span class='ocrx_word' id='word_1_216' title='bbox 1105 4014 1207 4087; x_wconf 84' lang='lat' dir='ltr'>tacita</span> <span class='ocrx_word' id='word_1_217' title='bbox 1290 4045 1293 4051; x_wconf 69' lang='grc'><strong>’</strong></span> 
     </span>
     <span class='ocr_line' id='line_1_30' title="bbox 128 4134 1208 4231; baseline 0.001 -25"><span class='ocrx_word' id='word_1_218' title='bbox 128 4134 208 4208; x_wconf 89' lang='lat' dir='ltr'>licet</span> <span class='ocrx_word' id='word_1_219' title='bbox 232 4137 467 4223; x_wconf 87' lang='lat' dir='ltr'>admiratione,</span> <span class='ocrx_word' id='word_1_220' title='bbox 491 4138 653 4229; x_wconf 77' lang='lat' dir='ltr'>castiges,</span> <span class='ocrx_word' id='word_1_221' title='bbox 687 4138 783 4209; x_wconf 78' lang='lat' dir='ltr'>Adeo</span> <span class='ocrx_word' id='word_1_222' title='bbox 817 4139 1017 4231; x_wconf 89' lang='lat' dir='ltr'>scrupulose</span> <span class='ocrx_word' id='word_1_223' title='bbox 1049 4135 1141 4207; x_wconf 91' lang='lat' dir='ltr'>enim</span> <span class='ocrx_word' id='word_1_224' title='bbox 1172 4137 1208 4208; x_wconf 90' lang='lat' dir='ltr'>in</span> 
     </span>
     <span class='ocr_line' id='line_1_31' title="bbox 127 4258 1207 4356; baseline -0.001 -24"><span class='ocrx_word' id='word_1_225' title='bbox 127 4261 193 4332; x_wconf 91' lang='lat' dir='ltr'>hac</span> <span class='ocrx_word' id='word_1_226' title='bbox 214 4261 434 4356; x_wconf 89' lang='lat' dir='ltr'>inquisitione</span> <span class='ocrx_word' id='word_1_227' title='bbox 460 4258 631 4344; x_wconf 88' lang='lat' dir='ltr'>versaris,</span> <span class='ocrx_word' id='word_1_228' title='bbox 658 4271 696 4331; x_wconf 90' lang='lat' dir='ltr'>ut</span> <span class='ocrx_word' id='word_1_229' title='bbox 720 4258 805 4330; x_wconf 92' lang='lat' dir='ltr'>nihil</span> <span class='ocrx_word' id='word_1_230' title='bbox 826 4268 949 4346; x_wconf 88' lang='lat' dir='ltr'>restet,</span> <span class='ocrx_word' id='word_1_231' title='bbox 976 4260 1043 4332; x_wconf 92' lang='lat' dir='ltr'>nisi</span> <span class='ocrx_word' id='word_1_232' title='bbox 1069 4261 1207 4333; x_wconf 90' lang='lat' dir='ltr'>temeri-</span> 
     </span>
     <span class='ocr_line' id='line_1_32' title="bbox 127 4381 1204 4481; baseline 0.004 -27"><span class='ocrx_word' id='word_1_233' title='bbox 127 4393 234 4456; x_wconf 89' lang='lat' dir='ltr'>tatem</span> <span class='ocrx_word' id='word_1_234' title='bbox 255 4407 367 4457; x_wconf 90' lang='lat' dir='ltr'>meam</span> <span class='ocrx_word' id='word_1_235' title='bbox 386 4382 627 4468; x_wconf 89' lang='lat' dir='ltr'>condemnare,</span> <span class='ocrx_word' id='word_1_236' title='bbox 644 4381 679 4453; x_wconf 95' lang='lat' dir='ltr'>in</span> <span class='ocrx_word' id='word_1_237' title='bbox 701 4404 840 4455; x_wconf 90' lang='lat' dir='ltr'>scenam</span> <span class='ocrx_word' id='word_1_238' title='bbox 862 4405 953 4455; x_wconf 90' lang='lat' dir='ltr'>nova</span> <span class='ocrx_word' id='word_1_239' title='bbox 972 4392 1007 4457; x_wconf 92' lang='lat' dir='ltr'>et</span> <span class='ocrx_word' id='word_1_240' title='bbox 1023 4385 1204 4481; x_wconf 82' lang='lat' dir='ltr'>peregrina</span> 
     </span>
     <span class='ocr_line' id='line_1_33' title="bbox 128 4508 1204 4606; baseline 0.002 -26"><span class='ocrx_word' id='word_1_241' title='bbox 128 4511 268 4585; x_wconf 90' lang='lat' dir='ltr'>nomina</span> <span class='ocrx_word' id='word_1_242' title='bbox 288 4510 545 4606; x_wconf 88' lang='lat' dir='ltr'>producentem.</span> <span class='ocrx_word' id='word_1_243' title='bbox 560 4509 719 4584; x_wconf 87' lang='lat' dir='ltr'>Frenasti</span> <span class='ocrx_word' id='word_1_244' title='bbox 733 4518 847 4583; x_wconf 89' lang='lat' dir='ltr'>tamen</span> <span class='ocrx_word' id='word_1_245' title='bbox 867 4508 1048 4605; x_wconf 82' lang='lat' dir='ltr'>impetum3</span> <span class='ocrx_word' id='word_1_246' title='bbox 1074 4520 1110 4585; x_wconf 89' lang='lat' dir='ltr'>et</span> <span class='ocrx_word' id='word_1_247' title='bbox 1130 4520 1204 4583; x_wconf 87' lang='lat' dir='ltr'>tan-</span> 
     </span>
    </p>
   </div>
   <div class='ocr_carea' id='block_1_4' title="bbox 0 0 1350 5024">
    <p class='ocr_par' dir='ltr' id='par_1_4' title="bbox 0 0 1350 5024">
     <span class='ocr_line' id='line_1_34' title="bbox 0 0 1350 5024; baseline 0 1"><span class='ocrx_word' id='word_1_248' title='bbox 0 0 1350 5024; x_wconf 95' lang='lat' dir='ltr'> </span> 
     </span>
    </p>
   </div>
  </div>
 </body>
</html>
