2692 5024
400 700 493 748 LlllEll
515 700 686 750 SECUNDUS.
698 698 902 749 -ualsautl
928 700 946 746 l.
1172 691 1210 749 8⁶3

131 846 281 940 quodam
314 846 387 915 loeo
420 846 468 915 ait
500 845 613 928 idem,
647 844 778 914 sciehat
810 844 876 913 sibi
909 845 1024 914 omnia
1054 857 1208 930 restare,

131 969 278 1060 ideoque
299 967 471 1059 quidquid
491 970 619 1037 lactum
639 975 748 1051 esset,
773 966 932 1037 dicturus
958 968 1091 1038 luerat:
1117 964 1211 1038 Scie-

131 1092 214 1159 bam.
255 1090 363 1159 Multa
401 1110 495 1159 nunc
530 1090 620 1157 ultro
652 1087 815 1180 equidem
848 1088 1053 1158 constantiae
1086 1090 1209 1161 similis

129 1213 290 1304 exempla
324 1232 362 1280 se
389 1211 561 1291 offerunt3
590 1210 653 1280 sed
679 1209 838 1301 epistelae
863 1210 989 1281 modus
1010 1213 1108 1304 plura
1141 1234 1210 1283 nun

131 1333 262 1426 meipit.
284 1331 402 1402 Finem
422 1332 528 1422 igitur
548 1331 733 1422 imponam.
756 1332 801 1415 lut
819 1331 848 1401 si
868 1331 925 1403 cui
942 1334 1058 1404 forsan
1076 1333 1211 1426 patieu-

132 1455 177 1525 tia
204 1465 262 1525 tua
295 1453 341 1523 ab
364 1453 419 1523 his
440 1452 691 1525 laudatissimis
717 1452 852 1524 actibus
879 1455 990 1524 aliena
1009 1454 1206 1538 uidebitur,

130 1585 312 1668 propterea
332 1573 428 1664 quod
450 1582 486 1642 tu
512 1595 581 1642 nou
601 1571 712 1643 lilium
733 1574 940 1664 perdideris
964 1575 1026 1646 sed
1046 1578 1207 1659 tratrem,

130 1716 231 1788 aequo
251 1694 367 1765 animo
388 1695 499 1786 patiar
521 1716 805 1787 unumquemque
822 1696 953 1768 sentire
972 1697 1067 1789 quod
1095 1697 1210 1791 opinio

132 1839 195 1888 sua
211 1820 285 1888 lert.
304 1819 380 1909 Ego
400 1815 541 1908 quidem
562 1815 597 1887 in
618 1838 674 1886 me
697 1817 775 1909 ipso
794 1819 941 1888 alterum
962 1840 1083 1890 casum
1109 1820 1211 1890 dum-

131 1948 228 2009 taxat
245 1949 413 2032 expertus
435 1959 524 2007 sum.
543 1937 617 2007 Filii
638 1937 861 2007 amissionem
883 1957 952 2006 non
972 1940 1067 2021 novi,
1090 1949 1126 2008 at
1141 1943 1211 2009 lra-

131 2071 240 2130 tamae
255 2059 352 2131 neeis
368 2062 500 2131 vulnus
524 2059 657 2149 excepi.
685 2060 735 2128 De
758 2059 824 2128 hoc
843 2058 974 2128 certius
1006 2059 1100 2152 loqui
1128 2081 1211 2152 pos-

132 2202 220 2250 sum.
259 2181 349 2253 Nihil
383 2182 499 2273 itaque
535 2179 721 2262 contende,
760 2201 873 2270 neque
914 2181 1028 2250 luctus
1062 2179 1209 2252 invicem

130 2306 292 2385 conlem3
312 2304 374 2375 sed
400 2303 483 2375 illud
504 2303 596 2387 scio,
620 2322 715 2394 saepe
739 2299 874 2373 facilius
901 2300 1071 2372 amissum
1101 2301 1208 2372 filium

131 2424 321 2497 restaurari
341 2446 461 2518 posse,
483 2446 588 2518 quam
611 2427 763 2496 fratrem.
782 2425 879 2495 Vale.

305 2569 349 2624 Ad
363 2570 467 2624 sontem
480 2571 584 2641 sergiae
598 2570 631 2624 ll.
649 2569 711 2625 Kal.
726 2571 826 2626 Martii.

632 2751 709 2759 ...υ-.-

555 2956 733 3023 EPISTULA
752 2960 784 3022 ll.

354 3151 548 3201 Falaclscus
569 3150 737 3199 Parauaea
759 3149 801 3198 llll
822 3148 974 3198 lGNOTUll.

193 3328 313 3384 Facilem
326 3328 444 3400 sapienti
457 3329 592 3383 iacturam
605 3343 666 3382 ease
682 3326 837 3398 sepulchri3
852 3325 997 3396 variosque
1011 3325 1148 3380 veteribus

499 3424 585 3478 fuisse
599 3423 749 3495 sepeliendi
762 3424 841 3478 ritus.

229 3646 386 3718 Amicum
405 3647 535 3720 bonum
556 3649 702 3743 periisse
722 3646 799 3732 tihi,
821 3647 941 3718 doleo:
966 3644 1028 3715 sed
1047 3643 1158 3732 magis
1176 3642 1211 3711 in

132 3780 163 3840 te
184 3779 317 3840 rectum
336 3769 485 3862 periisse
505 3771 686 3856 iudicium,
708 3768 880 3860 indignor.
902 3766 1020 3856 Neque
1040 3762 1134 3832 euim
1152 3773 1212 3833 aut

131 3899 164 3959 te
180 3889 257 3983 ipse
275 3891 362 3962 eatis
376 3890 533 3977 viriliter,
547 3913 593 3961 ne
605 3891 719 3963 dicam
736 3886 987 3983 philosophice,
1008 3881 1208 3966 consolaris,

130 4022 190 4082 aut
207 4011 301 4082 illum
318 4034 388 4104 qua
404 4013 542 4085 flendus
559 4026 616 4085 est
631 4013 755 4095 delles,
776 4008 928 4081 simodo
945 4005 1129 4099 quisquam
1144 4003 1211 4074 viri

129 4132 228 4204 luitis
243 4133 361 4203 exitus
378 4156 448 4206 uua
465 4133 659 4207 invidiosus
676 4132 791 4226 potius
809 4149 915 4221 quam
932 4122 1140 4197 miserabilis
1159 4123 1213 4194 vi·

129 4254 205 4325 deri
221 4265 346 4348 potest.
360 4256 448 4327 Nam
463 4255 517 4350 (ut
529 4255 687 4348 epistolae
698 4264 769 4322 tuae
784 4268 928 4321 sensum
941 4245 1095 4317 breviter
1107 4244 1213 4317 stria-

129 4377 225 4469 gam)
245 4401 314 4449 non
329 4388 398 4448 tam
412 4377 497 4446 mihi
509 4375 642 4446 videris
655 4383 717 4445 aut
727 4373 893 4444 damnum
907 4380 1019 4454 tuum,
1034 4377 1094 4439 aut
1110 4367 1212 4439 amici

129 4520 317 4591 parumper
334 4499 530 4571 festinatam
551 4505 698 4569 mortem
720 4490 796 4588 (ubi
813 4511 956 4582 paruere
977 4510 1118 4584 possem
1134 4487 1213 4561 vul-
