2692 5024
412 737 505 786 muee
526 738 867 799 sexsus-uersuum
892 744 921 791 u.
1150 732 1209 794 315

132 880 338 952 mentionem
354 884 614 969 incidissemuS,
638 887 801 980 flagitasti
818 898 855 959 ut
871 888 1022 960 dicerem
1036 891 1207 985 explicite,

131 1001 222 1074 uude
247 1014 405 1096 putarem
432 1006 608 1094 liberales,
643 1020 678 1082 et
708 1011 801 1084 uude
835 1011 1209 1087 mechanicasinitium

132 1125 312 1200 habuisse:
330 1129 424 1222 quod
444 1133 589 1224 carptim
609 1155 658 1205 ex
677 1155 734 1205 me
753 1133 926 1205 audieras.
946 1134 1025 1207 Feci
1042 1137 1137 1229 quod
1158 1138 1211 1209 iu-

130 1248 239 1323 bebas
260 1252 354 1326 haud
374 1254 522 1339 duriter,
544 1257 639 1349 quod
659 1257 745 1328 hora
765 1255 845 1341 diei,
868 1267 904 1329 et
928 1259 1087 1331 vacuitas
1106 1260 1211 1332 inuti·
1282 1319 1290 1337 .

130 1373 212 1443 lium
232 1395 410 1459 curarum,
431 1386 468 1448 et
488 1377 561 1473 ipse
580 1380 678 1450 locus
703 1376 920 1463 hortabatur,
948 1390 986 1450 ut
1011 1401 1207 1453 sermonem

130 1495 386 1588 longiusculum
406 1499 555 1578 ordirer:
573 1510 609 1572 et
620 1502 763 1573 attentio
781 1513 840 1573 tua
859 1523 932 1572 rem
947 1501 1006 1573 tihi
1021 1502 1208 1576 admodum

131 1621 265 1714 placere
286 1622 407 1695 inditio
426 1635 511 1695 erat.
533 1625 693 1697 Testatus
711 1646 790 1696 sum
812 1635 942 1709 lamen,
965 1648 1020 1696 me
1042 1625 1126 1699 uihil
1147 1651 1209 1701 no

132 1763 230 1829 vum,
249 1746 335 1816 nihil
354 1747 425 1818 lere
452 1768 566 1818 meum
592 1747 720 1831 dicere,
747 1745 816 1818 imo
837 1768 923 1820 vero
941 1748 1025 1819 nihil
1046 1750 1208 1823 alienum.

132 1866 253 1939 Omnia
273 1869 366 1939 enim
389 1869 631 1962 undecumque
654 1868 838 1941 didicimus
862 1879 983 1941 nostra
1010 1882 1106 1955 sunt,
1141 1871 1209 1945 nisi

131 1984 250 2062 forsan
262 1991 443 2063 abstulerit
458 2014 499 2064 ea
516 1991 616 2064 uobis
633 1991 772 2065 oblivio.
793 1993 931 2076 Quaeris
949 2015 1049 2079 nunc,
1065 2005 1103 2065 ut
1115 1996 1209 2089 quod

131 2113 187 2186 illo
207 2115 265 2188 die
284 2114 359 2186 dixi
379 2128 532 2209 repetam
553 2138 594 2187 ac
615 2116 737 2187 litteris
754 2116 927 2187 mandem.
950 2115 1066 2200 Multa,
1088 2119 1207 2202 fateor,

129 2235 218 2321 dixi,
246 2257 327 2330 quae
348 2239 387 2322 si,
409 2260 477 2309 uon
504 2238 646 2309 mutatis
672 2235 806 2320 verbiS,
827 2234 943 2307 dicere
960 2237 1107 2329 cupiam,
1138 2264 1208 2314 nou

130 2362 274 2454 possim.
309 2359 429 2432 Redde
453 2362 537 2432 mihi
571 2362 665 2432 illum
691 2362 818 2444 locum,
846 2360 930 2433 illud
951 2360 1080 2446 ocium,
1116 2361 1207 2435 illam

130 2483 237 2566 diem,
257 2484 350 2555 illam
365 2485 587 2556 attentionem
602 2495 712 2567 tuam,
727 2483 819 2555 illam
834 2483 964 2575 ingenii
982 2483 1051 2554 mei
1068 2505 1207 2555 venam.

131 2608 251 2682 Potero
266 2610 361 2702 quod
383 2632 535 2702 uuquam
557 2610 662 2703 potui.
678 2609 747 2682 Sed
762 2617 894 2680 mumta
912 2618 994 2679 sunt
1010 2609 1138 2692 omuia;
1160 2612 1209 2683 lo-

130 2754 193 2804 cus
213 2732 326 2818 abest,
349 2733 425 2805 dies
446 2731 544 2818 abiit,
568 2734 681 2806 ocium
703 2732 817 2826 periit3
839 2733 1001 2824 profacie
1015 2743 1074 2804 tua
1093 2745 1208 2807 mutas

131 2854 261 2927 litteras
282 2855 423 2949 aspicio.
450 2856 592 2948 iugenio
611 2877 691 2927 meo
711 2857 910 2928 relictarum
931 2879 951 2927 a
972 2865 1073 2946 tergo
1090 2879 1207 2928 rerum

130 2980 247 3071 fragor
265 2979 381 3063 officit,
403 2980 463 3073 qui
481 2978 595 3051 adhuc
614 2980 649 3049 iu
669 2978 814 3051 auribus
839 2978 928 3048 meis
953 2987 1064 3048 tonat:
1085 2999 1209 3071 quam-

132 3101 185 3171 vis
206 3100 252 3173 ob
270 3102 337 3174 hoc
356 3103 469 3196 ipsum
497 3104 531 3172 in
552 3101 672 3197 primis
692 3101 774 3173 inde
793 3099 1003 3191 diffugerim,
1032 3110 1071 3170 ut
1091 3099 1152 3170 tibi
1170 3102 1211 3171 li·

128 3223 247 3297 herlus
264 3225 525 3318 responderem.
551 3224 686 3295 Parebo
710 3232 827 3294 tamen
856 3231 893 3292 ut
913 3229 1042 3319 potero.
1064 3223 1207 3294 Possem
1259 3279 1268 3292 .

129 3359 163 3419 te
183 3348 228 3420 ad
248 3348 410 3442 antiquos
430 3359 466 3419 et
494 3348 539 3421 ad
560 3346 746 3419 modernos
765 3345 916 3427 mittere,
931 3366 952 3416 a
968 3342 1098 3437 quihus
1115 3346 1210 3439 quod

129 3472 246 3564 poscis
271 3472 430 3569 accipies.
457 3472 524 3544 Sed
551 3494 595 3544 ne
615 3471 662 3542 ita
683 3491 740 3541 me
752 3467 895 3540 liberem
912 3469 1111 3564 providisti,
1125 3469 1208 3542 dum

132 3613 236 3686 rogas
253 3605 291 3667 ut
309 3594 421 3666 dicam
443 3595 530 3666 meis
551 3593 670 3666 verbis
690 3590 860 3686 quidquid
885 3592 920 3665 id
940 3602 1008 3675 est;
1036 3590 1144 3685 quod,
1173 3603 1211 3663 ut

132 3715 197 3800 ais,
220 3714 280 3788 tibi
298 3718 413 3789 omnia
438 3738 486 3788 ex
510 3739 570 3790 ore
595 3737 689 3803 meo,
716 3737 796 3788 cum
814 3715 963 3808 gratius,
986 3724 1060 3785 tum
1082 3713 1211 3787 clarius

132 3854 266 3915 sonent.
293 3845 443 3917 Gratiam
469 3845 594 3930 habeo,
623 3845 698 3918 sive
722 3846 770 3918 ita
787 3868 826 3918 se
851 3867 909 3917 res
931 3843 1047 3927 habet,
1071 3843 1147 3914 sive
1173 3851 1211 3913 ut

129 3967 302 4039 accendas
323 3967 493 4053 animum,
518 3967 615 4040 dicis.
637 3965 765 4062 Accipe
790 3966 895 4059 igitur
911 3966 1006 4060 quod
1035 3974 1118 4036 tunc
1135 3964 1210 4037 dixi
1289 3978 1292 3983 ’

130 4089 248 4162 verbis
275 4093 362 4162 lorte
388 4091 477 4177 aliis,
505 4091 704 4163 sedeadem
718 4092 870 4183 prolecto
893 4087 1065 4159 sententia
1068 4142 1123 4159 .....
1141 4088 1211 4159 Ve-

130 4234 206 4283 rum
224 4212 308 4306 quid
329 4215 488 4305 agimus?
512 4215 598 4284 Nam
624 4222 660 4283 et
683 4233 753 4283 nou
779 4231 888 4303 parva
914 4230 973 4280 res
992 4220 1060 4293 est,
1082 4220 1118 4281 et
1137 4210 1210 4304 epi-

129 4336 218 4405 stola
238 4335 315 4407 haec
335 4335 474 4407 abunde
498 4333 620 4418 crevit,
639 4344 676 4404 et
699 4331 853 4403 nondum
875 4333 1058 4426 coepimus,
1079 4342 1115 4403 et
1134 4331 1204 4404 diei

128 4456 233 4530 huius
253 4467 451 4529 extremum
470 4466 536 4528 est
559 4452 621 4527 Vis
638 4475 823 4550 parumper
848 4452 968 4547 digitis
994 4451 1083 4525 meis
1103 4462 1209 4548 atque
1311 4552 1314 4559 Ι

128 4579 238 4652 oculis
264 4579 333 4651 tuis
360 4582 521 4673 parcam?
545 4576 754 4652 Diliernmus
779 4578 874 4672 quod
898 4583 1009 4650 restat
1032 4574 1067 4647 in
1089 4576 1208 4671 proxi-
