2692 5024
489 688 752 739 Puounuouunon.

270 951 308 1016 ui
334 950 521 1017 FRANCISCI
545 953 751 1019 PETitiRCAE
778 952 976 1019 EPISTOLAS

507 1166 736 1249 INDICES

163 1472 186 1526 1.
207 1471 346 1527 &dicum
363 1471 393 1524 in
405 1468 508 1544 quihus
526 1469 695 1541 autographa
712 1471 755 1526 vel
774 1472 930 1544 apographa
947 1487 1044 1527 aarum
1063 1488 1105 1526 as·

274 1566 430 1615 serventur.

152 1649 188 1704 ΙΙ.
208 1649 380 1704 Litterarum
394 1665 456 1721 quae
469 1649 498 1703 in
511 1649 600 1704 indice
613 1651 830 1722 Meneghelliano
848 1655 890 1708 uel
913 1653 1104 1708 desiderantur

272 1738 318 1793 vel
331 1754 477 1810 perperam
491 1739 625 1794 Petrarce
639 1742 842 1797 adscribuntur.

139 1828 187 1885 111.
206 1827 379 1883 Litterarum
392 1829 516 1883 omniurn
529 1828 664 1884 editamm
679 1837 706 1885 et
714 1831 880 1886 ineditarum
899 1832 944 1886 Fr.
957 1833 1100 1886 Petrarcae.

142 1916 187 1972 Ν.
206 1916 379 1971 Litterarum
391 1930 453 1986 quae
466 1924 531 1972 sunt
544 1919 586 1973 De
600 1920 685 1974 rebus
698 1921 905 1991 familiaribus.

158 2006 188 2060 V.
207 2006 380 2060 Litterarum
398 2005 565 2062 Venturum.

144 2095 186 2150 VI.
205 2094 361 2150 Nominum
375 2109 471 2148 eorum
485 2095 520 2149 ad
534 2111 605 2166 quos
617 2096 732 2168 singule
745 2098 867 2169 epistole
881 2088 971 2154 misse
986 2107 1059 2155 sunt.

148 2845 189 2901 En
203 2845 269 2914 tihi,
279 2845 366 2899 lector
380 2844 480 2912 amice,
496 2845 614 2899 indicem
628 2846 806 2918 epistolarum
820 2846 944 2899 omnium
958 2845 1096 2901 Francisci
1106 2848 1154 2902 Pe—

86 2939 190 3003 ΠΜ,
209 2933 366 3005 dequibus
385 2933 509 2987 notitiam
528 2935 595 2988 mibi
614 2937 782 3006 comparavi,
802 2942 861 2989 tum
880 2952 941 3005 qum
961 2935 1064 2988 iamdiu
1084 2937 1153 3005 typis

84 3024 192 3094 utigatae
205 3023 334 3089 suerunt,
351 3027 411 3075 tum
425 3038 486 3092 qua·
499 3022 642 3093 bucusque
658 3023 777 3090 ineditas,
791 3023 919 3093 primitus
935 3023 1014 3075 hodie
1025 3024 1053 3074 in
1064 3024 1153 3075 lucem

83 3112 223 3182 pmdeunt.
240 3110 294 3164 Eas
308 3111 347 3164 sie
361 3109 506 3180 dispositas
519 3112 641 3165 invenies
655 3119 686 3165 ut
700 3129 756 3166 uno
770 3120 881 3181 aspectu
894 3112 1043 3182 perspicias
1057 3118 1152 3166 utrum

83 3202 166 3258 adhuc
178 3201 260 3255 editae
273 3200 376 3254 suerint
390 3216 426 3252 an
438 3217 508 3254 non:
526 3216 693 3270 rursusque,
705 3201 726 3253 si
741 3200 835 3268 editae,
847 3216 901 3271 quo
916 3200 944 3254 in
957 3201 1016 3255 loco
1030 3208 1153 3273 prostent

82 3291 229 3346 editionum
252 3291 365 3344 Venetae
387 3289 444 3360 (an.
466 3288 563 3362 1503),
586 3290 750 3344 Basileensis
771 3291 828 3361 (an.
849 3289 945 3363 1554),
961 3297 988 3344 et
1006 3291 1152 3346 rarissime

82 3378 272 3450 Lugdunensis
284 3377 341 3448 (an.
352 3376 448 3449 reeb:
464 3380 589 3433 omnium
603 3397 668 3434 vero
683 3379 819 3435 editarum
833 3380 1054 3451 ineditarunique
1068 3381 1151 3434 veluti

81 3468 166 3524 sontes
184 3469 234 3522 tibi
254 3473 364 3539 pateant
382 3466 494 3522 Codices
513 3486 563 3539 per
576 3469 697 3523 diversas
711 3469 793 3524 urbes
807 3471 938 3542 dispersi,
954 3471 981 3524 iu
996 3470 1096 3541 quibus
1110 3488 1152 3523 ea-

81 3574 141 3612 rum
154 3558 280 3628 exempla
293 3562 449 3611 serventur:
466 3575 521 3628 quo
540 3559 585 3613 sset
603 3564 634 3612 ut
652 3558 723 3612 sacili
743 3561 850 3630 negotio
869 3560 1060 3630 ambiguitates
1079 3576 1152 3612 erro

81 3662 176 3719 resque
190 3663 260 3717 quos
275 3663 396 3717 presens
410 3647 491 3701 editio
506 3664 600 3701 cavere
614 3664 670 3702 non
684 3649 772 3719 potuit
786 3667 925 3704 remouere
940 3666 1034 3720 queas.

146 3734 206 3790 Iam
215 3752 280 3790 vere
294 3735 318 3789 si
331 3735 453 3806 epistolis
463 3737 577 3806 singulis
587 3739 645 3792 haec
655 3739 779 3793 codicum
790 3739 927 3792 adnotatio
937 3737 1052 3791 extentis
1063 3736 1152 3790 verbis

81 3821 137 3876 fieri
153 3822 305 3890 debuisset,
319 3822 422 3877 eaedem
436 3840 545 3895 semper
563 3824 808 3881 demonstrationes
827 3844 882 3881 nen
901 3827 959 3880 sine
978 3824 1097 3878 maximo
1116 3825 1152 3879 le-

80 3913 201 3981 gentium
222 3910 331 3966 fastidio
354 3918 542 3980 recursarent,
566 3920 593 3968 et
616 3916 734 3986 spatium
757 3916 840 3970 indici
859 3913 991 3986 capiendo
1011 3929 1079 3983 pene
1102 3914 1152 3967 irn-

80 4016 205 4055 meusum
219 4000 421 4071 requirebatur.
438 4002 504 4065 Quae
518 4001 574 4057 duo
591 4009 623 4057 ut
636 4005 761 4071 vitarem,
776 4006 860 4058 ulium
879 4004 939 4056 heic
952 4002 1070 4055 indicem
1084 4021 1152 4074 prae-

80 4091 223 4161 eipuorum
246 4090 377 4145 Codicum
400 4091 600 4146 subiiciendum
623 4093 703 4161 duxi,
731 4094 759 4146 in
783 4109 838 4162 quo
865 4091 979 4160 singulis
1007 4091 1152 4146 Codicibus

80 4179 193 4251 singule
211 4179 380 4251 respondent
402 4181 500 4235 littere
522 4181 714 4253 alphabeticoe,
738 4199 800 4251 quse
819 4180 996 4251 epistolarum
1015 4183 1092 4236 lateri
1106 4183 1152 4236 ad-

80 4271 187 4341 scriptae
209 4270 341 4324 lectorem
363 4270 427 4325 satis
452 4277 565 4325 monent
582 4277 613 4325 ut
631 4271 758 4324 Codicem
777 4270 805 4322 in
824 4287 878 4339 quo
896 4270 1005 4325 illarum
1024 4272 1152 4342 quelibet

80 4363 152 4413 extat
169 4360 262 4413 statim
280 4360 408 4414 inveniat.
429 4361 460 4414 Id
474 4366 565 4416 tamen
579 4363 665 4415 lector
679 4360 891 4429 animadvertat,
910 4360 1022 4415 Codices
1040 4378 1055 4413 a
1073 4360 1152 4414 nobis

80 4446 177 4501 litteris
189 4446 222 4501 D.
234 4445 265 4501 Ε,
277 4446 308 4501 F.
320 4447 475 4519 designatos
488 4449 620 4504 tredecim
634 4453 742 4502 tantum
752 4454 905 4519 postremos
915 4449 999 4503 libros
1013 4449 1054 4502 De
1069 4447 1152 4500 rebus

79 4533 278 4604 familiaribus
292 4535 449 4607 complecti,
464 4536 501 4592 ita
514 4541 545 4592 ut
559 4536 607 4609 qui
621 4536 650 4591 in
665 4535 720 4590 illis
733 4534 802 4591 iiber
815 4542 856 4591 est
870 4536 990 4608 primus,
1003 4535 1044 4589 vel
1057 4550 1153 4589 secuu-
