2692 5024
404 684 497 733 traua
519 684 888 741 curares-urrsrotn
911 687 940 733 x.
1149 672 1205 736 tat

132 851 173 901 ac
186 840 334 922 tempus,
355 839 390 897 et
407 836 477 897 toto
494 828 646 920 pondere
663 829 761 899 sorex
779 828 936 900 incubuit
952 832 1102 914 lortuna;
1120 831 1210 903 Tho-

131 973 295 1043 mamque
316 973 431 1021 meum
453 972 626 1044 nusquam
647 949 732 1021 mihi
755 951 829 1021 sinc
855 952 1005 1023 lacrimis
1031 952 1211 1023 nominan-
1294 1034 1297 1040 ,

129 1076 228 1158 dum,
243 1074 373 1145 eximio
387 1073 480 1158 flore,
496 1093 584 1145 rarae
597 1072 721 1144 indolis
735 1074 868 1145 fructus
883 1074 1077 1145 uberrimos
1090 1083 1125 1146 et
1138 1096 1211 1144 ma-

130 1219 199 1289 gna
217 1218 334 1267 rerum
351 1195 563 1266 incrementa
579 1194 777 1289 pollicitum,
793 1195 903 1287 primo
919 1195 970 1291 (ut
984 1196 1033 1267 sie
1045 1196 1208 1290 dixerim)

129 1320 243 1391 aetatis
265 1341 348 1390 vere
368 1319 556 1412 praeripuit.
578 1318 686 1389 Cuius
703 1318 889 1389 immaturo
905 1317 1001 1389 obitu
1021 1318 1107 1412 (ipse
1124 1320 1209 1388 milri

130 1442 250 1535 fateor)
274 1441 431 1511 mortalia
451 1451 576 1512 cuncta
597 1441 781 1511 viluerunt.
804 1441 914 1512 Video
938 1450 1067 1532 quanta
1093 1462 1210 1512 rerum

130 1573 330 1637 nostrarum
364 1562 521 1647 firmitas,
552 1564 635 1656 quid
665 1564 748 1633 mihi
779 1587 870 1635 nunc
904 1564 1116 1658 sperandum
1151 1565 1208 1647 sit,

129 1688 291 1778 exemplo
322 1684 594 1756 coniunctissimi
632 1686 748 1757 fratris
783 1685 983 1757 admoneor.
1017 1688 1092 1758 Una
1124 1694 1210 1758 aetas

129 1817 226 1889 erat;
248 1806 339 1878 idem
361 1807 515 1889 animus;
539 1830 607 1879 uno
627 1808 713 1877 calle
733 1807 992 1897 gradiebamur3
1015 1831 1123 1880 unum
1144 1818 1213 1879 ter-

129 1953 261 2001 mrnum
283 1930 503 2023 petebamus;
526 1952 616 2001 unus
637 1930 749 2012 labor,
773 1951 842 2000 una
864 1951 961 2022 spes,
981 1952 1051 2000 una
1068 1941 1143 2002 erat
1160 1931 1213 2000 in-

128 2052 251 2135 tenti03
272 2073 362 2123 unus
383 2051 514 2122 utinam
536 2049 616 2121 linis
636 2061 741 2122 esset.
761 2054 856 2121 Hane
873 2051 1133 2122 acerbissimam
1152 2056 1211 2125 lati

130 2175 201 2246 vim
214 2174 343 2246 deflere
356 2196 507 2259 mecum,
524 2184 559 2245 et
575 2171 846 2266 profundissimo
864 2174 966 2245 simul
979 2175 1117 2245 vulneri
1134 2197 1213 2248 meo

129 2300 237 2393 paria,
257 2299 287 2369 si
304 2320 461 2392 possum,
477 2295 644 2368 adbibere
663 2296 831 2381 remedia,
846 2317 973 2388 meque
990 2297 1106 2391 ipsum
1123 2299 1212 2370 meis

129 2423 249 2495 litteris
267 2431 303 2494 et
319 2424 410 2494 iusto
423 2421 598 2492 volumine
614 2421 798 2504 consolari,
813 2421 1028 2513 propositum
1042 2431 1098 2492 est
1114 2422 1210 2493 mihi.

128 2546 223 2617 Fecit
254 2547 320 2617 hoc
350 2546 482 2639 primus
508 2544 544 2614 in
568 2552 679 2615 morte
702 2543 938 2615 dilectissimae
964 2541 1046 2614 filiae
1072 2545 1211 2617 Marcus

130 2669 255 2754 Cicera,
275 2669 393 2740 divino
414 2667 470 2738 ille
491 2666 632 2760 quidem
649 2676 684 2738 et
705 2649 934 2739 inaccessibili
952 2668 1102 2760 quodam
1121 2669 1210 2742 stilo.

129 2791 224 2863 Fecit
237 2790 344 2874 idem,
360 2789 478 2861 multis
495 2800 576 2884 post
593 2790 741 2873 saeculis
756 2791 790 2859 in
805 2800 917 2862 morto
934 2793 1049 2864 fratris
1063 2791 1213 2864 Ambro

131 2915 217 2985 sius.
238 2915 384 2984 Tentare
405 2913 499 2997 libet,
522 2914 625 2984 modo
646 2934 709 3007 per
729 2913 974 3006 occupationes
993 2917 1107 3000 liceat,
1127 2916 1212 3008 quid

130 3037 165 3106 in
179 3035 278 3106 amici
292 3045 402 3105 morte
416 3036 526 3126 possit
539 3035 638 3105 stilus
650 3033 822 3104 humilior.
842 3036 979 3104 Interim
998 3037 1211 3127 epigramma

131 3159 225 3251 quod
244 3160 399 3254 postulas
425 3158 532 3229 udum
558 3157 641 3226 lietu
666 3155 793 3248 accipe.
820 3157 935 3227 Placet
961 3166 1000 3226 ut
1026 3179 1130 3251 super
1154 3180 1212 3229 se-

130 3282 239 3377 pulcri
273 3281 421 3376 lapidem
456 3280 562 3350 breve
586 3300 740 3362 carmen,
767 3288 802 3349 et
828 3300 933 3372 super
958 3280 1058 3352 amici
1083 3302 1210 3376 corpus

112 3391 231 3477 'dolor
253 3425 352 3474 meus
373 3403 534 3474 emineat.
555 3403 652 3472 Vale.

272 3612 381 3677 ludolis
397 3617 489 3692 atquc
506 3612 601 3675 animi
617 3611 736 3675 felicem
752 3614 866 3677 cernite
884 3614 1047 3694 Thomam;

331 3710 430 3784 Quem
446 3711 546 3790 rapuit
562 3710 614 3772 lati
632 3711 817 3790 praecipitata
833 3711 907 3775 dies.

272 3808 357 3871 llunc
375 3797 496 3870 dederat
514 3808 628 3871 mundo
647 3809 734 3874 tellus
751 3810 852 3873 vicina
868 3809 991 3883 Pelor0;

333 3908 461 3970 Abstulit
477 3909 543 3971 lraec
560 3909 666 3971 eadem
682 3926 796 3972 munus
813 3923 905 3969 avara
923 3922 1023 3970 suum.

271 4006 505 4087 Florentemque
523 4023 603 4069 nora
619 4009 766 4070 iuvenem
783 4007 900 4069 virtute
916 4008 1040 4082 repente

333 4106 464 4169 succidit
482 4105 597 4167 misero
614 4121 699 4166 mors
717 4104 839 4166 inimica
856 4102 941 4164 mihi.

273 4205 356 4267 Anne
374 4205 467 4281 igitur
485 4208 584 4281 grates
600 4202 733 4263 referam
750 4216 807 4280 pro
825 4214 954 4261 munere
972 4203 1068 4273 tanto,

334 4301 526 4364 Carminibus
543 4299 673 4362 siculum
690 4299 760 4362 litus
778 4299 815 4360 ad
831 4306 911 4361 astra
929 4297 1054 4361 lerensi

276 4397 360 4459 Anne
377 4411 497 4472 gemam
515 4395 616 4475 potins
633 4394 725 4458 simul
743 4394 943 4475 indigncrque
959 4395 1119 4475 rapinam?

334 4494 426 4557 Flebn
433 4517 442 4570 3
461 4493 534 4558 nibil
551 4492 675 4559 miseris
691 4492 809 4559 dulcius
825 4500 871 4559 est
888 4493 1014 4573 gemitu.
