2692 5024
409 691 502 740 tinen
524 691 858 742 nalitus-nrtsrdtt
879 694 922 743 111.
1160 691 1195 753 Η

131 846 194 918 tuit
210 853 291 938 post
311 862 472 913 eversam
490 842 703 926 Corinthum,
732 852 809 934 post
833 853 1005 915 vastatam
1030 847 1197 935 AEtoliam,

128 980 206 1064 post
225 967 339 1059 Argos
357 976 393 1036 et
408 967 572 1062 Mycenas
592 975 809 1059 caeterasque
829 966 936 1038 urbes
953 969 1198 1062 triumphatas,

128 1104 206 1186 post
224 1089 438 1165 Macedoniae
451 1111 553 1181 reges
566 1100 697 1181 captos,
711 1089 954 1184 Pyrrhumque
966 1091 1152 1180 devictum,
1167 1108 1203 1168 et

129 1217 309 1288 madentes
328 1215 452 1283 iterum
477 1211 628 1283 Asiatico
652 1233 775 1281 cruore
801 1211 1071 1309 Thermopylas?
1090 1215 1202 1290 Credo

129 1338 303 1410 neminem
336 1347 541 1426 negaturum
572 1335 745 1426 aliquanto
777 1334 903 1406 clarius
944 1336 1095 1409 Italicum
1121 1362 1202 1412 esse

129 1483 234 1554 quam
253 1460 427 1541 Graecum3
450 1458 514 1528 sed
534 1455 578 1527 de
597 1457 663 1530 hoc
681 1459 768 1529 lorte
789 1458 891 1529 alibi:
909 1482 1001 1532 nuno
1021 1461 1056 1532 in
1072 1463 1201 1536 Gallias
1299 1515 1306 1529 .

130 1593 356 1654 revertamur.
370 1580 579 1651 Parisiorum
594 1580 768 1653 civitatem
786 1583 885 1672 regni
900 1594 1016 1676 caput,
1037 1607 1117 1677 quae
1141 1610 1204 1659 au-

130 1717 257 1777 ctorem
278 1703 402 1775 lulium
429 1705 603 1774 Caesarem
635 1704 839 1795 praetendit,
874 1705 987 1778 introii
1011 1730 1081 1780 non
1104 1709 1204 1780 aliter

130 1829 244 1900 animo
263 1828 422 1910 allectus,
447 1848 550 1918 quam
570 1825 650 1896 olim
673 1826 863 1898 Thessaliae
899 1827 1073 1900 civitatem
1087 1833 1204 1928 Hypa-

133 1956 201 2016 tam
221 1945 305 2016 dum
324 1943 494 2016 lustrabat
514 1941 690 2036 Apuleius.
714 1943 764 2014 lta
784 1944 876 2014 enim
898 1945 1041 2016 sollicito
1063 1958 1203 2040 stupore

132 2089 338 2161 suspensae,
360 2079 395 2139 et
415 2078 537 2138 cuncta
556 2067 853 2159 circumspiciam,
876 2067 1088 2163 videndique
1108 2071 1204 2163 cupi-

131 2189 197 2262 dus
217 2189 488 2282 explorandique
509 2209 594 2258 vera
613 2210 657 2259 ne
674 2210 718 2258 an
741 2186 820 2258 ficta
840 2201 960 2259 essent
979 2212 1059 2283 quae
1080 2191 1125 2262 de
1144 2193 1203 2265 illa

131 2311 269 2383 civitate
285 2310 474 2395 audieram,
489 2334 558 2381 non
575 2332 722 2402 parvum
740 2310 774 2379 in
793 2332 836 2380 ca
852 2322 989 2402 tenipus
1008 2312 1200 2405 absumpsi,

132 2445 168 2506 et
181 2434 339 2527 quotiens
358 2433 455 2526 operi
474 2436 536 2503 lux
561 2434 681 2518 deluit,
709 2444 843 2504 noctem
872 2434 1107 2525 superaddidi.
1133 2438 1203 2507 De-

131 2579 224 2628 mum
245 2555 430 2628 ambiendo
447 2566 482 2626 et
506 2555 669 2627 inhiando
693 2577 819 2646 magna
844 2577 891 2625 ex
915 2565 1013 2648 parte
1038 2556 1203 2639 didicisse

131 2679 253 2752 videor
271 2679 351 2772 quis
372 2679 407 2749 in
433 2677 555 2750 eadem
580 2679 728 2764 veritati,
755 2678 835 2771 quis
861 2677 986 2777 labulis
1012 2682 1108 2753 locus
1135 2682 1201 2766 sit;

131 2823 219 2896 qnae,
242 2803 406 2896 quoniam
427 2804 530 2892 longa
549 2803 699 2874 narratio
718 2813 788 2887 est,
807 2824 922 2895 noque
940 2803 1005 2874 hoc
1023 2805 1097 2875 loco
1118 2804 1203 2876 satis
1253 2869 1261 2881 ,

132 2926 359 3019 explicabilis,
377 2925 569 2997 differenda
588 2937 656 3009 est,
679 2926 791 2996 donec
811 2947 857 2995 ex
878 2945 935 2994 me
953 2926 1068 2995 omnia
1087 2949 1202 2997 coram

133 3049 266 3122 audies.
296 3048 501 3121 Gandavum
535 3069 673 3141 quoque
700 3046 750 3140 (ut
779 3047 894 3117 media
920 3046 1052 3138 sileam)
1080 3049 1201 3118 codem

133 3172 308 3244 conditore
327 3171 517 3264 superbum
539 3169 624 3254 vidi,
646 3180 681 3240 et
697 3179 842 3240 caeteros
860 3167 1033 3238 Flandriae
1050 3168 1204 3240 Barban-

134 3297 258 3388 tiaeque
278 3296 421 3388 populos
443 3293 596 3366 lanificos
617 3304 720 3386 atque
742 3301 908 3363 textores.
935 3291 1015 3364 Vidi
1035 3293 1202 3366 Leodium

133 3417 306 3508 insignem
325 3419 418 3489 clero
442 3420 569 3487 locum:
595 3415 669 3487 vidi
693 3413 894 3507 Aquensem
923 3416 1034 3488 Caroli
1060 3418 1201 3502 sedem,

134 3538 223 3609 etin
244 3542 367 3632 templo
388 3560 582 3610 marmoreo
602 3536 795 3608 verendum
812 3537 970 3609 barbaris
989 3538 1151 3630 gentibus
1164 3538 1204 3606 il-

132 3662 199 3733 lius
216 3661 379 3755 principis
399 3664 605 3754 sepulcrum.
624 3659 688 3731 Ubi
706 3660 867 3731 labellam
885 3660 1018 3744 audivi,
1043 3680 1110 3728 non
1130 3658 1205 3727 ina-

132 3810 282 3860 moenam
294 3787 442 3879 cognitu,
452 3809 474 3857 a
486 3784 695 3878 quibusdam
708 3785 824 3877 templi
840 3782 1089 3865 sacerdotibus
1100 3802 1203 3872 quam

133 3909 293 4001 scriptam
314 3909 398 3980 mihi
430 3909 667 3993 ostenderunt,
702 3919 737 3979 et
764 3916 885 3998 postea
906 3906 999 3999 apud
1019 3903 1203 3974 modernos

132 4033 318 4128 scriptores
350 4035 544 4107 accuratius
572 4034 676 4104 etiam
702 4041 880 4103 tractatam
908 4029 986 4119 legi,
1019 4048 1123 4118 quam
1143 4024 1204 4095 tibi

131 4179 269 4250 quoque
284 4168 323 4228 ut
339 4159 484 4228 referam
497 4156 616 4227 incidit
632 4153 785 4224 animus:
799 4151 846 4221 ita
859 4161 988 4232 tamen,
1003 4158 1041 4217 ut
1055 4146 1103 4217 rei
1116 4145 1203 4217 fides

131 4301 199 4352 non
223 4281 318 4374 apud
337 4302 392 4350 me
412 4289 603 4372 quaeratur,
627 4275 689 4346 sed
710 4273 761 4368 (ut
780 4271 886 4366 aiunt)
914 4292 1018 4362 penes
1045 4279 1203 4341 auctores

132 4416 277 4477 maneat.
286 4406 446 4475 Carolum
459 4426 586 4495 regem,
602 4422 705 4493 quem
719 4396 836 4489 magni
848 4393 1051 4487 cognomine
1063 4416 1204 4486 aequaro

132 4525 292 4621 Pompeio
328 4537 365 4597 ct
400 4525 598 4599 Alexandro
635 4523 775 4606 audent,
815 4520 1049 4593 mulierculam
1080 4539 1204 4611 quam-
