2692 5024
379 685 471 734 nrnnn
494 685 640 736 rnurrus.
653 685 858 736 -srrsronu
880 688 900 735 1.
1122 678 1180 741 tae

93 827 347 913 manumissa,
382 849 455 899 rem
488 828 572 920 agit,
594 839 630 900 et
660 829 707 901 ad
740 829 833 901 huuc
857 832 930 902 lere
955 833 1098 905 modum
1124 835 1181 908 ille

91 952 259 1048 disputat.
283 951 333 1021 Tu
356 959 478 1036 testas,
505 969 596 1043 qnos
620 950 766 1038 inducit,
793 954 958 1027 examina
982 978 1088 1047 quam
1114 956 1180 1030 sibi

94 1074 264 1158 constent
285 1084 321 1145 et
338 1082 471 1167 quanta
491 1074 537 1146 sit
556 1074 658 1146 dictis
679 1072 767 1147 fides
788 1074 970 1169 intelliges.
991 1080 1067 1170 Ego
1087 1081 1180 1153 enim

94 1221 187 1272 nunc
207 1219 229 1269 a
249 1195 347 1268 libris
366 1196 529 1268 omnibus
554 1220 661 1290 quam
687 1199 892 1290 longissime
918 1199 1057 1288 absum,
1084 1212 1121 1273 et
1144 1204 1181 1278 id

92 1344 203 1394 unum
228 1320 265 1391 in
288 1320 356 1391 bac
380 1320 658 1414 peregrinatione
691 1321 980 1396 molestissimum
1004 1324 1178 1418 experior.

91 1447 204 1516 Domo
223 1463 405 1536 egressus,
431 1444 564 1514 nullum
590 1442 705 1514 latinae
724 1444 854 1535 linguae
873 1468 1033 1518 murmur
1052 1447 1179 1520 audio:

92 1567 237 1641 domum
251 1586 447 1658 regressus
462 1565 607 1636 comites
623 1564 740 1653 libros,
755 1588 835 1638 cum
848 1567 980 1660 quibus
992 1571 1087 1663 loqui
1101 1591 1180 1643 sum

94 1691 226 1774 solitus,
245 1684 315 1761 non
333 1688 462 1771 habe03
475 1710 579 1760 omne
592 1686 676 1758 mihi
693 1690 901 1783 colloquium
918 1715 999 1764 cum
1015 1692 1182 1766 memoria

97 1835 175 1885 mea
194 1821 260 1885 est.
282 1813 366 1890 llaec
386 1811 557 1903 igiturex
575 1819 729 1906 tempore
745 1821 781 1884 et
798 1814 966 1886 memoria
984 1814 1115 1901 scribo;
1133 1815 1180 1889 ita

94 1945 147 2020 ut,
169 1936 214 2008 de
237 1935 367 2029 quibus
389 1933 481 2005 illam
503 1933 723 2006 haesitantem
747 1935 868 2020 video,
893 1938 1028 2009 silentio
1049 1939 1179 2031 potine,

93 2081 200 2153 quam
220 2060 367 2142 calamo,
385 2058 633 2129 committenda
652 2057 871 2129 crediderim.
885 2060 993 2131 Multa
1007 2081 1091 2132 sane
1112 2084 1180 2133 uon

93 2181 207 2266 aliter,
225 2201 333 2272 quam
347 2179 375 2249 si
391 2177 580 2250 subuculis
597 2177 675 2249 libri
688 2189 821 2264 essent,
840 2181 997 2252 memini:
1016 2203 1097 2275 quae
1112 2183 1180 2255 fre

93 2325 207 2399 quens
221 2301 347 2373 horum
360 2301 524 2393 cogitatio
535 2300 619 2370 mihi
632 2300 737 2372 altius
750 2310 854 2395 atque
865 2302 1021 2375 tenacius
1035 2304 1182 2397 impres-

95 2427 149 2498 sit.
167 2425 316 2497 Plinium
337 2424 393 2494 ille
415 2424 614 2496 Secundum
635 2425 723 2494 forte
740 2446 809 2496 non
827 2426 971 2517 legerat,
989 2447 1060 2518 quo
1077 2449 1180 2501 nemo

94 2550 225 2622 certius
247 2569 322 2618 rem
343 2547 537 2641 expressit:
558 2568 664 2639 quam
684 2569 770 2619 vere
795 2545 941 2620 delinire
960 2570 1030 2620 non
1051 2549 1179 2635 ausim,
1210 2540 1235 2578 ·’

93 2695 173 2744 cum
190 2671 275 2744 illud
294 2689 388 2764 saepe
405 2677 578 2754 occurrat,
593 2669 689 2763 quod
705 2669 751 2741 ita
764 2671 927 2744 omnibus
940 2670 1111 2745 habeatur
1128 2672 1182 2743 in-

94 2793 230 2885 cognita
243 2793 357 2864 insula
375 2801 444 2864 tam
459 2790 588 2877 vicina,
605 2801 674 2862 tam
691 2791 855 2877 celebris;
874 2793 938 2866 sed
957 2794 1072 2867 dicam
1086 2795 1183 2887 quod

95 2918 171 3012 ipse
183 2914 313 2986 Plinius
327 2912 526 2999 SecunduS,
542 2914 698 2986 secundo
710 2914 885 2988 Naturalis
904 2916 1066 2988 ilistoriae
1083 2917 1179 3002 libro,

37 3121 40 3128 ,
97 3036 263 3111 senserit:
285 3037 416 3133 Thylen
436 3058 518 3108 csse
538 3036 688 3108 insulam
710 3060 776 3108 sex
797 3037 933 3110 dierum
959 3037 1182 3128 navigatione

95 3162 131 3234 in
152 3161 421 3257 septentrionem
439 3182 460 3230 a
477 3158 654 3231 Britannia
672 3159 877 3231 distantem:
897 3159 956 3231 ubi
974 3167 1181 3231 semestrem

94 3285 257 3358 aestivum
278 3284 388 3368 diem,
410 3306 452 3354 ac
471 3283 566 3377 paris
595 3283 696 3377 spatii
721 3280 916 3354 brumalem
942 3292 1077 3356 noctem
1102 3304 1183 3357 esse

94 3410 277 3483 coniectat:
291 3415 328 3479 et
348 3405 509 3492 violento,
532 3418 700 3499 quantum
714 3404 782 3479 sibi
795 3405 943 3492 videtur,
966 3405 1110 3480 rationis
1127 3428 1184 3479 ar-

94 3541 271 3625 gumento,
284 3540 321 3601 et
332 3538 503 3624 praeterca
518 3529 635 3602 nescio
647 3553 717 3624 quo
727 3530 933 3633 lbocaeensi
945 3530 1078 3627 Pytbea
1091 3531 1184 3602 Mas-

97 3655 229 3728 siliensi
250 3663 340 3727 teste
362 3653 479 3725 utitur.
501 3653 589 3738 Quae
611 3652 641 3725 si
662 3674 746 3727 vera
767 3663 857 3739 sunt,
880 3655 1086 3749 quantulum
1104 3651 1184 3722 binc

98 3776 199 3848 abest
210 3777 319 3872 Thyle
333 3775 410 3869 ipsa
430 3799 534 3869 quam
553 3776 761 3869 quaerimus,
782 3777 884 3848 cuius
898 3774 991 3868 apud
1006 3774 1110 3845 ludos
1133 3770 1185 3867 (ut

96 3898 261 3994 auguror)
282 3903 375 3973 lama
395 3901 532 3993 ingens,
552 3902 646 3995 apud
665 3921 730 3972 nos
751 3898 871 3971 notitia
893 3899 986 3968 nulla
1005 3897 1084 3967 est?
1105 3895 1185 3964 Scr-

98 4022 177 4096 vius
196 4023 347 4118 quidem,
365 4024 433 4096 etsi
451 4023 700 4115 grammaticus
713 4021 843 4105 melior,
862 4040 965 4113 quam
984 4036 1186 4107 cosmogra-

93 4148 188 4241 phus
206 4150 265 4219 vel
280 4155 398 4243 poeta,
422 4167 574 4239 sequens
594 4156 711 4217 tamen
729 4142 884 4236 priorum
902 4138 1059 4231 vestigia,
1080 4159 1186 4232 super

94 4269 190 4344 illum
208 4270 342 4364 Virgilii
361 4273 477 4343 locum
500 4295 517 4332 u
542 4267 602 4338 tibi
615 4267 740 4337 acrum
758 4263 878 4334 ultimo
900 4261 1001 4353 Tbylc
1019 4289 1034 4327 n
1051 4260 1102 4335 sic
1121 4260 1184 4333 ait:

99 4423 115 4461 a
144 4394 257 4490 Thyle
276 4393 391 4467 insula
404 4402 461 4466 cst
472 4391 600 4464 Oceani
617 4389 707 4461 inter
724 4386 1030 4482 septentrionalem
1048 4394 1085 4457 et
1096 4382 1187 4458 occi-

99 4544 115 4581 »
142 4514 317 4588 dentalem
336 4518 489 4612 plagam,
511 4514 603 4587 ultra
627 4511 853 4596 Britanniam,
881 4509 1094 4594 Hiberniam,
1121 4508 1186 4579 Or-
