2692 5024
314 707 407 758 nmen
428 707 592 759 summus.
605 707 808 758 -nrrsronu
830 708 861 758 n.
1075 695 1137 761 359

57 858 168 928 lectus
180 856 261 925 est?
277 853 377 927 Certe
394 874 462 925 nou
480 877 559 938 rex,
578 864 638 927 aut
654 855 832 950 princeps,
850 854 910 947 qui
932 864 1027 927 tanto
1040 858 1136 950 operi

56 979 260 1070 eligeretnr3
282 977 345 1049 sed
366 976 506 1048 humilis
528 985 646 1071 pastor
659 977 737 1061 luit,
755 987 791 1048 et
812 975 919 1070 (qnod
936 978 1049 1069 magis
1063 988 1138 1052 stu-

57 1101 155 1199 peas)
181 1101 282 1172 alieni
304 1102 434 1194 gregis.
457 1103 528 1173 lam
549 1076 623 1194 ipse
648 1111 748 1196 pater
773 1099 948 1173 Abraham
976 1100 1138 1195 filiusque
1267 1182 1274 1205 ι

57 1236 234 1319 atnepos,
256 1244 403 1316 quorum
426 1221 622 1295 nominibus
643 1223 756 1294 omnis
778 1243 887 1295 sacrae
907 1221 1045 1317 paginae
1066 1226 1139 1318 ple-

57 1370 126 1420 nus
145 1355 200 1419 est
219 1347 381 1437 angulus,
404 1368 551 1438 quorum
573 1354 668 1418 tauta
687 1355 744 1418 est
767 1345 892 1436 gloria,
920 1357 958 1418 nt
982 1347 1139 1443 omnipo

58 1481 137 1544 tens
166 1469 213 1543 ab
241 1467 309 1541 illis
341 1490 534 1559 cognomen
567 1467 740 1565 accipere,
767 1479 803 1541 et
826 1471 921 1542 Deus
947 1469 1136 1556 Abrabam,

56 1598 152 1667 Deus
171 1595 283 1677 Isaac,
306 1595 399 1665 Deus
419 1592 520 1665 Iacob
540 1591 608 1665 dici
629 1593 793 1677 voluerit,
815 1603 919 1686 atque
939 1595 1014 1687 ipse
1033 1595 1079 1687 de
1099 1616 1138 1666 se

57 1720 205 1811 loquens
224 1717 350 1788 eodem
371 1716 448 1808 ipso
465 1715 669 1805 cognomine
690 1736 778 1788 usus
805 1715 865 1797 sit;
892 1725 1008 1809 putas,
1036 1739 1137 1810 reges

57 1850 119 1914 aut
148 1841 334 1912 tetrarchae
363 1842 503 1912 essent?
529 1840 602 1912 lmo
629 1842 685 1911 vel
710 1841 956 1932 agricultores,
988 1843 1044 1912 vel
1076 1845 1143 1934 pa-'

55 1974 171 2038 stores
191 1965 309 2037 ovium
330 1966 478 2036 luerunt.
492 1963 618 2036 Asellis
637 1964 767 2036 vilibus
789 1964 997 2049 insidentes,
1021 1965 1137 2060 stipati

54 2089 223 2184 gregibus
238 2088 323 2172 suis,
336 2089 425 2160 inter
438 2087 527 2161 lilios
540 2099 576 2159 et
589 2111 728 2173 uxores,
745 2089 849 2160 sedes
864 2088 1058 2173 mutabant;
1073 2090 1138 2162 sed

55 2215 90 2285 in
113 2214 178 2285 hac
194 2213 387 2284 bumilitate
407 2215 517 2284 Deum
538 2212 762 2284 merebantur
775 2213 914 2297 ducem,
933 2214 991 2308 qni
1005 2236 1048 2286 co
1060 2215 1137 2308 ipso

56 2347 211 2430 tempore
231 2334 478 2428 potentissimis
499 2354 540 2405 ac
561 2332 823 2426 superbissimis
837 2333 1060 2432 Assyriorum
1082 2359 1138 2407 re-

55 2459 161 2551 gibus
181 2481 249 2529 non
271 2457 375 2529 modo
399 2455 575 2532 familiaris
600 2478 695 2542 osse,
720 2458 783 2528 scd
804 2480 848 2529 ne
872 2457 969 2530 nosci
994 2458 1136 2552 quidem

56 2584 147 2675 velle
166 2581 331 2672 diguatus
347 2589 412 2652 est.
427 2583 505 2674 lpse
519 2580 635 2664 Iacob,
654 2603 757 2672 aquo
775 2579 810 2652 in
832 2581 1012 2676 scripturis
1027 2583 1136 2654 sacris

54 2703 213 2776 crebrius
234 2704 318 2775 illud
339 2704 474 2795 insigne
491 2724 685 2796 cognomen
705 2727 746 2776 ac
765 2704 966 2777 familiarius
978 2707 1051 2778 Deo
1070 2715 1134 2790 est,
1160 2690 1163 2696 ’

56 2824 311 2918 uon'snperbia
330 2826 490 2917 originis,
518 2828 584 2898 sed
604 2826 796 2899 bumilitate
818 2850 881 2899 sua
897 2830 1025 2911 clarus,
1048 2851 1135 2923 qua-

55 2949 133 3022 liter
144 2949 191 3021 ab
202 2950 259 3020 ilio
282 2949 389 3020 soceri
413 2971 478 3020 sno
494 2949 660 3020 diuturno
673 2961 708 3020 et
726 2950 827 3041 gravi
842 2950 985 3021 servitio
1005 2951 1133 3033 redeat,

56 3071 206 3144 attende.
230 3073 329 3143 Certe
349 3092 417 3141 non
432 3081 607 3162 sceptrum
626 3070 773 3154 revehit,
792 3093 862 3141 non
878 3069 1047 3153 diadema,
1066 3093 1135 3141 non

55 3217 261 3291 purpuram,
284 3216 351 3264 non
369 3216 493 3266 currus
514 3213 654 3279 aureos,
676 3216 745 3265 non
763 3202 915 3264 armatos
934 3192 1133 3265 exercitus:

57 3319 121 3391 sed
145 3318 264 3389 ovium
289 3326 324 3388 et
353 3339 535 3409 caprarum
562 3317 736 3409 boumque
772 3315 881 3388 aciem
916 3318 1132 3401 instructam,

55 3445 144 3515 clam
169 3441 305 3532 fugiens
331 3439 479 3512 filiorum
505 3440 643 3512 turbam
668 3462 710 3512 ac
738 3462 937 3523 servorum,
971 3451 1008 3512 et
1032 3440 1135 3511 simul

55 3566 145 3639 duas
158 3565 254 3638 ducit
267 3587 408 3650 uxores,
429 3589 470 3638 ac
487 3564 625 3638 totidem
640 3561 861 3651 concubinae,
882 3585 999 3635 semen
1020 3563 1134 3655 gentis

55 3689 257 3773 innumeras,
279 3710 427 3782 quarum
444 3711 491 3761 ex
505 3699 602 3761 utero
619 3687 801 3761 duodecim
823 3688 934 3761 tribus
955 3687 1074 3770 lsrael,
1099 3695 1136 3758 et

56 3822 151 3883 tanta
164 3813 368 3906 populorum
386 3811 582 3895 multitudo,
596 3813 668 3883 Deo
680 3811 888 3884 fecundante
901 3808 1131 3894 mulierculas,

57 3945 94 4007 et
111 3935 339 4029 humilitatem
361 3935 563 4019 honorante,
586 3935 825 4007 descenderet.
847 3933 991 4005 Fiebant
1009 3933 1076 4002 illis
1098 3933 1133 4003 in

57 4053 184 4147 ligura,
206 4075 288 4148 qnae
309 4053 492 4148 superficie
513 4062 614 4127 tenus
634 4053 902 4147 contemptibilia
915 4052 1133 4137 viderentur,

56 4187 178 4249 essent
196 4187 312 4249 autem
333 4178 369 4247 in
389 4176 466 4270 ipsa
483 4198 597 4247 rernm
616 4178 760 4249 veritate
775 4175 972 4269 magnilica.
986 4175 1022 4246 Si
1040 4176 1133 4247 enim

57 4321 128 4373 non
141 4301 240 4372 aliter
253 4309 394 4393 accepta
408 4298 550 4382 luerint,
563 4318 669 4391 quam
682 4308 880 4383 narrentur,
895 4298 1057 4391 quianon
1072 4322 1135 4372 au·

57 4424 129 4495 dita
153 4422 353 4518 despiciat?
377 4419 478 4505 Quod
508 4421 537 4492 si
561 4421 673 4513 gloria
700 4422 895 4518 temporalis
920 4442 1036 4496 coram
1062 4424 1134 4495 Deo

56 4546 183 4620 clarior
213 4547 301 4618 locet
337 4566 443 4638 quam
475 4543 665 4623 humilitas.
696 4541 776 4636 queis
803 4542 942 4618 dubitat
967 4548 1074 4640 qnam
1094 4545 1133 4616 ia
