2692 5024
325 114 484 157 tvltll'tlstl
510 113 679 156 l¹lillttlttsstss
704 114 737 155 l't:
753 115 866 156 lil‘t‘llt·
1101 109 1131 160 lli

64 265 212 344 dentem,
227 282 270 329 ne
283 271 440 329 contactu
456 270 742 354 tenorumcorpus
756 261 953 346 offenderet,
965 266 1132 355 gestabat.

64 385 94 456 ls
118 384 155 455 in
180 381 328 454 transitu
352 380 437 454 Arni
462 380 629 466 fluminis,
652 385 752 477 lapsu
771 383 853 477 equi
877 384 1023 471 offusus,
1050 388 1134 461 dum

63 526 150 582 onus
184 503 253 576 sibi
284 503 452 576 creditum
485 524 626 577 servare
649 505 783 590 nititur,
817 507 968 583 violento
998 511 1137 600 gurgite

63 651 170 726 prope
188 628 264 724 ipse
283 627 393 722 periit.
420 627 515 699 Finis
536 628 639 699 Tusci
659 629 787 700 erroris
812 629 914 701 Pioae.
941 631 1038 705 Unde
1058 655 1136 704 rur·

63 775 125 825 sus
145 751 260 824 aetatis
281 771 372 821 anno
392 750 539 841 septimo
559 749 735 835 divulsus,
761 773 803 824 ac
828 752 999 824 maritimo
1017 753 1135 827 itinere

63 883 281 947 transvectus
302 875 338 944 in
357 873 498 957 Gallias,
520 872 673 944 hibernis
694 875 913 966 aquilonibus
938 875 1032 948 haud
1056 898 1136 969 pro-

63 999 117 1071 cul
141 995 296 1069 Massilia
320 996 538 1086 naufragium
562 1017 701 1088 passus,
723 1019 843 1090 parurn
864 995 957 1069 abfui
982 999 1066 1092 quin
1090 998 1136 1071 ab

63 1119 139 1214 ipso
162 1140 285 1191 rursus
311 1139 414 1188 novae
439 1117 523 1188 vitae
547 1115 720 1189 vestibulo
751 1141 942 1192 revocarer.
975 1122 1044 1193 Sed
1066 1144 1137 1217 quo

63 1241 177 1336 rapior
196 1240 325 1314 oblitus
346 1239 541 1333 propositi?
564 1240 647 1312 lnde
667 1239 829 1311 nimirum
849 1265 961 1337 usque
981 1243 1025 1313 ad
1047 1244 1136 1317 hanc

64 1375 201 1437 aetatem
233 1375 293 1437 aut
324 1364 419 1435 nulla
443 1384 600 1456 prorsus,
627 1372 687 1434 aut
720 1337 899 1434 rarissima
923 1363 1136 1437 subsistendi

63 1485 322 1589 respirandique
354 1488 498 1558 facultas
531 1486 617 1557 fuit:
648 1493 683 1554 et
714 1495 800 1577 quot
837 1486 925 1557 inter
948 1487 1136 1559 errandum

62 1609 291 1704 periculorum
316 1609 523 1681 timorumve
548 1607 680 1701 species
700 1608 907 1698 pertulerim,
930 1620 1057 1700 praeter
1080 1631 1136 1681 me

63 1752 187 1815 unum,
211 1751 311 1803 nemo
335 1739 369 1802 te
392 1731 515 1802 melius
544 1730 663 1812 novit;
688 1751 768 1823 quae
793 1729 922 1802 idcirco
946 1754 1136 1803 memorare

62 1876 155 1928 nunc
184 1853 298 1940 libuit,
331 1862 371 1925 ut
401 1853 598 1926 memineris
624 1875 679 1924 me
704 1853 793 1924 inter
817 1853 968 1947 pericula
999 1863 1132 1940 natum,

61 1978 151 2051 inter
168 1978 320 2073 pericula
339 1978 510 2064 senuisse,
533 1977 564 2048 si
584 1975 687 2048 modo
706 1977 774 2047 iam
792 1977 899 2063 senui,
916 1988 952 2048 et
970 1999 1039 2050 non
1056 1999 1136 2070 gra-

62 2100 160 2174 viora
178 2099 265 2171 mibi
283 2100 320 2171 in
339 2100 435 2172 senio
454 2109 686 2171 reservantur.
707 2098 793 2170 llaec
811 2108 925 2170 autem
949 2100 1017 2173 etsi
1041 2122 1137 2174 oom-

62 2221 179 2294 mrmia
203 2221 274 2294 sint
297 2220 457 2294 omnibus
477 2220 685 2294 intrantibus
705 2221 741 2293 in
761 2222 851 2293 banc
876 2222 984 2293 vitam
1011 2223 1136 2319 (neque

61 2345 152 2417 enim
176 2343 298 2416 militia
323 2346 436 2415 solum
461 2344 524 2416 sed
548 2367 665 2438 pugna
684 2353 740 2413 est
759 2342 831 2413 vita
855 2342 1004 2413 bominis
1031 2364 1136 2435 super

62 2467 211 2561 terram),
229 2477 312 2539 sunt
328 2477 442 2539 tamen
458 2467 525 2539 ulia
544 2466 634 2549 aliis,
651 2476 687 2536 et
701 2466 802 2555 longe
815 2463 994 2534 diversum
1008 2483 1136 2555 pugnae

62 2611 196 2682 genum
219 2602 254 2663 et
277 2589 440 2683 quamvis
465 2610 636 2681 quemque
661 2609 725 2657 sua
751 2595 991 2678 praegravant,
1022 2594 1136 2656 tamen

62 2733 184 2785 revera
215 2713 391 2784 intereas
424 2709 553 2804 quihus
582 2708 770 2803 premimur
802 2708 956 2780 sarcinas
989 2710 1135 2779 multum

62 2837 176 2907 refert.
188 2835 228 2905 ln
239 2835 295 2905 his
305 2856 391 2927 ergo
404 2833 488 2905 vitre
501 2832 761 2927 tempestatibus
777 2832 828 2928 (ut
839 2832 885 2905 ad
897 2854 971 2904 rem
984 2832 1134 2927 redeam)

63 2958 161 3029 nullo
184 2967 285 3050 portu
308 2946 496 3030 anchoram
515 2960 658 3050 longum
677 2957 714 3030 in
734 2967 870 3051 tempus
889 2956 1031 3041 iaciens,
1053 2967 1138 3049 quot

62 3102 168 3156 veros
191 3084 322 3155 amicos
347 3084 481 3167 nescio,
508 3106 656 3177 quorum
680 3092 715 3154 et
738 3081 903 3154 iudicium
936 3101 1076 3171 anceps,
1102 3089 1138 3148 et

62 3205 206 3300 penuria
224 3206 346 3298 ingens
366 3216 432 3292 est,
454 3216 555 3278 notos
576 3215 690 3278 autem
715 3202 982 3275 innumerabiles
1008 3197 1137 3293 quaesi-

63 3328 110 3400 vi.
132 3327 250 3400 Multis
263 3328 379 3420 itaque
395 3329 609 3420 multumque
626 3327 740 3399 animo
752 3337 787 3396 et
800 3323 993 3396 conditione
1006 3320 1138 3392 distan

63 3449 156 3522 tibus
176 3449 330 3522 scrihere
348 3449 489 3540 contigit
509 3459 578 3520 tam
599 3448 709 3531 varie,
736 3457 775 3517 ut
797 3469 839 3519 ea
863 3467 955 3516 nunc
979 3444 1136 3532 relegens

63 3572 236 3647 interdum
263 3573 451 3667 pugnantia
475 3575 638 3666 loquutus
664 3572 739 3662 ipse
763 3568 849 3638 mihi
874 3566 1018 3638 videar:
1043 3560 1137 3658 quod

62 3695 313 3791 propemodum
333 3706 489 3768 coactum
509 3714 565 3764 me
588 3689 712 3761 fecisse
732 3687 892 3759 fatebitur
917 3685 1078 3781 quisquis
1101 3684 1137 3756 in

63 3839 102 3890 se
122 3819 235 3891 simile
254 3816 384 3910 aliquid
402 3825 568 3909 expertus
587 3821 651 3882 est.
664 3811 779 3882 Prima
793 3809 934 3903 quidem
955 3809 1136 3883 scribentis

63 3960 148 4013 cura
171 3949 241 4023 est,
269 3939 325 4010 cui
350 3937 478 4012 scribat
497 3932 685 4009 attendere:
712 3953 781 4002 urna
805 3933 896 4004 enim
920 3930 1077 4025 etquid,
1103 3941 1138 4001 et
