2692 5024
126 608 187 673 leo
457 622 501 673 nn
522 620 625 671 annus
644 620 869 672 rammnmns
917 664 928 685 ,
995 604 999 613 “

125 764 315 859 Vulgatnm
337 774 408 851 est,
432 762 583 859 quidde
601 763 668 837 hoo
690 764 783 860 ipso,
803 762 841 837 in
859 762 1066 839 officialibus
1089 766 1206 857 libris,

126 886 246 961 Cioero
261 886 355 961 idem
370 886 534 985 disputet.
548 886 619 961 Sed
634 909 763 983 magna
774 906 856 983 pars
868 887 1069 979 legentium,
1087 912 1208 967 rernm

126 1010 319 1104 negligens,
342 1008 425 1084 solis
446 1010 565 1084 verbis
581 1010 703 1095 inhiat,
723 1020 760 1083 et
778 1018 955 1106 praeoepta
972 1009 1058 1083 ritae
1077 1012 1208 1087 indicio

126 1136 276 1220 aurium,
296 1135 399 1231 qnasi
428 1134 571 1208 totidem
599 1134 759 1220 fabellas,
792 1133 1020 1227 amplectitur.
1050 1136 1106 1209 ‘l'n
1132 1158 1208 1209 me-

126 1266 245 1331 mento
268 1257 336 1330 illio
353 1276 424 1331 non
444 1256 588 1351 linguae,
616 1256 682 1329 sed
708 1255 815 1329 animi
844 1256 1025 1351 negotium
1044 1256 1121 1351 agi:
1140 1257 1207 1333 lnoe

126 1391 196 1467 est,
217 1400 287 1453 non
306 1380 511 1466 rhetorioos,
539 1378 603 1451 sed
625 1378 884 1474 philosophicos
907 1400 991 1453 ense
1010 1400 1207 1455 sermonen

126 1506 203 1579 Stet
233 1513 313 1576 ante
344 1502 464 1575 oculos
496 1502 533 1575 id
556 1502 651 1597 quod
671 1500 818 1575 Athenis
838 1502 919 1575 olim
933 1500 1065 1575 ¹Atticis
1083 1514 1208 1579 votnm

125 1626 201 1712 luit,
222 1636 258 1699 et
277 1624 517 1699 Themistoclis
536 1626 733 1712 eonsilium,
758 1637 795 1699 et
812 1624 977 1700 Aristidis
1001 1610 1209 1725 interpretr-

127 1748 194 1833 tio,
223 1757 261 1820 et
291 1748 455 1822 iudicium
488 1749 672 1823 oonoionia,
693 1750 863 1838 Proinde,
887 1750 1052 1847 quamvis
1075 1752 1209 1845 vulgus

127 1870 283 1959 irrideat,
301 1871 367 1945 hae
385 1872 527 1946 demum
549 1875 626 1967 lege
642 1876 915 1946 emolumentum
930 1895 1001 1947 non
1021 1894 1208 1971 aspernor,

128 1997 158 2068 si
189 1997 275 2069 nihil
307 1998 423 2093 probri
455 1998 605 2070 mixtum
636 1996 757 2070 affert:
792 1997 822 2069 si
856 2018 974 2083 seons,
1007 2018 1080 2069 non
1108 1984 1209 2073 alit'er

127 2137 252 2189 aurum
283 2139 390 2211 quam
424 2122 605 2214 seopulum
636 2119 767 2193 vitabo.
792 2117 926 2193 Aurum
950 2120 1059 2207 enim,
1092 2132 1133 2194 ut
1160 2122 1210 2195 ait

125 2240 283 2325 Plautus,
308 2242 414 2341 multo
444 2243 556 2314 moltis
587 2264 674 2336 rope
702 2243 806 2314 areat
830 2262 1019 2336 perperam.
1048 2241 1210 2337 Deniqam

129 2362 184 2459 (ut
210 2364 334 2445 eodem
360 2386 439 2436 cum
459 2376 600 2437 auctore
629 2364 864 2458 concludam),
886 2386 955 2434 noo
975 2385 1034 2457 epo
1053 2367 1208 2451 omnino,

128 2488 256 2556 lucrum
275 2510 370 2556 emate
387 2508 453 2557 esse
472 2490 551 2557 utile
571 2488 708 2571 domini,
727 2490 891 2559 amariora.
913 2487 1009 2559 Vale.

628 2717 708 2727 w

539 2938 718 3005 arlsroml
737 2942 793 3006 vll.

220 3132 414 3182 raarcrscns
431 3132 599 3183 raraaaea
617 3132 793 3183 ranacrsco
810 3132 956 3183 nronrsro
973 3135 993 3184 a
1010 3136 1117 3187 roano

447 3224 561 3288 sanari
579 3238 754 3288 saruncrrar
771 3238 797 3288 s.
817 3239 844 3286 s.
864 3238 894 3288 n.

218 3400 437 3455 Moderationem
450 3401 534 3455 animi
547 3401 645 3472 cuique
658 3400 846 3473 probandam,
859 3417 976 3473 eamque
989 3401 1109 3489 maxime

528 3497 699 3553 suadendam
713 3496 792 3568 Regi.

225 3721 394 3808 Quamvis
415 3741 483 3791 non
506 3719 571 3791 sim
592 3720 746 3806 nescius,
765 3720 987 3813 quantoplus
1002 3718 1209 3792 submulto-

129 3870 330 3943 remquam
346 3844 413 3918 sub
425 3844 528 3915 unius
541 3842 687 3939 imperio
699 3845 853 3915 Romana
866 3863 926 3913 res
938 3842 1103 3928 ereverit,
1119 3844 1208 3914 mul·

130 3974 174 4045 lis
189 3983 304 4046 tamen
316 3981 352 4044 et
365 3969 500 4064 magnis
513 3968 598 4041 viris
611 3968 729 4038 visum
746 3967 819 4038 scio
836 3964 1074 4037 felicissimum
1094 3965 1209 4061 reipu-

130 4098 229 4172 blicae
250 4108 377 4171 statum
394 4118 489 4183 esse,
512 4095 579 4168 sub
601 4115 684 4179 uno,
705 4092 898 4185 eodemque
916 4091 1021 4176 iusto,
1041 4091 1204 4186 principe.

131 4220 179 4290 lta
200 4242 354 4313 pugnare
378 4220 480 4292 simul
506 4217 693 4290 auotoritas
725 4223 761 4288 et
789 4213 1004 4309 experientia
1031 4211 1205 4284 videntur.

130 4341 197 4412 Sed
218 4343 328 4414 maior
347 4352 403 4415 est
421 4341 586 4436 qaaestio,
608 4362 712 4435 quam
746 4348 785 4411 ut
808 4347 880 4409 tam
902 4335 1001 4408 brevi
1027 4334 1073 4406 sit
1095 4333 1208 4429 expli·

129 4465 239 4539 canda
270 4467 427 4537 litterula.
449 4468 564 4545 Certe,
599 4473 637 4534 ut
669 4471 866 4534 nostrarum
899 4480 1014 4531 rerum
1048 4476 1205 4553 praesens
