2692 5024
411 707 505 759 unna
525 706 912 761 strennuus-arumna
935 711 975 762 rv.
1173 700 1232 765 toa

148 877 336 942 aernmnas,
355 857 476 929 nonin
499 855 630 929 ultimis
654 866 857 931 numeratur
884 859 1041 931 exilium.
1068 857 1140 931 Ant
1164 882 1231 954 ego

146 984 258 1067 fallor,
283 990 345 1053 ant
367 979 557 1073 optandum
579 988 635 1052 est
657 1001 702 1052 ne
726 983 815 1053 forte
840 1003 962 1053 recens
992 981 1071 1055 haec
1100 983 1230 1057 civium

148 1117 287 1180 tuorum
305 1103 356 1176 ira
372 1106 553 1188 lentescat,
572 1124 663 1176 neve
679 1101 742 1174 tibi
763 1104 829 1176 hoc
849 1103 965 1176 exulis
982 1127 1109 1178 nomen
1125 1130 1231 1181 casus

146 1228 272 1321 aliquis
288 1226 424 1319 eripiat3
446 1224 575 1318 inquo
600 1225 752 1299 miseriae
771 1224 870 1311 nihil,
898 1228 1029 1300 favoris
1054 1238 1172 1301 autem
1194 1238 1231 1302 et

148 1349 270 1443 gloriae
286 1348 387 1421 vides
405 1367 486 1419 esse
502 1349 808 1442 quamplurimum.
827 1349 896 1423 Sed
911 1349 1079 1435 laborem,
1099 1351 1229 1444 inquis,

147 1482 252 1564 atque
267 1470 491 1562 ignominiam
510 1470 711 1545 reformidat
726 1472 874 1545 animus.
888 1472 1042 1546 Primum
1055 1496 1146 1566 nego
1162 1477 1231 1548 tale

148 1592 206 1665 hic
226 1592 359 1686 aliquid
378 1593 507 1677 inesse,
529 1593 590 1666 ubi
609 1593 760 1666 oblatam
778 1594 840 1666 tibi
860 1614 998 1689 magnae
1017 1596 1132 1670 laudis
1156 1617 1232 1670 ma-

148 1714 283 1800 teriam,
303 1736 345 1788 ac
362 1737 570 1807 generosam
591 1715 703 1789 fuisse
722 1715 922 1810 linquendae
944 1718 1068 1812 patriae
1086 1740 1231 1792 causum

147 1839 216 1910 alto
228 1838 344 1911 animo
355 1836 528 1910 obiectam
540 1838 697 1935 tyrannis
707 1840 960 1912 contumaciam
974 1840 1131 1924 sci03ubi
1140 1860 1231 1938 praa

147 1969 241 2033 terea
260 1960 369 2035 otium
389 1970 437 2046 et,
459 1982 548 2053 quas
569 1982 708 2055 semper
726 1971 926 2053 optaveras,
946 1962 1104 2034 laborum
1124 1964 1230 2035 ferias

146 2083 321 2155 invenisti.
347 2082 482 2155 Deinde
506 2082 568 2176 qui
591 2082 816 2176 ignominiam
842 2084 939 2155 timet
962 2106 1068 2177 qnam
1097 2084 1231 2177 peperit

146 2205 274 2291 virtus,
292 2208 403 2291 famae,
421 2227 492 2278 non
502 2204 644 2278 virtutis
661 2204 794 2277 amicus
814 2214 880 2277 est.
902 2205 969 2288 Qui
986 2228 1072 2279 vero
1090 2206 1229 2280 labores

146 2330 287 2422 refugit,
304 2340 424 2425 optare
441 2331 578 2404 desinat
594 2329 752 2421 gloriam,
771 2329 817 2402 ad
834 2350 939 2421 quam
957 2338 1051 2401 certe
1063 2329 1227 2414 difficilis,

146 2452 209 2525 sed
225 2454 330 2539 clara,
349 2452 386 2525 ni
402 2456 515 2539 fallor,
532 2461 568 2525 et
584 2451 797 2526 delectabilis
814 2451 875 2525 via
893 2453 970 2523 fert.
991 2450 1067 2522 Tibi
1085 2451 1229 2545 quidem

145 2576 218 2662 nni,
237 2585 277 2648 ut
292 2574 381 2660 dixi,
401 2574 570 2667 singulari
587 2575 739 2668 quadam
756 2573 1001 2668 praerogativa,
1017 2574 1140 2667 ingens
1155 2577 1228 2667 glo-

145 2699 196 2772 ria
211 2699 317 2770 nullis
334 2698 525 2784 molestiis,
547 2697 616 2768 nisi
632 2700 719 2770 forte
736 2718 826 2792 quas
844 2706 881 2768 tu
899 2697 975 2790 ipse
992 2696 1053 2769 tibi
1070 2696 1228 2784 finxeris,

146 2821 323 2913 quaeritur.
353 2821 443 2893 lllud
473 2820 566 2890 enim
592 2841 730 2904 vereor,
763 2842 807 2892 ne
831 2819 953 2892 alienis
978 2821 1094 2913 potius
1124 2842 1229 2914 quam

146 2942 214 3014 tuis
238 2942 348 3014 oculis
374 2954 576 3036 susceptum
602 2945 731 3015 vulnus
757 2943 919 3037 aspicias,
941 2951 977 3014 et
992 2965 1114 3015 casum
1133 2954 1231 3033 tuum

146 3063 258 3137 alieno
273 3065 425 3137 metiaris
443 3063 602 3137 arbitrio:
621 3085 701 3158 quae
717 3066 806 3137 adeo
822 3063 1024 3157 quotidiana
1036 3063 1147 3155 pestis
1160 3073 1228 3149 est,

146 3196 185 3259 ut
197 3187 243 3259 ad
255 3188 440 3259 clamorem
454 3186 604 3258 alienum
619 3186 776 3279 plerique
789 3185 948 3269 titubent,
964 3195 999 3255 et
1012 3185 1119 3256 multo
1132 3184 1230 3278 prius

145 3308 329 3382 concidant
343 3330 450 3402 quam
467 3307 607 3403 impulsi
624 3307 710 3390 sint3
723 3328 937 3400 quamquam
954 3306 1040 3379 satis
1057 3304 1230 3399 impulsus

146 3432 258 3506 videri
275 3431 400 3525 possit,
418 3452 523 3525 quem
540 3440 590 3504 tot
603 3431 782 3504 hominum
798 3428 905 3502 millia
921 3428 1085 3524 pessimis
1098 3426 1232 3523 opinio-

145 3555 249 3627 nibus
266 3572 459 3649 perurgere
474 3577 545 3627 non
565 3553 740 3627 desinunt.
763 3553 847 3640 Sed,
865 3563 905 3625 ut
921 3554 1026 3627 valde
1046 3550 1229 3623 imbecillis

146 3677 273 3749 virium
287 3688 343 3749 est
358 3699 462 3770 wem
480 3676 568 3749 lenis
584 3699 670 3749 aura
687 3676 930 3771 prostraverit,
945 3675 997 3748 sic
1012 3692 1158 3768 prorsus
1178 3670 1231 3740 in-

148 3819 270 3869 sanum
292 3797 397 3868 animi
420 3799 520 3884 scito,
538 3821 644 3892 quem
662 3798 796 3872 videris
821 3820 878 3870 res
900 3815 984 3869 suas
1009 3793 1174 3874 aliorum,
1193 3799 1229 3862 et

147 3917 340 4010 praesertim
352 3919 597 4010 ignorantium,
613 3919 806 4013 ponderare
821 3914 1065 3996 sermunculis;
1076 3912 1145 4006 qui,
1160 3935 1230 4005 quo

147 4038 398 4132 frequentiores
416 4051 505 4128 sunt,
523 4063 566 4113 eo
585 4041 722 4114 cautius
743 4038 967 4131 contagiosus
991 4035 1134 4108 morbus
1156 4033 1232 4106 evi-

148 4163 275 4235 tandus
290 4173 359 4250 est,
381 4164 513 4259 passim
531 4174 602 4237 tam
622 4167 810 4236 multorum
830 4161 1010 4234 hominum
1029 4157 1136 4231 corda
1153 4176 1231 4229 cor-

146 4283 287 4379 ripiens.
325 4287 363 4358 Si
393 4286 482 4359 alios
519 4286 642 4359 audire
679 4281 848 4368 volueris,
882 4305 952 4355 non
986 4282 1134 4355 deerunt
1168 4280 1231 4375 qui

145 4409 320 4483 fortunam
346 4417 441 4482 tuam
466 4405 713 4501 multiplicibus
737 4415 886 4478 onerent
915 4403 1080 4498 querelis,
1109 4402 1172 4498 qni
1198 4411 1230 4475 te

147 4529 356 4607 incolumem
372 4541 479 4626 atque
494 4529 625 4627 optime
640 4529 814 4603 valentem
830 4528 985 4622 lugeant,
1001 4525 1064 4624 qui
1079 4525 1231 4603 semine·
