2692 5024
125 728 186 789 24ss
461 734 503 784 ult
522 732 624 783 husus
643 729 865 781 ruminamus

126 881 170 953 de
190 879 323 973 patroni
347 876 432 950 iocis
456 876 582 947 librum
607 872 794 969 scripserit.
822 872 892 943 Cur
915 892 986 943 non
1010 871 1206 965 piscatores

126 1015 188 1078 aut
202 1003 352 1095 remiges
369 1009 430 1074 aut
446 1002 513 1073 tale
529 998 668 1091 aliquid,
682 998 762 1092 quia
774 998 892 1069 forsan
908 1003 970 1067 aut
986 996 1084 1067 hami
1102 996 1201 1083 iacta,

127 1138 187 1201 aut
203 1125 289 1199 remi
306 1134 416 1197 tractu
432 1122 467 1194 in
486 1120 669 1195 solitudine
684 1120 788 1215 positi
805 1120 958 1193 animum
978 1123 1204 1193 relaxarunt?

126 1250 253 1322 Visne
278 1257 316 1320 tu
341 1245 427 1317 mihi
451 1252 666 1318 castrensem
686 1267 818 1316 morem
845 1244 973 1317 scholis
994 1245 1201 1330 inferrent

128 1374 219 1445 sicut
247 1391 355 1443 unum
380 1367 534 1441 duellum
560 1368 752 1460 Torquatos
778 1377 881 1462 atque
913 1367 1086 1439 Corvinus
1110 1368 1201 1452 lecit,

128 1495 180 1568 sic
199 1513 269 1567 una
287 1491 397 1564 oratio
421 1499 559 1583 poetam
578 1489 699 1562 iaciat?
717 1490 983 1563 Perseveruntia
1002 1489 1201 1584 requiritur.

129 1619 226 1689 Unus
245 1624 345 1687 actus
364 1612 521 1685 habitum
542 1635 610 1686 non
635 1613 777 1687 inducit.
804 1615 887 1687 Haec
905 1614 1089 1687 hactenus.
1115 1614 1201 1685 Nam

128 1739 173 1811 de
192 1737 304 1808 Ennio
323 1757 365 1807 ac
381 1735 490 1808 Statio
506 1736 541 1807 in
562 1736 684 1811 ultima
699 1736 846 1833 epistola
862 1737 957 1808 nulla
972 1735 1101 1808 mentio
1117 1746 1201 1808 erut.

130 1860 249 1944 Credo,
268 1880 438 1932 annorum
454 1881 639 1932 numerum
656 1860 691 1931 in
708 1859 837 1953 digitos
856 1858 1042 1931 reduxisti.
1063 1860 1203 1932 Postre-

129 2006 187 2056 mo
217 1982 264 2058 ad
294 1984 390 2057 illum
415 1985 559 2076 longum
583 1993 688 2078 atque
711 1983 912 2054 continuum
941 1980 1110 2054 orationis
1136 1991 1204 2056 tua

129 2118 279 2193 textum,
300 2105 361 2180 ubi
385 2107 550 2179 omnihus
574 2106 687 2179 modis
707 2104 845 2178 efficere
871 2105 992 2177 studes
1014 2115 1053 2177 ut
1078 2106 1204 2178 iniusto

128 2231 309 2304 monuisse
327 2230 458 2316 videar,
476 2230 571 2324 quod
587 2229 724 2322 ingenio
744 2238 804 2300 tuo
821 2227 907 2299 nihil
923 2228 1133 2323 impervium
1152 2230 1202 2315 sit,

129 2354 213 2425 nihil
234 2355 329 2427 aliud
348 2354 507 2437 dixerim,
524 2353 592 2424 nisi
611 2352 706 2446 quod
725 2352 813 2424 bene
834 2350 896 2423 tibi
915 2361 979 2435 est,
1002 2351 1032 2423 si
1052 2352 1146 2424 hanc
1164 2354 1205 2426 de

131 2478 236 2550 rebus
256 2479 325 2549 tuis
345 2478 537 2572 opinionem
559 2475 680 2547 habes.
698 2475 751 2547 Oh
770 2485 805 2547 te
827 2486 884 2549 tuo
896 2477 1143 2570 qualicumque
1157 2479 1205 2548 iu·

132 2599 222 2672 dicio
253 2601 403 2670 felicem!
432 2599 485 2669 Oh
510 2597 642 2670 utinam
675 2597 845 2671 hancine
878 2609 987 2672 artem
1021 2610 1058 2671 et
1082 2599 1207 2672 docere

132 2721 247 2813 possis
272 2731 307 2792 et
332 2721 474 2803 doceas
501 2742 570 2812 qua
598 2721 677 2793 talia
702 2724 776 2816 ipse
797 2722 880 2793 mihi
901 2722 945 2794 de
971 2745 1028 2795 me
1048 2723 1206 2796 noverim

133 2843 283 2914 conflare
302 2841 438 2913 iudicia.
456 2841 581 2914 Nescio
596 2843 688 2914 enim
705 2867 750 2916 an
767 2846 891 2917 melius
910 2848 955 2917 sit
971 2848 1148 2921 interdum
1165 2847 1209 2920 de

132 2988 252 3040 errore
276 2965 443 3059 gaudere,
468 2988 574 3059 quam
600 2988 736 3061 semper
760 2967 805 3040 de
830 2971 975 3040 veritate
998 2969 1128 3042 dolere.
1155 2972 1208 3044 hd

134 3092 170 3165 id
194 3114 278 3164 vero
297 3089 391 3184 quod
411 3111 467 3160 me
492 3092 591 3162 velut
609 3089 733 3161 iuratae
759 3091 891 3163 militiae
910 3092 1128 3165 desertorem
1155 3118 1208 3167 ar-

134 3213 222 3303 guis
245 3212 421 3305 quoniam,
436 3235 515 3284 oum
533 3213 685 3284 maxime
699 3212 821 3285 llorere
835 3213 1033 3309 inciperem,
1052 3216 1207 3288 studium

134 3334 220 3404 iuris
242 3334 499 3429 Bononiamque
518 3336 724 3421 dimiserim,
747 3336 912 3431 expedita
932 3339 1115 3431 responsio
1141 3348 1206 3424 est,

134 3455 296 3548 quamvis
317 3455 377 3527 tibi
398 3468 434 3528 et
453 3457 625 3530 civitatem
647 3458 739 3529 illam
756 3468 791 3529 et
811 3459 964 3531 studium
987 3461 1211 3553 singulariter

135 3580 320 3651 illustranti
340 3579 493 3665 minime,
516 3591 554 3653 ut
574 3580 729 3666 arbitror,
751 3583 930 3678 placitura.
953 3584 1126 3668 Quoniam
1147 3588 1210 3658 ita·

135 3726 205 3797 que
221 3703 307 3775 satis
326 3704 532 3797 excogitavi,
552 3704 587 3776 id
607 3715 715 3777 tntum
736 3707 844 3779 silebo
861 3731 930 3801 quo
946 3711 1075 3780 lactum
1093 3734 1210 3783 meum

137 3828 224 3901 tucri
239 3831 345 3913 sole03
359 3829 423 3900 luit
435 3828 526 3899 enim
540 3828 617 3900 haec
631 3829 713 3899 mihi
722 3831 871 3924 quaestio
885 3854 979 3927 saepe
992 3855 1072 3904 cum
1081 3834 1209 3917 multis,

135 3952 310 4046 praecipue
341 3975 421 4023 cum
446 3952 596 4024 Oldrado
625 3955 801 4027 Laudensi
830 3956 1075 4027 iurisconsulto
1092 3968 1211 4029 nostra

136 4087 240 4146 aetate
260 4075 463 4148 clarissimo.
490 4078 562 4148 lloc
582 4100 688 4148 unum
709 4089 764 4150 est
789 4079 883 4173 quod
904 4082 1002 4151 salva
1026 4080 1213 4153 concordia

136 4198 204 4270 dici
237 4206 362 4291 potest.
397 4199 487 4269 Nihil
524 4212 643 4271 contra
677 4212 836 4272 naturam
872 4202 960 4272 benc
996 4200 1055 4270 iit:
1089 4203 1211 4274 solitu-

136 4319 227 4391 dinis
253 4330 443 4394 amatorem
469 4323 525 4396 illa
550 4346 606 4396 me
627 4326 755 4417 genuit,
782 4348 851 4397 non
876 4327 950 4397 iuri.
978 4326 1134 4420 Denique
1161 4328 1213 4401 sic

138 4442 279 4529 habeto,
307 4467 363 4516 mc
391 4459 450 4518 aut
482 4446 567 4519 nihil
597 4472 749 4541 unquam
783 4451 928 4543 provide
952 4452 1089 4536 secisse,
1117 4453 1215 4547 quod

139 4566 249 4656 magis
269 4578 374 4661 put0;
392 4580 451 4641 aut
467 4572 497 4641 si
513 4572 713 4663 quidquam,
732 4574 798 4647 hoc
811 4573 845 4646 in
862 4574 996 4670 primis,
1015 4598 1084 4649 non
1097 4576 1214 4651 audeo
