2692 5024
125 612 165 672 dl
384 622 551 674 ruluclscl
573 622 749 673 PETRARCAE
770 623 947 673 PRAEFATIO.

126 772 259 844 Phidiae
284 770 475 842 Minervam
503 768 553 866 (ut
586 771 633 842 ait
665 768 794 864 Cicero)
822 769 884 841 sed
915 768 1203 865 qualemcumque

127 895 232 967 animi
257 895 324 966 mei
347 893 511 985 effigiem,
539 904 642 987 atquc
667 893 795 985 ingenii
821 892 1069 964 simulachrum
1094 894 1203 965 rnulto

127 1017 211 1087 mibi
232 1015 346 1089 studio
366 1015 579 1101 dedolatum,
607 1015 638 1087 si
662 1038 816 1108 uuquam
837 1036 1035 1109 supremam
1061 1013 1108 1083 illi
1128 1036 1202 1085 ma-

127 1162 210 1211 num
231 1137 443 1233 imposuero,
463 1160 543 1210 cum
565 1136 611 1209 ad
631 1146 665 1209 te
684 1136 828 1220 venerit,
852 1156 974 1208 secura
994 1134 1148 1229 qualibet
1166 1134 1201 1205 in

127 1284 204 1333 arce
221 1260 428 1333 constituito.
442 1262 525 1331 Haec
538 1256 826 1331 hactenusAliud
843 1257 1012 1344 libentius,
1030 1259 1060 1330 si
1075 1259 1198 1344 liceret,

128 1384 263 1457 silentio
283 1395 455 1475 tegerem:
478 1383 540 1454 sed
560 1383 682 1473 ingens
703 1382 845 1453 morbus
871 1405 939 1453 non
964 1381 1063 1454 facile
1087 1385 1202 1454 occul-

127 1521 240 1581 tatur:
260 1504 409 1599 erumpit
424 1504 529 1588 euim,
548 1516 583 1575 et
598 1504 719 1576 inditio
737 1527 802 1576 suo
817 1503 983 1598 proditur.
995 1506 1107 1578 Pudet
1117 1505 1201 1578 vitae

127 1632 162 1700 in
194 1629 370 1701 mollitiem
403 1627 557 1721 dilapsee.
590 1630 677 1701 Ecce
709 1629 800 1702 enirn
842 1627 947 1722 (quod
979 1629 1201 1721 epistolarum

127 1755 213 1825 ordo
232 1752 306 1846 ipse
325 1750 520 1845 testabitur)
542 1751 652 1844 primo
677 1752 761 1823 mihi
788 1763 940 1844 tempore
967 1773 1080 1823 sermo
1104 1752 1202 1825 fortis

127 1898 169 1955 ac
184 1873 322 1946 sobrius
341 1873 430 1946 bene
449 1873 597 1946 valentis
619 1873 722 1944 animi
743 1877 875 1958 fuerat3
894 1872 981 1946 adeo
1000 1885 1038 1945 ut
1057 1896 1127 1945 non
1147 1897 1203 1946 me

129 2001 255 2083 solum,
283 1997 345 2068 sed
371 2018 463 2091 saepc
489 1995 575 2067 alios
608 1998 827 2069 consolarer:
861 1996 1039 2091 sequentia
1065 1996 1101 2066 in
1126 1998 1201 2070 dics

128 2121 303 2212 fragiliora
328 2131 431 2213 atquc
461 2118 646 2191 humiliora
679 2130 772 2204 sunt,
806 2143 919 2214 neque
951 2131 1006 2192 sat
1043 2119 1202 2193 virilibus

128 2247 251 2316 referta
271 2243 506 2337 querimoniis.
529 2243 588 2315 Illa
608 2243 781 2337 praecipue
806 2255 845 2315 ut
869 2245 1041 2315 occultare
1061 2243 1203 2317 studeas
1281 2285 1285 2299 ι

128 2389 257 2460 precor.
292 2366 383 2452 Quid
415 2369 505 2438 enim
540 2366 597 2438 alii
629 2367 798 2452 dicerent,
830 2389 908 2437 curn
939 2365 1014 2459 ipse
1045 2369 1203 2459 relegens

127 2491 362 2561 erubescam?
393 2492 487 2580 Ergo
511 2511 578 2581 ego
604 2489 639 2558 in
672 2490 901 2562 adolescentia
933 2490 988 2561 vir
1013 2490 1077 2576 fui,
1104 2491 1203 2562 utin

129 2624 303 2683 senectute
322 2635 407 2705 puer
427 2614 563 2682 esscm‘?
580 2611 702 2683 Infelix
722 2623 756 2683 et
774 2613 969 2684 execranda
989 2612 1203 2706 perversitas

128 2734 192 2804 fuit
208 2732 312 2804 animi
331 2736 386 2805 vel
404 2743 537 2804 mutare
554 2733 724 2820 ordinem,
747 2738 803 2806 vel
817 2735 1019 2807 subtrahere
1032 2736 1094 2806 tibi
1106 2735 1204 2830 peni-

129 2870 184 2928 tus
205 2856 273 2928 ista
298 2879 378 2951 quae
403 2857 540 2928 damno.
561 2858 691 2929 Neutro
716 2859 957 2930 circumveniri
978 2882 1081 2953 posse
1102 2861 1202 2933 visus

127 3004 229 3065 eras;
255 2981 374 3076 quiet
399 2980 563 3054 flebiliuin
588 2984 761 3077 exempla,
788 2994 822 3053 et
841 2983 995 3053 omniurn
1020 3006 1098 3054 curn
1121 3007 1204 3055 con-

130 3108 203 3176 sulc
224 3106 315 3177 diem
336 3117 443 3178 tenes.
467 3104 521 3178 Ad
544 3105 809 3178 excusationum
833 3104 938 3197 igitur
963 3129 1059 3178 arma
1084 3108 1167 3178 conf
1187 3147 1204 3158 -

129 3229 195 3316 gio.
223 3230 370 3301 Lassari
395 3253 450 3300 mc
475 3232 578 3320 longo
602 3241 637 3301 et
661 3229 761 3322 gravi
786 3230 914 3324 praelio.
940 3232 1028 3300 Durn
1060 3229 1202 3322 spiritus

129 3351 282 3440 dumque
316 3351 453 3420 animus
478 3351 553 3434 fuit,
581 3352 655 3444 ipsc
688 3353 810 3436 restiti,
841 3354 945 3423 etad
971 3351 1202 3423 resistendum

130 3469 215 3540 alios
236 3469 436 3539 cohortatus
459 3492 546 3539 suin.
569 3471 633 3542 Ubi
654 3473 764 3544 hostis
786 3473 920 3544 viribus
946 3484 1049 3564 atquc
1075 3472 1204 3566 inipetu

131 3591 245 3663 labare
266 3589 349 3660 mihi
371 3613 432 3683 pcs
454 3601 557 3682 atquc
578 3594 715 3664 animus
735 3596 848 3685 crcpit,
871 3595 1001 3666 excidit
1024 3594 1203 3666 confestim

131 3736 244 3784 scrrno
265 3713 319 3783 ille
339 3710 566 3801 magnificus3
588 3716 685 3784 etad
707 3714 781 3785 haec
800 3735 880 3808 quae
900 3719 1002 3790 modo
1022 3715 1205 3809 displicent

130 3839 276 3908 lamenta
297 3835 470 3909 descendi.
498 3837 573 3920 Qua
599 3835 633 3906 in
654 3860 690 3907 rc
710 3850 855 3909 excuset
875 3863 928 3909 mc
954 3839 1097 3910 forsitan
1118 3840 1205 3909 arui-

131 3983 248 4031 corurn
270 3961 388 4055 pietas,
405 3959 533 4052 quihus
555 3960 672 4045 salvis,
693 3961 738 4031 ad
759 3963 889 4031 nullum
911 3963 1055 4032 fortunae
1075 3965 1203 4033 uulnus

131 4082 303 4173 ingemui:
325 4084 456 4156 eisdem
479 4106 562 4157 mox
586 4107 655 4156 una
680 4107 767 4178 peno
792 4084 953 4154 omnibus
974 4085 1075 4155 ruina
1099 4085 1205 4155 obru-

133 4201 190 4283 tis,
210 4216 245 4275 ct
264 4208 392 4279 mundo
413 4206 553 4303 insuper
570 4208 749 4294 moriente,
769 4207 947 4279 inhumani
967 4207 1204 4300 potiusquam

132 4322 228 4394 fortis
250 4327 364 4399 visum
386 4341 440 4400 cst
459 4353 528 4400 non
550 4330 691 4400 moveri.
711 4331 799 4402 Ante
817 4331 882 4400 hoc
900 4342 1034 4422 tompus
1053 4331 1132 4421 quis
1150 4355 1206 4401 rnc

134 4468 285 4539 unquam
308 4452 350 4521 dc
371 4452 489 4531 csilio,
512 4453 555 4522 dc
578 4451 708 4533 morbo,
736 4454 778 4523 dc
805 4452 945 4534 iudicio,
973 4453 1015 4523 dc
1041 4454 1203 4537 comitiiS,
