2692 5024
346 576 389 629 ns
409 578 513 631 annus
532 580 755 631 summanus
779 558 782 563 ’

427 833 606 935 muium
625 868 671 936 rr.

37 1062 231 1115 FMNCISGUS
247 1062 415 1114 resumet
433 1062 603 1115 srsnnttto
619 1062 778 1115 COLUHNB
795 1063 915 1116 tument
932 1066 960 1117 8.
979 1066 1010 1118 Ρ.
1027 1066 1060 1120 n.

7 1244 179 1301 Decarmine
188 1243 497 1313 italieoedeurnmisno,
504 1243 604 1313 etalio,
611 1241 1094 1319 qnod,cinpdnriteueconoeptunn,

389 1349 420 1388 sc
435 1332 552 1389 dicusse
565 1331 704 1405 poenituit

105 1578 156 1649 De
188 1574 357 1647 universo
379 1596 499 1647 rerum
525 1562 662 1647 tuarum
689 1583 783 1649 statu
811 1575 899 1671 quid
924 1578 1094 1653 sentirem

7 1699 115 1773 breve
138 1695 305 1793 quiddam
330 1695 407 1783 tibi,
428 1696 660 1769 belhcissime
680 1698 751 1786 uir,
775 1710 934 1773 materno
951 1700 1092 1797 pridem

7 1841 168 1895 sermone
204 1819 496 1916 conscripseram,
532 1829 572 1892 ut
602 1830 724 1917 posset
754 1820 923 1898 militibus
951 1834 991 1898 et
1022 1828 1094 1901 tuis

6 1946 239 2029 innotescere,
260 1954 375 2019 tecum
402 1943 437 2016 in
460 1926 593 2039 partem
620 1944 750 2019 laboris
766 1957 805 2047 et
828 1945 952 2039 gloriae
977 1952 1095 2043 pmic-

6 2070 126 2143 cturis.
144 2066 298 2141 Subinde
317 2076 445 2153 antem,
463 2066 618 2161 pariente
635 2067 716 2141 novi
732 2066 864 2163 uliqnid
880 2091 1023 2167 semper
1040 2073 1094 2145 in-

7 2192 124 2285 genio,
149 2189 264 2264 eidem
284 2190 346 2263 tibi
370 2210 512 2263 carmen
531 2212 579 2263 ex
600 2212 678 2263 meo
702 2189 885 2285 alienoque
909 2194 1091 2279 contexui,
1144 2176 1147 2181 ’

7 2337 49 2387 ea
76 2317 166 2408 lege,
196 2323 236 2386 ut
259 2313 393 2408 primns
426 2335 541 2399 mens,
577 2311 753 2386 secundus
784 2314 931 2388 alicuius
956 2316 1094 2411 probati

7 2446 122 2530 poetae
147 2456 275 2508 versus
294 2447 412 2506 esset:
432 2443 538 2525 atque
570 2432 619 2506 itn
651 2444 690 2504 ut
721 2436 896 2529 legentem
916 2456 987 2509 non
1013 2459 1095 2511 sen-

9 2559 196 2661 tentiarum
230 2558 334 2629 modo
364 2555 551 2629 artificiosa
582 2558 770 2643 connexio,
805 2559 870 2631 sed
901 2559 1092 2633 verborum

7 2702 147 2775 qnoque
179 2680 404 2752 consonantia
435 2679 633 2753 delectaret.
667 2680 744 2765 Qua
773 2681 809 2751 in
833 2703 888 2767 re,
915 2703 981 2754 oen
1007 2683 1094 2755 novi

8 2803 195 2898 poematis,
222 2801 318 2874 tenui
353 2802 454 2887 iicet,
487 2803 686 2875 inventione
724 2803 920 2896 gloriabar;
954 2806 1087 2892 donec,

8 2926 118 2999 misso
137 2926 205 2999 iam
222 2927 388 3012 carmine,
409 2925 634 3021 deprehendi,
661 2926 747 2999 alios
767 2937 847 2998 ante
868 2949 925 2999 me
944 2928 1013 3002 hoc
1032 2950 1095 3023 ge-

9 3073 76 3124 nus
96 3050 270 3144 attigisse,
293 3072 489 3144 verumque
513 3048 608 3143 quod
632 3048 797 3122 hebraeus
819 3049 959 3142 sapiens
985 3051 1091 3124 dixit:

9 3176 94 3243 nihil
130 3198 253 3245 notium
284 3175 344 3244 cub
375 3177 465 3245 sote:
494 3174 659 3268 quodque
690 3171 739 3245 ait
775 3171 929 3245 comicus
966 3186 1092 3269 poeta:
1142 3224 1145 3231 -

11 3295 96 3363 citit
123 3293 260 3378 dictum,
284 3295 370 3388 quod
388 3320 457 3366 non
476 3298 519 3368 sit
538 3294 660 3366 dictum
677 3295 782 3389 prius.
804 3295 1005 3370 Novissime
1028 3321 1094 3395 pet·

10 3414 169 3487 nuntium
195 3417 360 3509 Stephani
387 3419 548 3504 senioris,
570 3418 783 3511 magnanimi
802 3418 911 3514 patris
931 3419 999 3505 tui,
1021 3444 1093 3514 quo

10 3545 130 3638 plnres
155 3541 275 3613 virtuti
302 3542 460 3614 stimulos
485 3543 685 3629 incuterem,
714 3543 837 3639 scripsi
857 3544 1014 3617 oratione
1036 3568 1092 3618 so-

8 3667 80 3738 luta
98 3673 134 3738 et
154 3664 281 3748 iibera;
302 3687 408 3760 quam
434 3666 463 3737 si
488 3665 613 3753 habes,
637 3667 721 3738 nihil
744 3677 800 3740 est
822 3668 917 3762 quod
938 3681 1085 3755 mntem,

8 3787 92 3861 nihil
110 3791 206 3882 quud
225 3789 407 3873 adiiciam;
427 3792 589 3885 quamvis
609 3790 702 3863 enim
728 3794 834 3865 multa
860 3813 898 3864 se
918 3791 1088 3878 offerant,

9 3922 125 3986 tamen
146 3915 337 4008 sapientem
358 3915 536 3989 monuisse
558 3916 643 3989 satis
664 3926 728 3988 est.
750 3917 846 3988 Vale.
