<?xml version="1.0" encoding="UTF-8"?>
<!DOCTYPE html PUBLIC "-//W3C//DTD XHTML 1.0 Transitional//EN"
    "http://www.w3.org/TR/xhtml1/DTD/xhtml1-transitional.dtd">
<html xmlns="http://www.w3.org/1999/xhtml" xml:lang="en" lang="en">
 <head>
  <title>
</title>
<meta http-equiv="Content-Type" content="text/html;charset=utf-8" />
  <meta name='ocr-system' content='tesseract 3.04.00' />
  <meta name='ocr-capabilities' content='ocr_page ocr_carea ocr_par ocr_line ocrx_word'/>
</head>
<body>
  <div class='ocr_page' id='page_1' title='image "./epistolaederebu00fracgoog_0403.png"; bbox 0 0 2692 5024; ppageno 0'>
   <div class='ocr_carea' id='block_1_1' title="bbox 191 690 958 758">
    <p class='ocr_par' dir='ltr' id='par_1_1' title="bbox 191 690 958 758">
     <span class='ocr_line' id='line_1_1' title="bbox 191 690 958 758; baseline -0.005 0"><span class='ocrx_word' id='word_1_1' title='bbox 191 694 254 758; x_wconf 77' lang='lat' dir='ltr'><strong>tto</strong></span> <span class='ocrx_word' id='word_1_2' title='bbox 527 704 569 755; x_wconf 82' lang='lat' dir='ltr'><strong>nr</strong></span> <span class='ocrx_word' id='word_1_3' title='bbox 589 704 690 755; x_wconf 81' lang='lat' dir='ltr'><strong>arnus</strong></span> <span class='ocrx_word' id='word_1_4' title='bbox 711 704 933 756; x_wconf 78' lang='lat' dir='ltr'><strong>rauuraamos</strong></span> <span class='ocrx_word' id='word_1_5' title='bbox 955 690 958 697; x_wconf 85' lang='lat'>&#39;</span> 
     </span>
    </p>
   </div>
   <div class='ocr_carea' id='block_1_2' title="bbox 192 854 1276 1295">
    <p class='ocr_par' dir='ltr' id='par_1_2' title="bbox 192 854 1276 1295">
     <span class='ocr_line' id='line_1_2' title="bbox 192 854 1273 953; baseline -0.001 -23"><span class='ocrx_word' id='word_1_6' title='bbox 192 858 271 930; x_wconf 85' lang='lat' dir='ltr'><strong>dem</strong></span> <span class='ocrx_word' id='word_1_7' title='bbox 286 854 516 947; x_wconf 74' lang='lat' dir='ltr'><strong>ignorantiam</strong></span> <span class='ocrx_word' id='word_1_8' title='bbox 529 862 624 925; x_wconf 88' lang='lat' dir='ltr'><strong>tuam</strong></span> <span class='ocrx_word' id='word_1_9' title='bbox 643 856 784 953; x_wconf 82' lang='lat' dir='ltr'><strong>culpare</strong></span> <span class='ocrx_word' id='word_1_10' title='bbox 802 856 970 941; x_wconf 82' lang='lat' dir='ltr'><strong>maluisti;</strong></span> <span class='ocrx_word' id='word_1_11' title='bbox 984 854 1117 928; x_wconf 87' lang='lat' dir='ltr'><strong>urbane</strong></span> <span class='ocrx_word' id='word_1_12' title='bbox 1128 856 1273 950; x_wconf 88' lang='lat' dir='ltr'><strong>quidem</strong></span> 
     </span>
     <span class='ocr_line' id='line_1_3' title="bbox 192 974 1272 1061; baseline 0 -12"><span class='ocrx_word' id='word_1_13' title='bbox 192 998 234 1050; x_wconf 84' lang='lat' dir='ltr'><strong>ao</strong></span> <span class='ocrx_word' id='word_1_14' title='bbox 250 974 418 1049; x_wconf 87' lang='lat' dir='ltr'><strong>modeste.</strong></span> <span class='ocrx_word' id='word_1_15' title='bbox 434 974 607 1047; x_wconf 73' lang='lat' dir='ltr'><strong>Caeterum</strong></span> <span class='ocrx_word' id='word_1_16' title='bbox 620 974 715 1047; x_wconf 89' lang='lat' dir='ltr'><strong>aliud</strong></span> <span class='ocrx_word' id='word_1_17' title='bbox 730 974 842 1048; x_wconf 82' lang='lat' dir='ltr'><strong>verba</strong></span> <span class='ocrx_word' id='word_1_18' title='bbox 861 984 1001 1061; x_wconf 86' lang='lat' dir='ltr'><strong>sonant,</strong></span> <span class='ocrx_word' id='word_1_19' title='bbox 1019 976 1115 1049; x_wconf 89' lang='lat' dir='ltr'><strong>aliud</strong></span> <span class='ocrx_word' id='word_1_20' title='bbox 1133 978 1272 1061; x_wconf 78' lang='lat' dir='ltr'><strong>elamat</strong></span> 
     </span>
     <span class='ocr_line' id='line_1_4' title="bbox 192 1095 1276 1191; baseline 0.002 -20"><span class='ocrx_word' id='word_1_21' title='bbox 192 1098 391 1182; x_wconf 70' lang='lat' dir='ltr'><strong>uisitator,</strong></span> <span class='ocrx_word' id='word_1_22' title='bbox 413 1095 574 1181; x_wconf 90' lang='lat' dir='ltr'><strong>intentio;</strong></span> <span class='ocrx_word' id='word_1_23' title='bbox 594 1118 740 1191; x_wconf 87' lang='lat' dir='ltr'><strong>prorsus</strong></span> <span class='ocrx_word' id='word_1_24' title='bbox 756 1096 926 1184; x_wconf 88' lang='lat' dir='ltr'><strong>mirabile,</strong></span> <span class='ocrx_word' id='word_1_25' title='bbox 940 1120 1022 1172; x_wconf 83' lang='lat' dir='ltr'><strong>enan</strong></span> <span class='ocrx_word' id='word_1_26' title='bbox 1035 1109 1107 1171; x_wconf 90' lang='lat' dir='ltr'><strong>tam</strong></span> <span class='ocrx_word' id='word_1_27' title='bbox 1127 1102 1276 1173; x_wconf 79' lang='lat' dir='ltr'><strong>familia-</strong></span> 
     </span>
     <span class='ocr_line' id='line_1_5' title="bbox 192 1220 1273 1295; baseline 0 0"><span class='ocrx_word' id='word_1_28' title='bbox 192 1244 266 1295; x_wconf 87' lang='lat' dir='ltr'><strong>rem</strong></span> <span class='ocrx_word' id='word_1_29' title='bbox 280 1220 413 1295; x_wconf 52' lang='lat' dir='ltr'><strong>&#39;habere</strong></span> <span class='ocrx_word' id='word_1_30' title='bbox 430 1221 626 1293; x_wconf 85' lang='lat' dir='ltr'><strong>Terentium</strong></span> <span class='ocrx_word' id='word_1_31' title='bbox 648 1221 813 1295; x_wconf 86' lang='lat' dir='ltr'><strong>videaris.</strong></span> <span class='ocrx_word' id='word_1_32' title='bbox 834 1221 894 1293; x_wconf 91' lang='lat' dir='ltr'><strong>llle</strong></span> <span class='ocrx_word' id='word_1_33' title='bbox 913 1222 1006 1293; x_wconf 91' lang='lat' dir='ltr'><strong>enim</strong></span> <span class='ocrx_word' id='word_1_34' title='bbox 1025 1221 1096 1294; x_wconf 89' lang='lat' dir='ltr'><strong>iam</strong></span> <span class='ocrx_word' id='word_1_35' title='bbox 1112 1223 1233 1295; x_wconf 86' lang='lat' dir='ltr'><strong>statim</strong></span> <span class='ocrx_word' id='word_1_36' title='bbox 1252 1244 1273 1295; x_wconf 90' lang='lat' dir='ltr'><strong>a</strong></span> 
     </span>
    </p>
   </div>
   <div class='ocr_carea' id='block_1_3' title="bbox 144 1453 1275 4636">
    <p class='ocr_par' dir='ltr' id='par_1_3' title="bbox 144 1453 1275 4636">
     <span class='ocr_line' id='line_1_6' title="bbox 163 1453 1272 1551; baseline 0.003 -15"><span class='ocrx_word' id='word_1_37' title='bbox 163 1453 167 1461; x_wconf 70' lang='grc'><strong>’</strong></span> <span class='ocrx_word' id='word_1_38' title='bbox 191 1486 262 1537; x_wconf 90' lang='lat' dir='ltr'><strong>una</strong></span> <span class='ocrx_word' id='word_1_39' title='bbox 284 1486 365 1537; x_wconf 88' lang='lat' dir='ltr'><strong>oum</strong></span> <span class='ocrx_word' id='word_1_40' title='bbox 382 1464 494 1536; x_wconf 90' lang='lat' dir='ltr'><strong>Ennio</strong></span> <span class='ocrx_word' id='word_1_41' title='bbox 510 1464 634 1537; x_wconf 90' lang='lat' dir='ltr'><strong>eodem</strong></span> <span class='ocrx_word' id='word_1_42' title='bbox 655 1464 811 1537; x_wconf 84' lang='lat' dir='ltr'><strong>meminit</strong></span> <span class='ocrx_word' id='word_1_43' title='bbox 829 1464 1015 1537; x_wconf 84' lang='lat' dir='ltr'>versiculo.</span> <span class='ocrx_word' id='word_1_44' title='bbox 1034 1466 1073 1537; x_wconf 91' lang='lat' dir='ltr'><strong>ln</strong></span> <span class='ocrx_word' id='word_1_45' title='bbox 1089 1465 1272 1551; x_wconf 74' lang='lat' dir='ltr'><strong>Eunucho,</strong></span> 
     </span>
     <span class='ocr_line' id='line_1_7' title="bbox 190 1584 1274 1682; baseline 0.006 -26"><span class='ocrx_word' id='word_1_46' title='bbox 190 1595 228 1657; x_wconf 95' lang='lat' dir='ltr'><strong>et</strong></span> <span class='ocrx_word' id='word_1_47' title='bbox 264 1585 377 1657; x_wconf 85' lang='lat' dir='ltr'><strong>Naevii</strong></span> <span class='ocrx_word' id='word_1_48' title='bbox 413 1584 531 1658; x_wconf 90' lang='lat' dir='ltr'><strong>itidem</strong></span> <span class='ocrx_word' id='word_1_49' title='bbox 551 1596 587 1659; x_wconf 92' lang='lat' dir='ltr'><strong>et</strong></span> <span class='ocrx_word' id='word_1_50' title='bbox 617 1586 748 1670; x_wconf 88' lang='lat' dir='ltr'><strong>Plauti;</strong></span> <span class='ocrx_word' id='word_1_51' title='bbox 782 1587 818 1659; x_wconf 91' lang='lat' dir='ltr'><strong>in</strong></span> <span class='ocrx_word' id='word_1_52' title='bbox 850 1586 1004 1682; x_wconf 76' lang='lat' dir='ltr'><strong>Adelphis</strong></span> <span class='ocrx_word' id='word_1_53' title='bbox 1027 1588 1139 1661; x_wconf 90' lang='lat' dir='ltr'><strong>Plauti</strong></span> <span class='ocrx_word' id='word_1_54' title='bbox 1164 1590 1274 1663; x_wconf 83' lang='lat' dir='ltr'><strong>solius</strong></span> 
     </span>
     <span class='ocr_line' id='line_1_8' title="bbox 191 1707 1273 1803; baseline 0.003 -24"><span class='ocrx_word' id='word_1_55' title='bbox 191 1708 399 1780; x_wconf 78' lang='lat' dir='ltr'><strong>mentionem</strong></span> <span class='ocrx_word' id='word_1_56' title='bbox 435 1707 524 1779; x_wconf 87' lang='lat' dir='ltr'><strong>lecit.</strong></span> <span class='ocrx_word' id='word_1_57' title='bbox 563 1707 775 1781; x_wconf 86' lang='lat' dir='ltr'><strong>Eornmdem</strong></span> <span class='ocrx_word' id='word_1_58' title='bbox 811 1730 951 1803; x_wconf 91' lang='lat' dir='ltr'><strong>qnoque</strong></span> <span class='ocrx_word' id='word_1_59' title='bbox 981 1709 1085 1780; x_wconf 86' lang='lat' dir='ltr'><strong>simul</strong></span> <span class='ocrx_word' id='word_1_60' title='bbox 1114 1710 1273 1783; x_wconf 76' lang='lat' dir='ltr'><strong>meminit</strong></span> 
     </span>
     <span class='ocr_line' id='line_1_9' title="bbox 144 1825 1274 1914; baseline 0.002 -12"><span class='ocrx_word' id='word_1_61' title='bbox 144 1830 153 1901; x_wconf 91' lang='grc'><strong>’.</strong></span> <span class='ocrx_word' id='word_1_62' title='bbox 191 1830 312 1902; x_wconf 85' lang='lat' dir='ltr'><strong>Cioero</strong></span> <span class='ocrx_word' id='word_1_63' title='bbox 331 1829 366 1900; x_wconf 91' lang='lat' dir='ltr'><strong>in</strong></span> <span class='ocrx_word' id='word_1_64' title='bbox 385 1825 560 1901; x_wconf 78' lang='lat' dir='ltr'><strong>Senectute</strong></span> <span class='ocrx_word' id='word_1_65' title='bbox 566 1854 578 1914; x_wconf 90' lang='lat'><strong>,·</strong></span> <span class='ocrx_word' id='word_1_66' title='bbox 596 1840 634 1903; x_wconf 84' lang='lat' dir='ltr'><strong>et</strong></span> <span class='ocrx_word' id='word_1_67' title='bbox 650 1829 763 1903; x_wconf 82' lang='lat' dir='ltr'><strong>Aulus</strong></span> <span class='ocrx_word' id='word_1_68' title='bbox 783 1830 914 1904; x_wconf 82' lang='lat' dir='ltr'><strong>Gellius</strong></span> <span class='ocrx_word' id='word_1_69' title='bbox 940 1832 975 1903; x_wconf 91' lang='lat' dir='ltr'><strong>in</strong></span> <span class='ocrx_word' id='word_1_70' title='bbox 1002 1830 1163 1903; x_wconf 75' lang='lat' dir='ltr'><strong>Noctibus</strong></span> <span class='ocrx_word' id='word_1_71' title='bbox 1187 1832 1274 1904; x_wconf 81' lang='lat' dir='ltr'><strong>lot-</strong></span> 
     </span>
     <span class='ocr_line' id='line_1_10' title="bbox 191 1950 1273 2050; baseline 0.006 -29"><span class='ocrx_word' id='word_1_72' title='bbox 191 1956 250 2036; x_wconf 81' lang='lat' dir='ltr'><strong>ris,</strong></span> <span class='ocrx_word' id='word_1_73' title='bbox 272 1950 331 2023; x_wconf 91' lang='lat' dir='ltr'><strong>ubi</strong></span> <span class='ocrx_word' id='word_1_74' title='bbox 346 1952 529 2026; x_wconf 87' lang='lat' dir='ltr'><strong>amborum</strong></span> <span class='ocrx_word' id='word_1_75' title='bbox 547 1954 798 2050; x_wconf 87' lang='lat' dir='ltr'><strong>epigrammata</strong></span> <span class='ocrx_word' id='word_1_76' title='bbox 823 1953 990 2040; x_wconf 82' lang='lat' dir='ltr'><strong>describit</strong></span> <span class='ocrx_word' id='word_1_77' title='bbox 1015 1976 1179 2028; x_wconf 86' lang='lat' dir='ltr'><strong>sermone</strong></span> <span class='ocrx_word' id='word_1_78' title='bbox 1211 1976 1273 2027; x_wconf 74' lang='lat' dir='ltr'><strong>vo</strong></span> 
     </span>
     <span class='ocr_line' id='line_1_11' title="bbox 192 2073 1272 2173; baseline 0.004 -26"><span class='ocrx_word' id='word_1_79' title='bbox 192 2073 397 2148; x_wconf 78' lang='lat' dir='ltr'><strong>iustissimo.</strong></span> <span class='ocrx_word' id='word_1_80' title='bbox 419 2076 490 2148; x_wconf 87' lang='lat' dir='ltr'><strong>Sed</strong></span> <span class='ocrx_word' id='word_1_81' title='bbox 508 2076 594 2170; x_wconf 89' lang='lat' dir='ltr'><strong>quid</strong></span> <span class='ocrx_word' id='word_1_82' title='bbox 613 2080 706 2169; x_wconf 79' lang='lat' dir='ltr'><strong>ago?</strong></span> <span class='ocrx_word' id='word_1_83' title='bbox 729 2076 816 2162; x_wconf 87' lang='lat' dir='ltr'><strong>Quis</strong></span> <span class='ocrx_word' id='word_1_84' title='bbox 830 2077 939 2162; x_wconf 86' lang='lat' dir='ltr'><strong>enim,</strong></span> <span class='ocrx_word' id='word_1_85' title='bbox 956 2098 1099 2172; x_wconf 77' lang='lat' dir='ltr'><strong>quaeso,</strong></span> <span class='ocrx_word' id='word_1_86' title='bbox 1117 2100 1272 2173; x_wconf 90' lang='lat' dir='ltr'><strong>unquam</strong></span> 
     </span>
     <span class='ocr_line' id='line_1_12' title="bbox 190 2198 1273 2294; baseline 0.005 -26"><span class='ocrx_word' id='word_1_87' title='bbox 190 2200 334 2293; x_wconf 80' lang='lat' dir='ltr'><strong>poetioae</strong></span> <span class='ocrx_word' id='word_1_88' title='bbox 352 2220 478 2271; x_wconf 90' lang='lat' dir='ltr'><strong>nornen</strong></span> <span class='ocrx_word' id='word_1_89' title='bbox 498 2198 633 2294; x_wconf 82' lang='lat' dir='ltr'><strong>absque</strong></span> <span class='ocrx_word' id='word_1_90' title='bbox 652 2200 789 2272; x_wconf 88' lang='lat' dir='ltr'><strong>illorum</strong></span> <span class='ocrx_word' id='word_1_91' title='bbox 808 2199 1007 2273; x_wconf 86' lang='lat' dir='ltr'><strong>nominibus</strong></span> <span class='ocrx_word' id='word_1_92' title='bbox 1028 2200 1188 2276; x_wconf 78' lang='lat' dir='ltr'><strong>audivit?</strong></span> <span class='ocrx_word' id='word_1_93' title='bbox 1207 2202 1273 2273; x_wconf 90' lang='lat' dir='ltr'><strong>lta-</strong></span> 
     </span>
     <span class='ocr_line' id='line_1_13' title="bbox 189 2322 1270 2418; baseline 0.004 -23"><span class='ocrx_word' id='word_1_94' title='bbox 189 2346 258 2418; x_wconf 90' lang='lat' dir='ltr'><strong>que</strong></span> <span class='ocrx_word' id='word_1_95' title='bbox 285 2334 458 2418; x_wconf 82' lang='lat' dir='ltr'><strong>stuporem</strong></span> <span class='ocrx_word' id='word_1_96' title='bbox 477 2332 575 2394; x_wconf 91' lang='lat' dir='ltr'><strong>tuum</strong></span> <span class='ocrx_word' id='word_1_97' title='bbox 596 2333 736 2416; x_wconf 88' lang='lat' dir='ltr'><strong>stupeo;</strong></span> <span class='ocrx_word' id='word_1_98' title='bbox 757 2333 890 2396; x_wconf 87' lang='lat' dir='ltr'><strong>etcum</strong></span> <span class='ocrx_word' id='word_1_99' title='bbox 912 2322 1003 2395; x_wconf 94' lang='lat' dir='ltr'><strong>bona</strong></span> <span class='ocrx_word' id='word_1_100' title='bbox 1022 2323 1138 2409; x_wconf 84' lang='lat' dir='ltr'><strong>venia,</strong></span> <span class='ocrx_word' id='word_1_101' title='bbox 1160 2334 1270 2418; x_wconf 85' lang='lat' dir='ltr'><strong>pater,</strong></span> 
     </span>
     <span class='ocr_line' id='line_1_14' title="bbox 190 2445 1272 2540; baseline 0.002 -23"><span class='ocrx_word' id='word_1_102' title='bbox 190 2445 351 2532; x_wconf 86' lang='lat' dir='ltr'><strong>obsecro,</strong></span> <span class='ocrx_word' id='word_1_103' title='bbox 370 2467 414 2516; x_wconf 93' lang='lat' dir='ltr'><strong>ne</strong></span> <span class='ocrx_word' id='word_1_104' title='bbox 427 2445 461 2514; x_wconf 93' lang='lat' dir='ltr'><strong>in</strong></span> <span class='ocrx_word' id='word_1_105' title='bbox 475 2466 599 2516; x_wconf 90' lang='lat' dir='ltr'><strong>manus</strong></span> <span class='ocrx_word' id='word_1_106' title='bbox 618 2445 750 2517; x_wconf 90' lang='lat' dir='ltr'><strong>alienas</strong></span> <span class='ocrx_word' id='word_1_107' title='bbox 771 2447 838 2517; x_wconf 90' lang='lat' dir='ltr'><strong>ista</strong></span> <span class='ocrx_word' id='word_1_108' title='bbox 855 2445 1076 2540; x_wconf 80' lang='lat' dir='ltr'><strong>perveniant3</strong></span> <span class='ocrx_word' id='word_1_109' title='bbox 1094 2468 1165 2540; x_wconf 94' lang='lat' dir='ltr'><strong>quo</strong></span> <span class='ocrx_word' id='word_1_110' title='bbox 1180 2450 1272 2520; x_wconf 91' lang='lat' dir='ltr'><strong>enim</strong></span> 
     </span>
     <span class='ocr_line' id='line_1_15' title="bbox 189 2567 1271 2650; baseline 0.002 -9"><span class='ocrx_word' id='word_1_111' title='bbox 189 2574 283 2642; x_wconf 84' lang='lat' dir='ltr'><strong>lama</strong></span> <span class='ocrx_word' id='word_1_112' title='bbox 302 2572 427 2641; x_wconf 87' lang='lat' dir='ltr'><strong>clarior</strong></span> <span class='ocrx_word' id='word_1_113' title='bbox 452 2576 509 2639; x_wconf 91' lang='lat' dir='ltr'><strong>est</strong></span> <span class='ocrx_word' id='word_1_114' title='bbox 536 2580 609 2650; x_wconf 89' lang='lat' dir='ltr'><strong>tua,</strong></span> <span class='ocrx_word' id='word_1_115' title='bbox 639 2589 682 2638; x_wconf 87' lang='lat' dir='ltr'><strong>oo</strong></span> <span class='ocrx_word' id='word_1_116' title='bbox 708 2567 772 2639; x_wconf 89' lang='lat' dir='ltr'><strong>sibi</strong></span> <span class='ocrx_word' id='word_1_117' title='bbox 801 2567 992 2641; x_wconf 87' lang='lat' dir='ltr'><strong>studiosius</strong></span> <span class='ocrx_word' id='word_1_118' title='bbox 1018 2571 1271 2643; x_wconf 86' lang='lat' dir='ltr'><strong>consulendum</strong></span> 
     </span>
     <span class='ocr_line' id='line_1_16' title="bbox 188 2689 1272 2789; baseline 0.002 -25"><span class='ocrx_word' id='word_1_119' title='bbox 188 2703 253 2764; x_wconf 90' lang='lat' dir='ltr'><strong>est.</strong></span> <span class='ocrx_word' id='word_1_120' title='bbox 275 2693 412 2762; x_wconf 85' lang='lat' dir='ltr'><strong>Mecum</strong></span> <span class='ocrx_word' id='word_1_121' title='bbox 433 2690 574 2783; x_wconf 85' lang='lat' dir='ltr'><strong>quidem</strong></span> <span class='ocrx_word' id='word_1_122' title='bbox 592 2711 662 2760; x_wconf 89' lang='lat' dir='ltr'><strong>nou</strong></span> <span class='ocrx_word' id='word_1_123' title='bbox 674 2689 773 2761; x_wconf 87' lang='lat' dir='ltr'><strong>aliter</strong></span> <span class='ocrx_word' id='word_1_124' title='bbox 788 2713 892 2784; x_wconf 93' lang='lat' dir='ltr'><strong>quam</strong></span> <span class='ocrx_word' id='word_1_125' title='bbox 911 2703 1026 2763; x_wconf 85' lang='lat' dir='ltr'><strong>tecum</strong></span> <span class='ocrx_word' id='word_1_126' title='bbox 1043 2693 1159 2766; x_wconf 88' lang='lat' dir='ltr'><strong>omnia</strong></span> <span class='ocrx_word' id='word_1_127' title='bbox 1179 2696 1272 2789; x_wconf 92' lang='lat' dir='ltr'><strong>loqui</strong></span> 
     </span>
     <span class='ocr_line' id='line_1_17' title="bbox 189 2813 1273 2910; baseline 0.002 -24"><span class='ocrx_word' id='word_1_128' title='bbox 189 2826 305 2910; x_wconf 89' lang='lat' dir='ltr'><strong>potes,</strong></span> <span class='ocrx_word' id='word_1_129' title='bbox 339 2826 375 2885; x_wconf 88' lang='lat' dir='ltr'><strong>et</strong></span> <span class='ocrx_word' id='word_1_130' title='bbox 409 2813 528 2909; x_wconf 78' lang='lat' dir='ltr'><strong>(quod</strong></span> <span class='ocrx_word' id='word_1_131' title='bbox 548 2834 667 2885; x_wconf 87' lang='lat' dir='ltr'><strong>secum</strong></span> <span class='ocrx_word' id='word_1_132' title='bbox 687 2813 778 2885; x_wconf 86' lang='lat' dir='ltr'><strong>docti</strong></span> <span class='ocrx_word' id='word_1_133' title='bbox 800 2813 950 2909; x_wconf 83' lang='lat' dir='ltr'><strong>iaciunt)</strong></span> <span class='ocrx_word' id='word_1_134' title='bbox 986 2822 1122 2886; x_wconf 87' lang='lat' dir='ltr'><strong>mutare</strong></span> <span class='ocrx_word' id='word_1_135' title='bbox 1144 2837 1188 2888; x_wconf 87' lang='lat' dir='ltr'><strong>ao</strong></span> <span class='ocrx_word' id='word_1_136' title='bbox 1219 2838 1273 2888; x_wconf 80' lang='lat' dir='ltr'><strong>ro·</strong></span> 
     </span>
     <span class='ocr_line' id='line_1_18' title="bbox 190 2935 1271 3036; baseline 0.003 -27"><span class='ocrx_word' id='word_1_137' title='bbox 190 2948 337 3012; x_wconf 89' lang='lat' dir='ltr'><strong>traotare</strong></span> <span class='ocrx_word' id='word_1_138' title='bbox 353 2958 435 3032; x_wconf 86' lang='lat' dir='ltr'><strong>quae</strong></span> <span class='ocrx_word' id='word_1_139' title='bbox 455 2936 600 3009; x_wconf 83' lang='lat' dir='ltr'><strong>dixeris.</strong></span> <span class='ocrx_word' id='word_1_140' title='bbox 615 2935 661 3007; x_wconf 81' lang='lat' dir='ltr'><strong>At</strong></span> <span class='ocrx_word' id='word_1_141' title='bbox 680 2946 865 3031; x_wconf 89' lang='lat' dir='ltr'><strong>postquam</strong></span> <span class='ocrx_word' id='word_1_142' title='bbox 882 2937 917 3007; x_wconf 95' lang='lat' dir='ltr'><strong>in</strong></span> <span class='ocrx_word' id='word_1_143' title='bbox 938 2940 1068 3030; x_wconf 88' lang='lat' dir='ltr'><strong>vulgus</strong></span> <span class='ocrx_word' id='word_1_144' title='bbox 1087 2937 1181 3011; x_wconf 89' lang='lat' dir='ltr'><strong>diota</strong></span> <span class='ocrx_word' id='word_1_145' title='bbox 1193 2962 1271 3036; x_wconf 88' lang='lat' dir='ltr'><strong>per·</strong></span> 
     </span>
     <span class='ocr_line' id='line_1_19' title="bbox 188 3059 1270 3154; baseline 0.002 -22"><span class='ocrx_word' id='word_1_146' title='bbox 188 3060 357 3148; x_wconf 85' lang='lat' dir='ltr'><strong>venerint,</strong></span> <span class='ocrx_word' id='word_1_147' title='bbox 378 3084 420 3134; x_wconf 89' lang='lat' dir='ltr'><strong>ea</strong></span> <span class='ocrx_word' id='word_1_148' title='bbox 438 3061 581 3134; x_wconf 89' lang='lat' dir='ltr'><strong>demum</strong></span> <span class='ocrx_word' id='word_1_149' title='bbox 597 3062 743 3133; x_wconf 83' lang='lat' dir='ltr'><strong>facultas</strong></span> <span class='ocrx_word' id='word_1_150' title='bbox 768 3059 926 3154; x_wconf 88' lang='lat' dir='ltr'><strong>eripitur,</strong></span> <span class='ocrx_word' id='word_1_151' title='bbox 949 3071 985 3130; x_wconf 92' lang='lat' dir='ltr'><strong>et</strong></span> <span class='ocrx_word' id='word_1_152' title='bbox 1005 3063 1196 3133; x_wconf 88' lang='lat' dir='ltr'><strong>multorum</strong></span> <span class='ocrx_word' id='word_1_153' title='bbox 1217 3063 1270 3135; x_wconf 91' lang='lat' dir='ltr'><strong>iu-</strong></span> 
     </span>
     <span class='ocr_line' id='line_1_20' title="bbox 187 3184 1270 3280; baseline 0 -22"><span class='ocrx_word' id='word_1_154' title='bbox 187 3187 277 3258; x_wconf 85' lang='lat' dir='ltr'><strong>dicia</strong></span> <span class='ocrx_word' id='word_1_155' title='bbox 304 3184 485 3258; x_wconf 90' lang='lat' dir='ltr'><strong>subeunda</strong></span> <span class='ocrx_word' id='word_1_156' title='bbox 519 3195 609 3257; x_wconf 88' lang='lat' dir='ltr'><strong>suut.</strong></span> <span class='ocrx_word' id='word_1_157' title='bbox 646 3187 722 3279; x_wconf 84' lang='lat' dir='ltr'><strong>Ego</strong></span> <span class='ocrx_word' id='word_1_158' title='bbox 745 3184 927 3280; x_wconf 89' lang='lat' dir='ltr'><strong>epistolam</strong></span> <span class='ocrx_word' id='word_1_159' title='bbox 949 3195 1043 3256; x_wconf 90' lang='lat' dir='ltr'><strong>tuam</strong></span> <span class='ocrx_word' id='word_1_160' title='bbox 1071 3184 1115 3257; x_wconf 92' lang='lat' dir='ltr'><strong>ad</strong></span> <span class='ocrx_word' id='word_1_161' title='bbox 1141 3195 1177 3257; x_wconf 91' lang='lat' dir='ltr'><strong>te</strong></span> <span class='ocrx_word' id='word_1_162' title='bbox 1204 3187 1270 3258; x_wconf 82' lang='lat' dir='ltr'><strong>sul)</strong></span> 
     </span>
     <span class='ocr_line' id='line_1_21' title="bbox 189 3308 1271 3402; baseline 0.004 -23"><span class='ocrx_word' id='word_1_163' title='bbox 189 3308 257 3380; x_wconf 88' lang='lat' dir='ltr'><strong>lida</strong></span> <span class='ocrx_word' id='word_1_164' title='bbox 270 3311 427 3382; x_wconf 87' lang='lat' dir='ltr'><strong>custodia</strong></span> <span class='ocrx_word' id='word_1_165' title='bbox 448 3311 597 3395; x_wconf 83' lang='lat' dir='ltr'><strong>remitto,</strong></span> <span class='ocrx_word' id='word_1_166' title='bbox 616 3320 653 3381; x_wconf 93' lang='lat' dir='ltr'><strong>et</strong></span> <span class='ocrx_word' id='word_1_167' title='bbox 672 3308 761 3382; x_wconf 90' lang='lat' dir='ltr'><strong>hano</strong></span> <span class='ocrx_word' id='word_1_168' title='bbox 780 3309 827 3380; x_wconf 92' lang='lat' dir='ltr'><strong>illi</strong></span> <span class='ocrx_word' id='word_1_169' title='bbox 848 3310 1023 3402; x_wconf 88' lang='lat' dir='ltr'><strong>alligatam</strong></span> <span class='ocrx_word' id='word_1_170' title='bbox 1045 3311 1151 3396; x_wconf 84' lang='lat' dir='ltr'><strong>mitto,</strong></span> <span class='ocrx_word' id='word_1_171' title='bbox 1168 3311 1271 3383; x_wconf 88' lang='lat' dir='ltr'><strong>cuius</strong></span> 
     </span>
     <span class='ocr_line' id='line_1_22' title="bbox 186 3431 1267 3525; baseline 0.001 -21"><span class='ocrx_word' id='word_1_172' title='bbox 186 3435 386 3525; x_wconf 82' lang='lat' dir='ltr'><strong>exemplum</strong></span> <span class='ocrx_word' id='word_1_173' title='bbox 404 3433 495 3525; x_wconf 88' lang='lat' dir='ltr'><strong>apud</strong></span> <span class='ocrx_word' id='word_1_174' title='bbox 509 3454 563 3503; x_wconf 88' lang='lat' dir='ltr'><strong>mo</strong></span> <span class='ocrx_word' id='word_1_175' title='bbox 581 3431 747 3518; x_wconf 89' lang='lat' dir='ltr'><strong>manebit,</strong></span> <span class='ocrx_word' id='word_1_176' title='bbox 766 3455 836 3504; x_wconf 92' lang='lat' dir='ltr'><strong>non</strong></span> <span class='ocrx_word' id='word_1_177' title='bbox 852 3433 898 3505; x_wconf 91' lang='lat' dir='ltr'><strong>ob</strong></span> <span class='ocrx_word' id='word_1_178' title='bbox 916 3434 1017 3504; x_wconf 91' lang='lat' dir='ltr'><strong>aliam</strong></span> <span class='ocrx_word' id='word_1_179' title='bbox 1036 3457 1181 3508; x_wconf 88' lang='lat' dir='ltr'><strong>oausam</strong></span> <span class='ocrx_word' id='word_1_180' title='bbox 1199 3435 1267 3507; x_wconf 88' lang='lat' dir='ltr'><strong>nisi</strong></span> 
     </span>
     <span class='ocr_line' id='line_1_23' title="bbox 188 3554 1268 3650; baseline 0.005 -24"><span class='ocrx_word' id='word_1_181' title='bbox 188 3567 243 3642; x_wconf 88' lang='lat' dir='ltr'><strong>ut,</strong></span> <span class='ocrx_word' id='word_1_182' title='bbox 263 3555 291 3626; x_wconf 91' lang='lat' dir='ltr'><strong>si</strong></span> <span class='ocrx_word' id='word_1_183' title='bbox 313 3556 397 3648; x_wconf 91' lang='lat' dir='ltr'><strong>quid</strong></span> <span class='ocrx_word' id='word_1_184' title='bbox 417 3554 530 3627; x_wconf 85' lang='lat' dir='ltr'><strong>adhuc</strong></span> <span class='ocrx_word' id='word_1_185' title='bbox 550 3556 833 3650; x_wconf 87' lang='lat' dir='ltr'><strong>respondendum</strong></span> <span class='ocrx_word' id='word_1_186' title='bbox 854 3557 1019 3643; x_wconf 81' lang='lat' dir='ltr'><strong>duxeris,</strong></span> <span class='ocrx_word' id='word_1_187' title='bbox 1047 3559 1133 3630; x_wconf 92' lang='lat' dir='ltr'><strong>dum</strong></span> <span class='ocrx_word' id='word_1_188' title='bbox 1157 3558 1268 3631; x_wconf 85' lang='lat' dir='ltr'><strong>verba</strong></span> 
     </span>
     <span class='ocr_line' id='line_1_24' title="bbox 188 3677 1271 3774; baseline 0.004 -24"><span class='ocrx_word' id='word_1_189' title='bbox 188 3678 307 3750; x_wconf 89' lang='lat' dir='ltr'><strong>verbis</strong></span> <span class='ocrx_word' id='word_1_190' title='bbox 320 3680 466 3762; x_wconf 83' lang='lat' dir='ltr'><strong>contero,</strong></span> <span class='ocrx_word' id='word_1_191' title='bbox 481 3677 682 3749; x_wconf 87' lang='lat' dir='ltr'><strong>memoriam</strong></span> <span class='ocrx_word' id='word_1_192' title='bbox 702 3700 773 3749; x_wconf 90' lang='lat' dir='ltr'><strong>non</strong></span> <span class='ocrx_word' id='word_1_193' title='bbox 793 3679 946 3771; x_wconf 81' lang='lat' dir='ltr'><strong>fatigem.</strong></span> <span class='ocrx_word' id='word_1_194' title='bbox 962 3680 1076 3752; x_wconf 90' lang='lat' dir='ltr'><strong>Unum</strong></span> <span class='ocrx_word' id='word_1_195' title='bbox 1098 3694 1271 3774; x_wconf 75' lang='lat' dir='ltr'><strong>praterea</strong></span> 
     </span>
     <span class='ocr_line' id='line_1_25' title="bbox 187 3799 1273 3897; baseline 0.003 -26"><span class='ocrx_word' id='word_1_196' title='bbox 187 3802 269 3872; x_wconf 90' lang='lat' dir='ltr'><strong>novi</strong></span> <span class='ocrx_word' id='word_1_197' title='bbox 289 3811 325 3871; x_wconf 89' lang='lat' dir='ltr'><strong>et</strong></span> <span class='ocrx_word' id='word_1_198' title='bbox 344 3801 471 3873; x_wconf 82' lang='lat' dir='ltr'><strong>exotici</strong></span> <span class='ocrx_word' id='word_1_199' title='bbox 491 3799 663 3892; x_wconf 85' lang='lat' dir='ltr'><strong>dogmatis·</strong></span> <span class='ocrx_word' id='word_1_200' title='bbox 690 3801 844 3883; x_wconf 87' lang='lat' dir='ltr'><strong>inducis;</strong></span> <span class='ocrx_word' id='word_1_201' title='bbox 872 3810 950 3873; x_wconf 89' lang='lat' dir='ltr'><strong>utar</strong></span> <span class='ocrx_word' id='word_1_202' title='bbox 970 3803 1066 3872; x_wconf 90' lang='lat' dir='ltr'><strong>enim</strong></span> <span class='ocrx_word' id='word_1_203' title='bbox 1106 3806 1209 3897; x_wconf 89' lang='lat' dir='ltr'><strong>plena</strong></span> <span class='ocrx_word' id='word_1_204' title='bbox 1233 3804 1273 3876; x_wconf 92' lang='lat' dir='ltr'><strong>li·</strong></span> 
     </span>
     <span class='ocr_line' id='line_1_26' title="bbox 187 3922 1271 4019; baseline 0.001 -23"><span class='ocrx_word' id='word_1_205' title='bbox 187 3925 334 4010; x_wconf 89' lang='lat' dir='ltr'><strong>bertate,</strong></span> <span class='ocrx_word' id='word_1_206' title='bbox 353 3923 492 4017; x_wconf 88' lang='lat' dir='ltr'><strong>quando</strong></span> <span class='ocrx_word' id='word_1_207' title='bbox 510 3924 620 3993; x_wconf 90' lang='lat' dir='ltr'><strong>semel</strong></span> <span class='ocrx_word' id='word_1_208' title='bbox 637 3944 707 3993; x_wconf 90' lang='lat' dir='ltr'><strong>non</strong></span> <span class='ocrx_word' id='word_1_209' title='bbox 723 3925 873 4018; x_wconf 88' lang='lat' dir='ltr'><strong>ooepisse</strong></span> <span class='ocrx_word' id='word_1_210' title='bbox 894 3948 963 3997; x_wconf 91' lang='lat' dir='ltr'><strong>non</strong></span> <span class='ocrx_word' id='word_1_211' title='bbox 983 3946 1141 4019; x_wconf 89' lang='lat' dir='ltr'><strong>possum.</strong></span> <span class='ocrx_word' id='word_1_212' title='bbox 1160 3922 1271 3997; x_wconf 85' lang='lat' dir='ltr'><strong>Asse-</strong></span> 
     </span>
     <span class='ocr_line' id='line_1_27' title="bbox 186 4047 1270 4140; baseline 0.006 -25"><span class='ocrx_word' id='word_1_213' title='bbox 186 4049 251 4133; x_wconf 88' lang='lat' dir='ltr'><strong>ris,</strong></span> <span class='ocrx_word' id='word_1_214' title='bbox 270 4049 418 4119; x_wconf 83' lang='lat' dir='ltr'><strong>Ennium</strong></span> <span class='ocrx_word' id='word_1_215' title='bbox 431 4058 466 4119; x_wconf 86' lang='lat' dir='ltr'><strong>et</strong></span> <span class='ocrx_word' id='word_1_216' title='bbox 479 4047 625 4118; x_wconf 84' lang='lat' dir='ltr'><strong>Statium</strong></span> <span class='ocrx_word' id='word_1_217' title='bbox 640 4048 822 4140; x_wconf 86' lang='lat' dir='ltr'><strong>Papinium</strong></span> <span class='ocrx_word' id='word_1_218' title='bbox 835 4060 1032 4121; x_wconf 83' lang='lat' dir='ltr'><strong>coaetaneos</strong></span> <span class='ocrx_word' id='word_1_219' title='bbox 1046 4049 1167 4120; x_wconf 80' lang='lat' dir='ltr'><strong>luisse.</strong></span> <span class='ocrx_word' id='word_1_220' title='bbox 1184 4049 1270 4135; x_wconf 84' lang='lat' dir='ltr'><strong>Quis</strong></span> 
     </span>
     <span class='ocr_line' id='line_1_28' title="bbox 187 4170 1273 4267; baseline 0.002 -27"><span class='ocrx_word' id='word_1_221' title='bbox 187 4181 230 4255; x_wconf 88' lang='lat' dir='ltr'><strong>te,</strong></span> <span class='ocrx_word' id='word_1_222' title='bbox 252 4192 322 4256; x_wconf 83' lang='lat' dir='ltr'><strong>oro,</strong></span> <span class='ocrx_word' id='word_1_223' title='bbox 341 4180 446 4265; x_wconf 88' lang='lat' dir='ltr'><strong>pater,</strong></span> <span class='ocrx_word' id='word_1_224' title='bbox 469 4170 504 4240; x_wconf 91' lang='lat' dir='ltr'><strong>in</strong></span> <span class='ocrx_word' id='word_1_225' title='bbox 525 4170 615 4242; x_wconf 86' lang='lat' dir='ltr'><strong>hanc</strong></span> <span class='ocrx_word' id='word_1_226' title='bbox 639 4172 953 4265; x_wconf 84' lang='lat' dir='ltr'><strong>chronographiam</strong></span> <span class='ocrx_word' id='word_1_227' title='bbox 976 4171 1133 4267; x_wconf 75' lang='lat' dir='ltr'><strong>impulit?</strong></span> <span class='ocrx_word' id='word_1_228' title='bbox 1150 4171 1273 4255; x_wconf 82' lang='lat' dir='ltr'><strong>Quian</strong></span> 
     </span>
     <span class='ocr_line' id='line_1_29' title="bbox 189 4294 1271 4391; baseline 0.005 -29"><span class='ocrx_word' id='word_1_229' title='bbox 189 4301 221 4362; x_wconf 90' lang='lat' dir='ltr'><strong>te</strong></span> <span class='ocrx_word' id='word_1_230' title='bbox 241 4317 333 4365; x_wconf 88' lang='lat' dir='ltr'><strong>nunc</strong></span> <span class='ocrx_word' id='word_1_231' title='bbox 357 4295 424 4364; x_wconf 90' lang='lat' dir='ltr'><strong>ista</strong></span> <span class='ocrx_word' id='word_1_232' title='bbox 443 4295 631 4391; x_wconf 80' lang='lat' dir='ltr'><strong>poscebat?</strong></span> <span class='ocrx_word' id='word_1_233' title='bbox 651 4294 757 4389; x_wconf 81' lang='lat' dir='ltr'><strong>Atqui</strong></span> <span class='ocrx_word' id='word_1_234' title='bbox 776 4295 936 4368; x_wconf 87' lang='lat' dir='ltr'><strong>exactius</strong></span> <span class='ocrx_word' id='word_1_235' title='bbox 958 4296 1023 4367; x_wconf 87' lang='lat' dir='ltr'><strong>hoo</strong></span> <span class='ocrx_word' id='word_1_236' title='bbox 1044 4297 1073 4367; x_wconf 90' lang='lat' dir='ltr'><strong>si</strong></span> <span class='ocrx_word' id='word_1_237' title='bbox 1098 4296 1271 4389; x_wconf 80' lang='lat' dir='ltr'><strong>inquiraS,</strong></span> 
     </span>
     <span class='ocr_line' id='line_1_30' title="bbox 188 4416 1275 4514; baseline 0.007 -33"><span class='ocrx_word' id='word_1_238' title='bbox 188 4416 355 4501; x_wconf 73' lang='lat' dir='ltr'><strong>iuvenies</strong></span> <span class='ocrx_word' id='word_1_239' title='bbox 370 4418 519 4490; x_wconf 79' lang='lat' dir='ltr'><strong>Ennium</strong></span> <span class='ocrx_word' id='word_1_240' title='bbox 539 4419 605 4490; x_wconf 87' lang='lat' dir='ltr'><strong>suh</strong></span> <span class='ocrx_word' id='word_1_241' title='bbox 622 4417 783 4491; x_wconf 78' lang='lat' dir='ltr'><strong>Africano</strong></span> <span class='ocrx_word' id='word_1_242' title='bbox 800 4420 947 4502; x_wconf 80' lang='lat' dir='ltr'><strong>maiore3</strong></span> <span class='ocrx_word' id='word_1_243' title='bbox 962 4419 1126 4505; x_wconf 89' lang='lat' dir='ltr'><strong>Statium,</strong></span> <span class='ocrx_word' id='word_1_244' title='bbox 1142 4420 1275 4514; x_wconf 86' lang='lat' dir='ltr'><strong>aliquot</strong></span> 
     </span>
     <span class='ocr_line' id='line_1_31' title="bbox 189 4537 1273 4636; baseline 0.009 -31"><span class='ocrx_word' id='word_1_245' title='bbox 189 4537 325 4609; x_wconf 86' lang='lat' dir='ltr'><strong>saeculis</strong></span> <span class='ocrx_word' id='word_1_246' title='bbox 359 4539 563 4625; x_wconf 84' lang='lat' dir='ltr'><strong>interiectis,</strong></span> <span class='ocrx_word' id='word_1_247' title='bbox 598 4543 665 4614; x_wconf 87' lang='lat' dir='ltr'><strong>sub</strong></span> <span class='ocrx_word' id='word_1_248' title='bbox 695 4543 890 4614; x_wconf 90' lang='lat' dir='ltr'><strong>Domitiano</strong></span> <span class='ocrx_word' id='word_1_249' title='bbox 915 4542 1070 4636; x_wconf 89' lang='lat' dir='ltr'><strong>principe</strong></span> <span class='ocrx_word' id='word_1_250' title='bbox 1098 4542 1273 4616; x_wconf 82' lang='lat' dir='ltr'><strong>floruisse.</strong></span> 
     </span>
    </p>
   </div>
   <div class='ocr_carea' id='block_1_4' title="bbox 0 0 1350 5024">
    <p class='ocr_par' dir='ltr' id='par_1_4' title="bbox 0 0 1350 5024">
     <span class='ocr_line' id='line_1_32' title="bbox 0 0 1350 5024; baseline 0 1"><span class='ocrx_word' id='word_1_251' title='bbox 0 0 1350 5024; x_wconf 95' lang='lat' dir='ltr'><strong> </strong></span> 
     </span>
    </p>
   </div>
  </div>
 </body>
</html>
