2692 5024
156 657 214 718 lli
491 667 533 714 ns
554 666 655 716 nanus
676 664 897 715 rsummruuus

156 812 255 884 malis
296 809 560 881 exercitatiores
602 808 896 902 purgatioresque
938 830 1139 895 servamur,
1186 815 1241 883 vel

156 933 296 1007 omnino
321 931 454 1023 aliquid
481 942 536 1002 est
555 930 651 1022 quod
671 952 735 1001 nec
754 929 909 1021 cogitare
932 930 1137 1004 sufficimus.
1166 935 1241 1005 Cae-

158 1066 270 1127 terum
296 1075 525 1146 quaecumque
559 1051 629 1122 sint
652 1074 784 1136 causae,
807 1054 1062 1145 quantumlibet
1095 1056 1238 1140 abdite,

156 1177 300 1249 effectus
321 1174 533 1271 apertissimi
552 1183 642 1245 sunt.
665 1174 735 1246 Sed
757 1184 794 1244 ut
814 1196 834 1245 a
858 1174 1005 1268 publicis
1022 1177 1067 1248 ad
1088 1179 1242 1272 privatas

159 1298 319 1372 lacrimas
341 1306 575 1380 revertamur,
605 1295 686 1367 anni
716 1296 877 1388 equidem
909 1299 1052 1369 secundi
1073 1299 1135 1369 vix
1155 1301 1242 1372 dum

159 1422 270 1515 prima
287 1443 368 1514 pars
386 1431 463 1490 acta
480 1426 549 1501 est,
569 1439 616 1489 ex
633 1438 703 1511 quo
722 1417 854 1490 ltaliam
872 1431 1048 1511 repetens
1067 1430 1103 1491 te
1125 1424 1243 1512 procul

160 1545 212 1634 adq
232 1547 359 1615 sontem
386 1541 520 1632 Sorgiae
546 1540 781 1611 lacrimantem
808 1543 992 1613 lacrimans
1010 1543 1141 1614 dimisi.
1167 1544 1241 1612 Non

161 1665 263 1736 iubeo
289 1665 324 1733 in
349 1663 491 1752 longum
518 1663 636 1734 oculos
664 1662 862 1734 reflectere:
888 1663 953 1736 bos
978 1667 1147 1759 pauculos
1168 1664 1241 1737 dies

161 1807 319 1870 numera,
342 1794 377 1855 et
397 1785 513 1875 cogita
531 1784 616 1876 quid
642 1806 797 1869 eramus,
824 1794 860 1855 et
892 1786 977 1878 quid
1010 1808 1146 1859 sumus.
1182 1788 1243 1859 Ubi

162 1911 283 1982 dulces
304 1930 396 1980 nunc
416 1907 546 1979 amici?
568 1906 632 1978 Ubi
653 1918 735 1978 sunt
752 1908 858 1978 amati
880 1910 1023 1979 vultus‘.l
1044 1909 1110 1981 Ubi
1136 1910 1242 1983 verba

163 2032 361 2117 mulcentia,
390 2031 447 2102 ubi
481 2030 576 2101 mitis
608 2039 644 2101 et
674 2029 823 2102 iucunda
856 2032 1110 2105 conversatio?
1147 2035 1244 2119 Quod

162 2157 292 2227 fulmen
318 2154 385 2225 ista
409 2154 657 2246 consumpsit?
690 2154 775 2237 Quis
809 2162 912 2226 terrae
946 2167 1059 2227 motus
1094 2159 1246 2229 evertit?

164 2276 251 2359 Quae
265 2286 454 2370 tempestas
469 2276 666 2347 demersit?
684 2275 771 2358 Quae
790 2277 943 2372 abyssus
960 2277 1165 2351 absorbuit?
1182 2281 1246 2351 Sti-

166 2401 234 2492 pati
267 2423 421 2484 eramus,
457 2421 564 2494 prope
590 2398 658 2468 iam
686 2400 749 2471 soli
780 2422 912 2471 sumus.
944 2402 1055 2473 Novae
1089 2403 1245 2475 amicitiae

75 2515 77 2519 ’
165 2524 413 2595 contrahendae
435 2534 527 2593 sunt.
547 2523 645 2594 Unde
663 2533 795 2606 autem,
816 2523 893 2593 sive
910 2523 955 2594 ad
972 2524 1074 2616 quid,
1094 2526 1244 2597 humano

167 2666 294 2733 genero
316 2666 413 2732 paene
434 2644 604 2723 extincto,
627 2655 662 2712 et
683 2646 842 2737 proximo
865 2644 916 2738 (ul
933 2649 1105 2741 auguror]
1134 2672 1244 2721 rerum

167 2765 263 2835 line‘.l
289 2766 416 2834 Sumus
445 2762 546 2854 (quid
576 2763 833 2859 dissimulem)
863 2791 945 2840 vere
968 2770 1042 2841 soli.
1066 2772 1192 2857 Credo,
1213 2772 1247 2844 id

167 2902 290 2982 agente
311 2891 396 2970 Deo,
421 2897 459 2958 ut
484 2887 568 2958 vitae
595 2887 700 2959 buius
726 2889 897 2961 illecebris
924 2892 1250 2988 impedimentisque

169 3012 339 3085 suavibus
361 3010 509 3102 spoliati,
541 3010 683 3082 liberius
705 3011 772 3081 iam
793 3013 838 3084 ad
859 3010 1001 3084 alteram
1021 3016 1249 3107 suspiremus.

170 3139 222 3206 En
242 3157 313 3227 quo
335 3133 448 3204 subita
471 3156 586 3203 rerum
609 3134 798 3204 mutatione
819 3137 1056 3229 pervenimus
1078 3149 1119 3209 nt
1145 3162 1252 3234 expc-

170 3258 228 3328 riri
251 3257 351 3326 liceat
372 3255 405 3324 in
427 3256 527 3325 uobis
549 3278 593 3326 an
615 3259 818 3347 praeclaram
844 3258 937 3328 illam
963 3261 1102 3354 Epicuri
1130 3285 1251 3334 vocem

171 3379 246 3449 iure
271 3377 447 3471 possimus
468 3377 605 3449 dicere:
636 3375 728 3448 Satis
748 3403 905 3471 acapnum
929 3384 1013 3451 ulter
1038 3385 1139 3453 alteri
1163 3386 1252 3452 thea-

172 3512 259 3569 trum
278 3522 413 3569 sumus:
432 3500 525 3592 quod
543 3510 581 3570 ut
598 3521 682 3571 vere
699 3501 765 3572 dici
781 3504 893 3593 possit
910 3527 930 3574 a
947 3504 1062 3590 nobis
1082 3507 1252 3599 quamdiu

172 3632 287 3695 tamen
313 3623 379 3694 diei
406 3621 560 3716 poterit?
585 3620 655 3692 bul
679 3623 759 3715 quis
788 3647 902 3717 augur
932 3636 1061 3698 statuat
1081 3651 1253 3720 quorsum

171 3744 272 3817 nobis
290 3745 410 3816 datum
429 3746 485 3828 sit,
504 3745 548 3814 de
566 3745 671 3815 buius
692 3747 801 3816 mutui
825 3748 948 3819 theatri
968 3750 1154 3823 stabilitate
1170 3774 1254 3824 con-

173 3867 293 3952 fidere,
315 3869 413 3936 alteri
435 3888 526 3935 secus
548 3867 618 3961 (sic)
642 3868 843 3941 nutantibus
861 3872 929 3941 iarn
948 3874 1141 3944 columnis?
1162 3876 1256 3958 Quid

172 3990 262 4058 enim
289 4011 356 4080 ego
381 3988 425 4059 de
452 4001 510 4059 tna
535 3988 607 4059 vita
632 3988 758 4059 certior
784 3991 861 4063 baec
887 3994 1054 4078 scribens,
1082 4018 1189 4087 quam
1220 4010 1255 4069 tu

175 4109 250 4179 baee
271 4113 467 4203 perlegens
490 4110 533 4180 de
554 4116 660 4181 mea?
680 4112 789 4182 Nimis
815 4115 984 4185 caducum
1003 4115 1104 4186 simul
1132 4128 1169 4187 el
1195 4140 1257 4188 su-

175 4232 318 4320 perbum
339 4233 467 4303 animal
484 4242 539 4302 est
555 4234 677 4316 b0m0;
696 4233 798 4306 nimis
815 4239 883 4308 alte
899 4237 1078 4328 fragilibus
1098 4260 1258 4332 snperae-

174 4350 290 4422 dibeat
311 4356 556 4426 fundamentis.
579 4357 606 4425 Ε
633 4367 727 4428 tauta
754 4359 923 4430 sodalium
946 4361 1061 4446 turba,
1084 4360 1129 4431 ad
1148 4384 1257 4453 quem

178 4473 304 4542 redacti
324 4499 504 4547 numerum
521 4501 658 4560 sumus,
674 4479 785 4552 vides.
800 4483 844 4551 Et
856 4503 951 4564 ecce,
968 4483 1050 4553 dum
1065 4483 1257 4574 loquimur,
