<?xml version="1.0" encoding="UTF-8"?>
<!DOCTYPE html PUBLIC "-//W3C//DTD XHTML 1.0 Transitional//EN"
    "http://www.w3.org/TR/xhtml1/DTD/xhtml1-transitional.dtd">
<html xmlns="http://www.w3.org/1999/xhtml" xml:lang="en" lang="en">
 <head>
  <title>
</title>
<meta http-equiv="Content-Type" content="text/html;charset=utf-8" />
  <meta name='ocr-system' content='tesseract 3.04.00' />
  <meta name='ocr-capabilities' content='ocr_page ocr_carea ocr_par ocr_line ocrx_word'/>
</head>
<body>
  <div class='ocr_page' id='page_1' title='image "./epistolaederebu00fracgoog_0290.png"; bbox 0 0 2692 5024; ppageno 0'>
   <div class='ocr_carea' id='block_1_1' title="bbox 329 680 1148 743">
    <p class='ocr_par' dir='ltr' id='par_1_1' title="bbox 329 680 1148 743">
     <span class='ocr_line' id='line_1_1' title="bbox 329 680 1148 743; baseline 0.007 -7"><span class='ocrx_word' id='word_1_1' title='bbox 329 688 422 736; x_wconf 80' lang='lat' dir='ltr'><strong>LlBER</strong></span> <span class='ocrx_word' id='word_1_2' title='bbox 442 688 615 738; x_wconf 78' lang='lat' dir='ltr'>SECUNDUS.</span> <span class='ocrx_word' id='word_1_3' title='bbox 626 708 667 721; x_wconf 90' lang='lat'>-</span> <span class='ocrx_word' id='word_1_4' title='bbox 676 689 831 740; x_wconf 75' lang='lat' dir='ltr'><strong>selsrotl</strong></span> <span class='ocrx_word' id='word_1_5' title='bbox 854 692 894 740; x_wconf 83' lang='lat' dir='ltr'><strong>lx.</strong></span> <span class='ocrx_word' id='word_1_6' title='bbox 1093 680 1148 743; x_wconf 69' lang='lat'><strong>127</strong></span> 
     </span>
    </p>
   </div>
   <div class='ocr_carea' id='block_1_2' title="bbox 69 833 1157 2641">
    <p class='ocr_par' dir='ltr' id='par_1_2' title="bbox 69 833 1157 2641">
     <span class='ocr_line' id='line_1_2' title="bbox 69 833 1156 928; baseline 0.008 -25"><span class='ocrx_word' id='word_1_7' title='bbox 69 855 126 904; x_wconf 91' lang='lat' dir='ltr'><strong>me</strong></span> <span class='ocrx_word' id='word_1_8' title='bbox 143 833 240 903; x_wconf 88' lang='lat' dir='ltr'><strong>alteri</strong></span> <span class='ocrx_word' id='word_1_9' title='bbox 258 854 383 926; x_wconf 85' lang='lat' dir='ltr'><strong>parere</strong></span> <span class='ocrx_word' id='word_1_10' title='bbox 402 834 560 902; x_wconf 92' lang='lat' dir='ltr'><strong>voluisti:</strong></span> <span class='ocrx_word' id='word_1_11' title='bbox 576 834 605 904; x_wconf 90' lang='lat' dir='ltr'><strong>si</strong></span> <span class='ocrx_word' id='word_1_12' title='bbox 614 835 704 904; x_wconf 88' lang='lat' dir='ltr'><strong>alter</strong></span> <span class='ocrx_word' id='word_1_13' title='bbox 717 835 857 928; x_wconf 83' lang='lat' dir='ltr'>proprie</span> <span class='ocrx_word' id='word_1_14' title='bbox 878 835 1002 906; x_wconf 85' lang='lat' dir='ltr'><strong>dieitur</strong></span> <span class='ocrx_word' id='word_1_15' title='bbox 1024 836 1102 909; x_wconf 86' lang='lat' dir='ltr'><strong>talis</strong></span> <span class='ocrx_word' id='word_1_16' title='bbox 1120 850 1156 912; x_wconf 85' lang='lat' dir='ltr'><strong>et</strong></span> 
     </span>
     <span class='ocr_line' id='line_1_3' title="bbox 71 955 1156 1047; baseline 0.003 -19"><span class='ocrx_word' id='word_1_17' title='bbox 71 967 141 1028; x_wconf 90' lang='lat' dir='ltr'><strong>tam</strong></span> <span class='ocrx_word' id='word_1_18' title='bbox 155 955 329 1026; x_wconf 83' lang='lat' dir='ltr'><strong>unanimis</strong></span> <span class='ocrx_word' id='word_1_19' title='bbox 343 977 542 1047; x_wconf 88' lang='lat' dir='ltr'><strong>germanus.</strong></span> <span class='ocrx_word' id='word_1_20' title='bbox 560 956 652 1026; x_wconf 91' lang='lat' dir='ltr'><strong>Nihil</strong></span> <span class='ocrx_word' id='word_1_21' title='bbox 666 956 721 1026; x_wconf 88' lang='lat' dir='ltr'><strong>hio</strong></span> <span class='ocrx_word' id='word_1_22' title='bbox 735 956 819 1026; x_wconf 86' lang='lat' dir='ltr'><strong>milri</strong></span> <span class='ocrx_word' id='word_1_23' title='bbox 833 958 994 1030; x_wconf 80' lang='lat' dir='ltr'><strong>conscius</strong></span> <span class='ocrx_word' id='word_1_24' title='bbox 1015 982 1108 1031; x_wconf 92' lang='lat' dir='ltr'><strong>sum:</strong></span> <span class='ocrx_word' id='word_1_25' title='bbox 1124 962 1156 1033; x_wconf 93' lang='lat' dir='ltr'><strong>si</strong></span> 
     </span>
     <span class='ocr_line' id='line_1_4' title="bbox 69 1077 1156 1173; baseline 0.005 -23"><span class='ocrx_word' id='word_1_26' title='bbox 69 1081 171 1173; x_wconf 86' lang='lat' dir='ltr'><strong>culpa</strong></span> <span class='ocrx_word' id='word_1_27' title='bbox 191 1088 258 1162; x_wconf 89' lang='lat' dir='ltr'><strong>est,</strong></span> <span class='ocrx_word' id='word_1_28' title='bbox 282 1079 338 1148; x_wconf 89' lang='lat' dir='ltr'><strong>vel</strong></span> <span class='ocrx_word' id='word_1_29' title='bbox 360 1077 420 1148; x_wconf 88' lang='lat' dir='ltr'><strong>tibi</strong></span> <span class='ocrx_word' id='word_1_30' title='bbox 440 1099 554 1172; x_wconf 85' lang='lat' dir='ltr'><strong>parce,</strong></span> <span class='ocrx_word' id='word_1_31' title='bbox 574 1079 631 1149; x_wconf 89' lang='lat' dir='ltr'><strong>vel</strong></span> <span class='ocrx_word' id='word_1_32' title='bbox 652 1078 759 1148; x_wconf 87' lang='lat' dir='ltr'><strong>fratri.</strong></span> <span class='ocrx_word' id='word_1_33' title='bbox 786 1079 824 1148; x_wconf 96' lang='lat' dir='ltr'><strong>ln</strong></span> <span class='ocrx_word' id='word_1_34' title='bbox 845 1089 1005 1152; x_wconf 81' lang='lat' dir='ltr'><strong>extrema</strong></span> <span class='ocrx_word' id='word_1_35' title='bbox 1026 1083 1156 1155; x_wconf 86' lang='lat' dir='ltr'><strong>littera-</strong></span> 
     </span>
     <span class='ocr_line' id='line_1_5' title="bbox 71 1199 1155 1296; baseline 0.003 -22"><span class='ocrx_word' id='word_1_36' title='bbox 71 1226 149 1274; x_wconf 90' lang='lat' dir='ltr'><strong>rum</strong></span> <span class='ocrx_word' id='word_1_37' title='bbox 164 1209 273 1296; x_wconf 86' lang='lat' dir='ltr'><strong>parte,</strong></span> <span class='ocrx_word' id='word_1_38' title='bbox 287 1201 421 1271; x_wconf 88' lang='lat' dir='ltr'><strong>veritus</strong></span> <span class='ocrx_word' id='word_1_39' title='bbox 442 1202 529 1272; x_wconf 86' lang='lat' dir='ltr'><strong>forte</strong></span> <span class='ocrx_word' id='word_1_40' title='bbox 547 1222 592 1270; x_wconf 87' lang='lat' dir='ltr'><strong>ne</strong></span> <span class='ocrx_word' id='word_1_41' title='bbox 610 1199 835 1295; x_wconf 88' lang='lat' dir='ltr'><strong>lepidissimis</strong></span> <span class='ocrx_word' id='word_1_42' title='bbox 856 1201 940 1273; x_wconf 81' lang='lat' dir='ltr'><strong>iocis</strong></span> <span class='ocrx_word' id='word_1_43' title='bbox 959 1205 1027 1276; x_wconf 92' lang='lat' dir='ltr'><strong>tuis</strong></span> <span class='ocrx_word' id='word_1_44' title='bbox 1048 1206 1155 1277; x_wconf 80' lang='lat' dir='ltr'><strong>olien-</strong></span> 
     </span>
     <span class='ocr_line' id='line_1_6' title="bbox 69 1324 1157 1418; baseline 0.001 -20"><span class='ocrx_word' id='word_1_45' title='bbox 69 1327 173 1398; x_wconf 88' lang='lat' dir='ltr'><strong>derer</strong></span> <span class='ocrx_word' id='word_1_46' title='bbox 195 1325 300 1418; x_wconf 76' lang='lat' dir='ltr'><strong>(solet</strong></span> <span class='ocrx_word' id='word_1_47' title='bbox 320 1324 411 1394; x_wconf 93' lang='lat' dir='ltr'><strong>enim</strong></span> <span class='ocrx_word' id='word_1_48' title='bbox 433 1324 551 1409; x_wconf 90' lang='lat' dir='ltr'><strong>leonis,</strong></span> <span class='ocrx_word' id='word_1_49' title='bbox 578 1324 833 1417; x_wconf 88' lang='lat' dir='ltr'><strong>quantumlibet</strong></span> <span class='ocrx_word' id='word_1_50' title='bbox 856 1324 992 1411; x_wconf 89' lang='lat' dir='ltr'><strong>blanda,</strong></span> <span class='ocrx_word' id='word_1_51' title='bbox 1020 1337 1157 1400; x_wconf 89' lang='lat' dir='ltr'><strong>contre-</strong></span> 
     </span>
     <span class='ocr_line' id='line_1_7' title="bbox 71 1445 1155 1542; baseline 0.003 -21"><span class='ocrx_word' id='word_1_52' title='bbox 71 1448 177 1521; x_wconf 79' lang='lat' dir='ltr'><strong>ctatio</strong></span> <span class='ocrx_word' id='word_1_53' title='bbox 192 1445 379 1519; x_wconf 83' lang='lat' dir='ltr'><strong>animantia</strong></span> <span class='ocrx_word' id='word_1_54' title='bbox 391 1468 502 1539; x_wconf 90' lang='lat' dir='ltr'><strong>parva</strong></span> <span class='ocrx_word' id='word_1_55' title='bbox 516 1445 731 1539; x_wconf 69' lang='lat' dir='ltr'><strong>perterrere),</strong></span> <span class='ocrx_word' id='word_1_56' title='bbox 740 1450 1155 1542; x_wconf 88' lang='lat' dir='ltr'><strong>suaveolentisunguenti</strong></span> 
     </span>
     <span class='ocr_line' id='line_1_8' title="bbox 72 1567 1157 1662; baseline 0.004 -18"><span class='ocrx_word' id='word_1_57' title='bbox 72 1570 275 1644; x_wconf 87' lang='lat' dir='ltr'><strong>drachmam</strong></span> <span class='ocrx_word' id='word_1_58' title='bbox 296 1569 443 1640; x_wconf 88' lang='lat' dir='ltr'><strong>adhibes</strong></span> <span class='ocrx_word' id='word_1_59' title='bbox 464 1568 524 1639; x_wconf 91' lang='lat' dir='ltr'><strong>ubi</strong></span> <span class='ocrx_word' id='word_1_60' title='bbox 550 1567 744 1662; x_wconf 81' lang='lat' dir='ltr'><strong>pupugisse</strong></span> <span class='ocrx_word' id='word_1_61' title='bbox 769 1571 959 1656; x_wconf 81' lang='lat' dir='ltr'><strong>videbare3</strong></span> <span class='ocrx_word' id='word_1_62' title='bbox 985 1572 1070 1644; x_wconf 91' lang='lat' dir='ltr'><strong>dum</strong></span> <span class='ocrx_word' id='word_1_63' title='bbox 1099 1598 1157 1648; x_wconf 91' lang='lat' dir='ltr'><strong>me</strong></span> 
     </span>
     <span class='ocr_line' id='line_1_9' title="bbox 71 1691 1156 1777; baseline 0.004 -10"><span class='ocrx_word' id='word_1_64' title='bbox 71 1696 115 1767; x_wconf 92' lang='lat' dir='ltr'><strong>ad</strong></span> <span class='ocrx_word' id='word_1_65' title='bbox 148 1705 182 1765; x_wconf 87' lang='lat' dir='ltr'><strong>te</strong></span> <span class='ocrx_word' id='word_1_66' title='bbox 218 1692 420 1777; x_wconf 88' lang='lat' dir='ltr'><strong>amandum,</strong></span> <span class='ocrx_word' id='word_1_67' title='bbox 449 1691 519 1763; x_wconf 95' lang='lat' dir='ltr'><strong>imo</strong></span> <span class='ocrx_word' id='word_1_68' title='bbox 541 1713 624 1763; x_wconf 89' lang='lat' dir='ltr'><strong>vero</strong></span> <span class='ocrx_word' id='word_1_69' title='bbox 646 1692 691 1765; x_wconf 87' lang='lat' dir='ltr'><strong>ad</strong></span> <span class='ocrx_word' id='word_1_70' title='bbox 719 1694 779 1764; x_wconf 90' lang='lat' dir='ltr'><strong>tibi</strong></span> <span class='ocrx_word' id='word_1_71' title='bbox 806 1695 1003 1768; x_wconf 89' lang='lat' dir='ltr'><strong>reddendas</strong></span> <span class='ocrx_word' id='word_1_72' title='bbox 1026 1697 1156 1771; x_wconf 90' lang='lat' dir='ltr'><strong>amoris</strong></span> 
     </span>
     <span class='ocr_line' id='line_1_10' title="bbox 72 1814 1155 1914; baseline 0.001 -25"><span class='ocrx_word' id='word_1_73' title='bbox 72 1817 178 1901; x_wconf 82' lang='lat' dir='ltr'><strong>vices,</strong></span> <span class='ocrx_word' id='word_1_74' title='bbox 199 1815 422 1910; x_wconf 85' lang='lat' dir='ltr'><strong>praedulciter</strong></span> <span class='ocrx_word' id='word_1_75' title='bbox 442 1814 646 1887; x_wconf 88' lang='lat' dir='ltr'><strong>cohortaris.</strong></span> <span class='ocrx_word' id='word_1_76' title='bbox 668 1816 760 1901; x_wconf 87' lang='lat' dir='ltr'><strong>Quid</strong></span> <span class='ocrx_word' id='word_1_77' title='bbox 779 1816 916 1888; x_wconf 78' lang='lat' dir='ltr'><strong>dicam?</strong></span> <span class='ocrx_word' id='word_1_78' title='bbox 932 1821 1040 1890; x_wconf 89' lang='lat' dir='ltr'><strong>Multa</strong></span> <span class='ocrx_word' id='word_1_79' title='bbox 1062 1820 1155 1914; x_wconf 94' lang='lat' dir='ltr'><strong>loqui</strong></span> 
     </span>
     <span class='ocr_line' id='line_1_11' title="bbox 72 1935 1152 2030; baseline 0.001 -21"><span class='ocrx_word' id='word_1_80' title='bbox 72 1959 142 2009; x_wconf 93' lang='lat' dir='ltr'><strong>non</strong></span> <span class='ocrx_word' id='word_1_81' title='bbox 155 1937 269 2028; x_wconf 90' lang='lat' dir='ltr'><strong>magis</strong></span> <span class='ocrx_word' id='word_1_82' title='bbox 282 1935 413 2021; x_wconf 88' lang='lat' dir='ltr'><strong>dolore,</strong></span> <span class='ocrx_word' id='word_1_83' title='bbox 426 1957 532 2028; x_wconf 92' lang='lat' dir='ltr'><strong>quam</strong></span> <span class='ocrx_word' id='word_1_84' title='bbox 547 1935 674 2029; x_wconf 87' lang='lat' dir='ltr'><strong>gaudio</strong></span> <span class='ocrx_word' id='word_1_85' title='bbox 692 1939 942 2030; x_wconf 81' lang='lat' dir='ltr'><strong>praepedimur:</strong></span> <span class='ocrx_word' id='word_1_86' title='bbox 956 1940 1023 2010; x_wconf 85' lang='lat' dir='ltr'><strong>hoo</strong></span> <span class='ocrx_word' id='word_1_87' title='bbox 1035 1964 1152 2025; x_wconf 90' lang='lat' dir='ltr'><strong>unum,</strong></span> 
     </span>
     <span class='ocr_line' id='line_1_12' title="bbox 72 2059 1152 2152; baseline 0.001 -22"><span class='ocrx_word' id='word_1_88' title='bbox 72 2081 128 2130; x_wconf 90' lang='lat' dir='ltr'><strong>me</strong></span> <span class='ocrx_word' id='word_1_89' title='bbox 142 2068 286 2143; x_wconf 83' lang='lat' dir='ltr'><strong>tacente,</strong></span> <span class='ocrx_word' id='word_1_90' title='bbox 305 2079 374 2129; x_wconf 91' lang='lat' dir='ltr'><strong>nou</strong></span> <span class='ocrx_word' id='word_1_91' title='bbox 394 2059 547 2151; x_wconf 90' lang='lat' dir='ltr'><strong>ignoras.</strong></span> <span class='ocrx_word' id='word_1_92' title='bbox 570 2059 689 2152; x_wconf 88' lang='lat' dir='ltr'><strong>Usque</strong></span> <span class='ocrx_word' id='word_1_93' title='bbox 709 2060 797 2132; x_wconf 87' lang='lat' dir='ltr'><strong>adeo</strong></span> <span class='ocrx_word' id='word_1_94' title='bbox 818 2082 950 2132; x_wconf 86' lang='lat' dir='ltr'><strong>saxeus</strong></span> <span class='ocrx_word' id='word_1_95' title='bbox 970 2082 1041 2133; x_wconf 91' lang='lat' dir='ltr'><strong>uon</strong></span> <span class='ocrx_word' id='word_1_96' title='bbox 1062 2084 1152 2147; x_wconf 85' lang='lat' dir='ltr'><strong>sum,</strong></span> 
     </span>
     <span class='ocr_line' id='line_1_13' title="bbox 73 2179 1155 2254; baseline 0.003 -3"><span class='ocrx_word' id='word_1_97' title='bbox 73 2190 111 2251; x_wconf 91' lang='lat' dir='ltr'><strong>ut</strong></span> <span class='ocrx_word' id='word_1_98' title='bbox 134 2179 179 2252; x_wconf 92' lang='lat' dir='ltr'><strong>ad</strong></span> <span class='ocrx_word' id='word_1_99' title='bbox 207 2189 276 2250; x_wconf 87' lang='lat' dir='ltr'><strong>tam</strong></span> <span class='ocrx_word' id='word_1_100' title='bbox 301 2179 456 2251; x_wconf 93' lang='lat' dir='ltr'><strong>debitum</strong></span> <span class='ocrx_word' id='word_1_101' title='bbox 478 2202 632 2251; x_wconf 90' lang='lat' dir='ltr'><strong>amorem</strong></span> <span class='ocrx_word' id='word_1_102' title='bbox 656 2179 700 2251; x_wconf 92' lang='lat' dir='ltr'><strong>sit</strong></span> <span class='ocrx_word' id='word_1_103' title='bbox 720 2180 805 2250; x_wconf 93' lang='lat' dir='ltr'><strong>mihi</strong></span> <span class='ocrx_word' id='word_1_104' title='bbox 826 2183 1048 2254; x_wconf 87' lang='lat' dir='ltr'><strong>necessarius</strong></span> <span class='ocrx_word' id='word_1_105' title='bbox 1073 2183 1155 2254; x_wconf 87' lang='lat' dir='ltr'><strong>hor·</strong></span> 
     </span>
     <span class='ocr_line' id='line_1_14' title="bbox 77 2300 1155 2395; baseline 0.001 -22"><span class='ocrx_word' id='word_1_106' title='bbox 77 2310 183 2373; x_wconf 90' lang='lat' dir='ltr'><strong>tator:</strong></span> <span class='ocrx_word' id='word_1_107' title='bbox 202 2311 307 2393; x_wconf 87' lang='lat' dir='ltr'><strong>atquo</strong></span> <span class='ocrx_word' id='word_1_108' title='bbox 329 2300 458 2372; x_wconf 86' lang='lat' dir='ltr'><strong>utinam</strong></span> <span class='ocrx_word' id='word_1_109' title='bbox 477 2301 512 2370; x_wconf 92' lang='lat' dir='ltr'><strong>in</strong></span> <span class='ocrx_word' id='word_1_110' title='bbox 529 2300 679 2372; x_wconf 91' lang='lat' dir='ltr'><strong>amando</strong></span> <span class='ocrx_word' id='word_1_111' title='bbox 697 2324 766 2374; x_wconf 90' lang='lat' dir='ltr'><strong>non</strong></span> <span class='ocrx_word' id='word_1_112' title='bbox 783 2303 896 2394; x_wconf 91' lang='lat' dir='ltr'><strong>magis</strong></span> <span class='ocrx_word' id='word_1_113' title='bbox 913 2306 1035 2387; x_wconf 82' lang='lat' dir='ltr'><strong>lraeno,</strong></span> <span class='ocrx_word' id='word_1_114' title='bbox 1050 2325 1155 2395; x_wconf 89' lang='lat' dir='ltr'><strong>quam</strong></span> 
     </span>
     <span class='ocr_line' id='line_1_15' title="bbox 72 2423 1152 2521; baseline 0.001 -25"><span class='ocrx_word' id='word_1_115' title='bbox 72 2423 265 2496; x_wconf 86' lang='lat' dir='ltr'><strong>calcaribus</strong></span> <span class='ocrx_word' id='word_1_116' title='bbox 294 2425 460 2515; x_wconf 80' lang='lat' dir='ltr'><strong>egerem!</strong></span> <span class='ocrx_word' id='word_1_117' title='bbox 501 2425 717 2517; x_wconf 86' lang='lat' dir='ltr'><strong>tranquillior</strong></span> <span class='ocrx_word' id='word_1_118' title='bbox 753 2426 895 2497; x_wconf 88' lang='lat' dir='ltr'><strong>iuventa</strong></span> <span class='ocrx_word' id='word_1_119' title='bbox 935 2436 1152 2521; x_wconf 84' lang='lat' dir='ltr'><strong>sequeretur.</strong></span> 
     </span>
     <span class='ocr_line' id='line_1_16' title="bbox 72 2546 989 2641; baseline 0.004 -24"><span class='ocrx_word' id='word_1_120' title='bbox 72 2549 144 2620; x_wconf 84' lang='lat' dir='ltr'><strong>Hoc</strong></span> <span class='ocrx_word' id='word_1_121' title='bbox 164 2550 303 2631; x_wconf 90' lang='lat' dir='ltr'><strong>saltem,</strong></span> <span class='ocrx_word' id='word_1_122' title='bbox 330 2568 406 2631; x_wconf 87' lang='lat' dir='ltr'><strong>oro,</strong></span> <span class='ocrx_word' id='word_1_123' title='bbox 433 2568 477 2617; x_wconf 93' lang='lat' dir='ltr'><strong>ue</strong></span> <span class='ocrx_word' id='word_1_124' title='bbox 504 2546 652 2620; x_wconf 85' lang='lat' dir='ltr'><strong>linxisse</strong></span> <span class='ocrx_word' id='word_1_125' title='bbox 672 2572 728 2621; x_wconf 90' lang='lat' dir='ltr'><strong>me</strong></span> <span class='ocrx_word' id='word_1_126' title='bbox 748 2548 873 2641; x_wconf 90' lang='lat' dir='ltr'><strong>fingas.</strong></span> <span class='ocrx_word' id='word_1_127' title='bbox 895 2551 989 2623; x_wconf 89' lang='lat' dir='ltr'><strong>Vale.</strong></span> 
     </span>
    </p>
   </div>
   <div class='ocr_carea' id='block_1_3' title="bbox 214 2696 589 2753">
    <p class='ocr_par' dir='ltr' id='par_1_3' title="bbox 214 2696 589 2753">
     <span class='ocr_line' id='line_1_17' title="bbox 214 2696 589 2753; baseline 0.008 -3"><span class='ocrx_word' id='word_1_128' title='bbox 214 2697 296 2752; x_wconf 82' lang='lat' dir='ltr'><strong>Avin.</strong></span> <span class='ocrx_word' id='word_1_129' title='bbox 312 2696 365 2752; x_wconf 86' lang='lat' dir='ltr'><strong>llll</strong></span> <span class='ocrx_word' id='word_1_130' title='bbox 380 2696 442 2751; x_wconf 84' lang='lat' dir='ltr'><strong>Kal.</strong></span> <span class='ocrx_word' id='word_1_131' title='bbox 459 2697 589 2753; x_wconf 76' lang='lat' dir='ltr'><strong>ianuarii.</strong></span> 
     </span>
    </p>
   </div>
   <div class='ocr_carea' id='block_1_4' title="bbox 188 3085 1042 3330">
    <p class='ocr_par' dir='ltr' id='par_1_4' title="bbox 188 3085 1042 3330">
     <span class='ocr_line' id='line_1_18' title="bbox 498 3085 731 3151; baseline 0.013 -5"><span class='ocrx_word' id='word_1_132' title='bbox 498 3085 677 3151; x_wconf 72' lang='lat' dir='ltr'><strong>aristoni</strong></span> <span class='ocrx_word' id='word_1_133' title='bbox 698 3088 731 3150; x_wconf 89' lang='lat' dir='ltr'><strong>ll.</strong></span> 
     </span>
     <span class='ocr_line' id='line_1_19' title="bbox 188 3274 1042 3330; baseline 0.008 -7"><span class='ocrx_word' id='word_1_134' title='bbox 188 3274 382 3326; x_wconf 80' lang='lat' dir='ltr'><strong>rauuorscus</strong></span> <span class='ocrx_word' id='word_1_135' title='bbox 401 3277 570 3327; x_wconf 76' lang='lat' dir='ltr'><strong>sareanen</strong></span> <span class='ocrx_word' id='word_1_136' title='bbox 590 3278 727 3328; x_wconf 76' lang='lat' dir='ltr'><strong>lourrro</strong></span> <span class='ocrx_word' id='word_1_137' title='bbox 744 3279 902 3330; x_wconf 74' lang='lat' dir='ltr'><strong>colunum</strong></span> <span class='ocrx_word' id='word_1_138' title='bbox 920 3280 947 3330; x_wconf 89' lang='lat' dir='ltr'><strong>s.</strong></span> <span class='ocrx_word' id='word_1_139' title='bbox 966 3282 993 3330; x_wconf 87' lang='lat' dir='ltr'><strong>r.</strong></span> <span class='ocrx_word' id='word_1_140' title='bbox 1013 3282 1042 3330; x_wconf 90' lang='lat' dir='ltr'><strong>n.</strong></span> 
     </span>
    </p>
   </div>
   <div class='ocr_carea' id='block_1_5' title="bbox 318 3450 902 3524">
    <p class='ocr_par' dir='ltr' id='par_1_5' title="bbox 318 3450 902 3524">
     <span class='ocr_line' id='line_1_20' title="bbox 318 3450 902 3524; baseline 0.002 -21"><span class='ocrx_word' id='word_1_141' title='bbox 318 3450 433 3505; x_wconf 84' lang='lat' dir='ltr'><strong>Mortale</strong></span> <span class='ocrx_word' id='word_1_142' title='bbox 450 3467 538 3522; x_wconf 83' lang='lat' dir='ltr'><strong>genus</strong></span> <span class='ocrx_word' id='word_1_143' title='bbox 553 3467 663 3524; x_wconf 89' lang='lat' dir='ltr'><strong>semper</strong></span> <span class='ocrx_word' id='word_1_144' title='bbox 677 3451 706 3507; x_wconf 89' lang='lat' dir='ltr'><strong>in</strong></span> <span class='ocrx_word' id='word_1_145' title='bbox 720 3452 798 3524; x_wconf 84' lang='lat' dir='ltr'><strong>peius</strong></span> <span class='ocrx_word' id='word_1_146' title='bbox 813 3469 902 3507; x_wconf 88' lang='lat' dir='ltr'><strong>ruere.</strong></span> 
     </span>
    </p>
   </div>
   <div class='ocr_carea' id='block_1_6' title="bbox 70 3664 1160 4622">
    <p class='ocr_par' dir='ltr' id='par_1_6' title="bbox 70 3664 1160 4622">
     <span class='ocr_line' id='line_1_21' title="bbox 169 3664 1158 3759; baseline 0.003 -25"><span class='ocrx_word' id='word_1_147' title='bbox 169 3665 246 3736; x_wconf 91' lang='lat' dir='ltr'><strong>Non</strong></span> <span class='ocrx_word' id='word_1_148' title='bbox 266 3664 374 3735; x_wconf 91' lang='lat' dir='ltr'><strong>miror</strong></span> <span class='ocrx_word' id='word_1_149' title='bbox 394 3665 428 3734; x_wconf 95' lang='lat' dir='ltr'><strong>in</strong></span> <span class='ocrx_word' id='word_1_150' title='bbox 450 3674 497 3751; x_wconf 84' lang='lat' dir='ltr'><strong>te,</strong></span> <span class='ocrx_word' id='word_1_151' title='bbox 519 3667 615 3759; x_wconf 94' lang='lat' dir='ltr'><strong>quod</strong></span> <span class='ocrx_word' id='word_1_152' title='bbox 634 3668 670 3737; x_wconf 92' lang='lat' dir='ltr'><strong>in</strong></span> <span class='ocrx_word' id='word_1_153' title='bbox 690 3669 853 3740; x_wconf 91' lang='lat' dir='ltr'><strong>omnibus</strong></span> <span class='ocrx_word' id='word_1_154' title='bbox 878 3679 1024 3759; x_wconf 90' lang='lat' dir='ltr'><strong>stupeo,</strong></span> <span class='ocrx_word' id='word_1_155' title='bbox 1047 3667 1082 3736; x_wconf 95' lang='lat' dir='ltr'><strong>in</strong></span> <span class='ocrx_word' id='word_1_156' title='bbox 1102 3688 1158 3737; x_wconf 89' lang='lat' dir='ltr'><strong>me</strong></span> 
     </span>
     <span class='ocr_line' id='line_1_22' title="bbox 72 3788 1159 3895; baseline -0.003 -37"><span class='ocrx_word' id='word_1_157' title='bbox 72 3796 191 3859; x_wconf 88' lang='lat' dir='ltr'><strong>autem</strong></span> <span class='ocrx_word' id='word_1_158' title='bbox 212 3808 340 3879; x_wconf 89' lang='lat' dir='ltr'><strong>queror</strong></span> <span class='ocrx_word' id='word_1_159' title='bbox 358 3795 394 3859; x_wconf 88' lang='lat' dir='ltr'><strong>et</strong></span> <span class='ocrx_word' id='word_1_160' title='bbox 414 3791 529 3881; x_wconf 88' lang='lat' dir='ltr'><strong>lugeo.</strong></span> <span class='ocrx_word' id='word_1_161' title='bbox 549 3789 730 3862; x_wconf 91' lang='lat' dir='ltr'><strong>Publioum</strong></span> <span class='ocrx_word' id='word_1_162' title='bbox 751 3793 879 3863; x_wconf 92' lang='lat' dir='ltr'><strong>malum</strong></span> <span class='ocrx_word' id='word_1_163' title='bbox 902 3798 967 3860; x_wconf 88' lang='lat' dir='ltr'><strong>est.</strong></span> <span class='ocrx_word' id='word_1_164' title='bbox 990 3788 1082 3895; x_wconf 76' lang='lat' dir='ltr'><strong>Quae</strong></span> <span class='ocrx_word' id='word_1_165' title='bbox 1097 3806 1159 3856; x_wconf 87' lang='lat' dir='ltr'><strong>ne-</strong></span> 
     </span>
     <span class='ocr_line' id='line_1_23' title="bbox 72 3909 1160 4006; baseline -0.001 -25"><span class='ocrx_word' id='word_1_166' title='bbox 72 3911 157 4002; x_wconf 86' lang='lat' dir='ltr'><strong>gligi</strong></span> <span class='ocrx_word' id='word_1_167' title='bbox 183 3910 258 3981; x_wconf 86' lang='lat' dir='ltr'><strong>sine</strong></span> <span class='ocrx_word' id='word_1_168' title='bbox 284 3911 437 4003; x_wconf 80' lang='lat' dir='ltr'><strong>periculo</strong></span> <span class='ocrx_word' id='word_1_169' title='bbox 457 3922 632 4006; x_wconf 82' lang='lat' dir='ltr'><strong>poterant,</strong></span> <span class='ocrx_word' id='word_1_170' title='bbox 651 3913 806 3985; x_wconf 82' lang='lat' dir='ltr'><strong>nortatim</strong></span> <span class='ocrx_word' id='word_1_171' title='bbox 828 3912 1043 4005; x_wconf 90' lang='lat' dir='ltr'><strong>quaerimus;</strong></span> <span class='ocrx_word' id='word_1_172' title='bbox 1065 3909 1160 4000; x_wconf 93' lang='lat' dir='ltr'><strong>quod</strong></span> 
     </span>
     <span class='ocr_line' id='line_1_24' title="bbox 71 4029 1159 4133; baseline -0.003 -30"><span class='ocrx_word' id='word_1_173' title='bbox 71 4031 227 4129; x_wconf 89' lang='lat' dir='ltr'><strong>apprime</strong></span> <span class='ocrx_word' id='word_1_174' title='bbox 240 4035 434 4107; x_wconf 87' lang='lat' dir='ltr'><strong>curandum</strong></span> <span class='ocrx_word' id='word_1_175' title='bbox 447 4045 535 4133; x_wconf 86' lang='lat' dir='ltr'><strong>erat,</strong></span> <span class='ocrx_word' id='word_1_176' title='bbox 547 4035 686 4130; x_wconf 90' lang='lat' dir='ltr'><strong>publice</strong></span> <span class='ocrx_word' id='word_1_177' title='bbox 698 4036 897 4127; x_wconf 80' lang='lat' dir='ltr'><strong>negligitur.</strong></span> <span class='ocrx_word' id='word_1_178' title='bbox 912 4034 1024 4116; x_wconf 87' lang='lat' dir='ltr'><strong>Quam</strong></span> <span class='ocrx_word' id='word_1_179' title='bbox 1037 4029 1159 4100; x_wconf 81' lang='lat' dir='ltr'><strong>fertilis</strong></span> 
     </span>
     <span class='ocr_line' id='line_1_25' title="bbox 70 4153 1160 4253; baseline -0.007 -25"><span class='ocrx_word' id='word_1_180' title='bbox 70 4179 170 4250; x_wconf 88' lang='lat' dir='ltr'><strong>ager,</strong></span> <span class='ocrx_word' id='word_1_181' title='bbox 194 4180 300 4250; x_wconf 90' lang='lat' dir='ltr'><strong>quam</strong></span> <span class='ocrx_word' id='word_1_182' title='bbox 327 4159 453 4231; x_wconf 91' lang='lat' dir='ltr'><strong>domus</strong></span> <span class='ocrx_word' id='word_1_183' title='bbox 474 4160 677 4253; x_wconf 88' lang='lat' dir='ltr'><strong>composita,</strong></span> <span class='ocrx_word' id='word_1_184' title='bbox 701 4180 806 4250; x_wconf 93' lang='lat' dir='ltr'><strong>quam</strong></span> <span class='ocrx_word' id='word_1_185' title='bbox 832 4153 1065 4246; x_wconf 88' lang='lat' dir='ltr'><strong>obsequiosus</strong></span> <span class='ocrx_word' id='word_1_186' title='bbox 1086 4171 1160 4223; x_wconf 88' lang='lat' dir='ltr'><strong>ser-</strong></span> 
     </span>
     <span class='ocr_line' id='line_1_26' title="bbox 71 4271 1158 4376; baseline -0.005 -25"><span class='ocrx_word' id='word_1_187' title='bbox 71 4301 154 4365; x_wconf 90' lang='lat' dir='ltr'><strong>vus,</strong></span> <span class='ocrx_word' id='word_1_188' title='bbox 173 4301 281 4374; x_wconf 88' lang='lat' dir='ltr'><strong>quam</strong></span> <span class='ocrx_word' id='word_1_189' title='bbox 300 4282 457 4353; x_wconf 88' lang='lat' dir='ltr'><strong>solicitus</strong></span> <span class='ocrx_word' id='word_1_190' title='bbox 477 4290 695 4376; x_wconf 86' lang='lat' dir='ltr'><strong>procurator,</strong></span> <span class='ocrx_word' id='word_1_191' title='bbox 711 4300 815 4372; x_wconf 89' lang='lat' dir='ltr'><strong>quam</strong></span> <span class='ocrx_word' id='word_1_192' title='bbox 835 4274 1015 4371; x_wconf 89' lang='lat' dir='ltr'><strong>splendida</strong></span> <span class='ocrx_word' id='word_1_193' title='bbox 1032 4271 1158 4357; x_wconf 77' lang='lat' dir='ltr'><strong>vestie,</strong></span> 
     </span>
     <span class='ocr_line' id='line_1_27' title="bbox 70 4400 1160 4498; baseline -0.005 -23"><span class='ocrx_word' id='word_1_194' title='bbox 70 4425 175 4497; x_wconf 89' lang='lat' dir='ltr'><strong>quam</strong></span> <span class='ocrx_word' id='word_1_195' title='bbox 202 4404 335 4477; x_wconf 91' lang='lat' dir='ltr'><strong>nitidus</strong></span> <span class='ocrx_word' id='word_1_196' title='bbox 357 4426 486 4498; x_wconf 86' lang='lat' dir='ltr'><strong>equus,</strong></span> <span class='ocrx_word' id='word_1_197' title='bbox 508 4401 779 4497; x_wconf 85' lang='lat' dir='ltr'><strong>quampulchre</strong></span> <span class='ocrx_word' id='word_1_198' title='bbox 800 4422 905 4484; x_wconf 87' lang='lat' dir='ltr'><strong>uxor,</strong></span> <span class='ocrx_word' id='word_1_199' title='bbox 928 4421 1033 4492; x_wconf 90' lang='lat' dir='ltr'><strong>quam</strong></span> <span class='ocrx_word' id='word_1_200' title='bbox 1051 4400 1160 4471; x_wconf 91' lang='lat' dir='ltr'><strong>nostri</strong></span> 
     </span>
     <span class='ocr_line' id='line_1_28' title="bbox 72 4525 1159 4622; baseline -0.004 -26"><span class='ocrx_word' id='word_1_201' title='bbox 72 4528 229 4621; x_wconf 83' lang='lat' dir='ltr'><strong>corporis</strong></span> <span class='ocrx_word' id='word_1_202' title='bbox 262 4534 386 4599; x_wconf 86' lang='lat' dir='ltr'><strong>ornata</strong></span> <span class='ocrx_word' id='word_1_203' title='bbox 418 4525 640 4622; x_wconf 86' lang='lat' dir='ltr'><strong>superficies,</strong></span> <span class='ocrx_word' id='word_1_204' title='bbox 674 4545 798 4600; x_wconf 89' lang='lat' dir='ltr'><strong>omnes</strong></span> <span class='ocrx_word' id='word_1_205' title='bbox 829 4543 1016 4597; x_wconf 81' lang='lat' dir='ltr'><strong>curemus:</strong></span> <span class='ocrx_word' id='word_1_206' title='bbox 1054 4543 1159 4617; x_wconf 87' lang='lat' dir='ltr'><strong>qnam</strong></span> 
     </span>
    </p>
   </div>
   <div class='ocr_carea' id='block_1_7' title="bbox 0 0 1351 5024">
    <p class='ocr_par' dir='ltr' id='par_1_7' title="bbox 0 0 1351 5024">
     <span class='ocr_line' id='line_1_29' title="bbox 0 0 1351 5024; baseline 0 0"><span class='ocrx_word' id='word_1_207' title='bbox 0 0 1351 5024; x_wconf 95' lang='lat' dir='ltr'><strong> </strong></span> 
     </span>
    </p>
   </div>
  </div>
 </body>
</html>
