2692 5024
393 714 486 764 nmnn
506 670 866 773 omnrus.-nnrsrotn
887 715 961 764 xvir.
1155 704 1212 768 297

137 858 206 928 nisi
225 866 263 927 ut
282 857 485 929 familiarius
504 859 649 942 falleret
667 858 841 930 neminem
860 858 993 943 evexit,
1019 860 1086 931 nisi
1114 873 1151 934 ut
1166 865 1217 935 al-

137 981 204 1052 tior
219 1000 324 1051 casus
343 988 448 1052 esset.
466 981 598 1053 Verum
615 982 672 1054 hic
692 1003 783 1053 nnus
801 1003 847 1052 ex
860 982 1023 1054 humanis
1036 983 1215 1059 erroribus

136 1102 281 1196 estqui
311 1113 392 1174 sunt
418 1103 703 1189 innumerabiles
734 1126 903 1197 quosque,
923 1114 962 1176 ut
991 1105 1216 1181 Ciceroniano

135 1225 245 1298 verbo
258 1234 350 1309 utar,
365 1248 445 1297 cum
459 1226 605 1298 nutricis
619 1230 706 1298 lacte
722 1227 864 1298 suxisse
883 1227 1054 1312 videmur,
1069 1240 1105 1300 et
1124 1252 1214 1323 quos

135 1347 267 1418 utinam
288 1348 345 1418 vel
371 1348 406 1416 in
441 1349 538 1418 senio
555 1349 784 1441 deponamus.
816 1349 952 1421 Certius
983 1350 1148 1441 gaudium
1168 1372 1215 1423 ex

134 1469 292 1562 epistolae
308 1477 379 1539 tuae
401 1467 469 1539 fine
490 1468 653 1562 percipio,
673 1470 782 1562 ubist
797 1473 967 1543 fortunam
983 1494 1103 1551 nosse,
1124 1482 1159 1542 et
1171 1472 1215 1551 ad

133 1612 257 1664 omnes
270 1611 375 1662 casus
393 1601 551 1682 paratum
567 1592 650 1662 mihi
667 1593 800 1665 videris
821 1595 974 1665 animum
987 1593 1131 1666 habere:
1149 1593 1216 1667 hoc

134 1716 303 1808 estquod
332 1714 463 1807 optavi,
492 1713 559 1785 hoc
578 1723 634 1785 est
653 1714 748 1807 quod
769 1716 923 1810 speravi,
954 1716 1021 1787 hoc
1039 1726 1096 1787 est
1120 1715 1215 1809 quod

133 1838 246 1910 Deum
275 1837 412 1928 rogavi,
453 1846 491 1908 ut
521 1846 558 1907 et
589 1836 672 1907 mihi
710 1847 745 1908 ct
765 1837 885 1910 amicis
917 1839 1040 1909 fortem
1060 1839 1214 1910 animum

133 1967 405 2054 contemptorem
441 1979 559 2029 rerum
597 1958 814 2029 mutabilium
848 1970 1043 2052 praestaret.
1063 1959 1114 2029 Ne
1130 1960 1216 2051 quid

132 2081 223 2154 enim
237 2081 272 2151 in
285 2080 358 2152 vitu
370 2080 560 2152 sentiemus
574 2080 726 2165 adversi,
741 2080 979 2174 nequidquam
992 2080 1158 2175 poscitur3
1177 2095 1217 2154 nt

132 2202 303 2296 quidquid
323 2202 481 2274 evenerit
499 2204 652 2273 seramus
665 2204 843 2296 patienter,
861 2203 1078 2295 dignissimas
1095 2224 1216 2296 preces

133 2335 223 2397 sunt.
242 2325 426 2418 Equidem,
449 2323 516 2396 nisi
533 2326 645 2408 fallor,
664 2325 699 2394 in
717 2324 835 2396 verbis
857 2325 925 2397 tuis
943 2325 1097 2397 animum
1116 2335 1214 2396 tuum

134 2447 223 2533 vidi,
242 2458 278 2520 et
286 2447 361 2519 dixi
376 2470 526 2520 mecum:
548 2448 620 2520 Iam
634 2447 689 2519 vir
701 2460 768 2536 est,
788 2448 894 2521 humo
906 2447 1067 2541 erigitur,
1089 2449 1215 2522 ooelum

134 2581 279 2665 spectat.
301 2573 399 2643 Vale.

638 2805 717 2813 ——..

523 3047 700 3114 EPISTOLA
724 3049 817 3113 XVIII.

253 3238 448 3290 Fntnclscus
466 3239 634 3289 vernunst
652 3238 782 3289 surmont
802 3238 940 3288 SEPTIMO
962 3239 988 3289 S.
1012 3241 1040 3289 P.
1062 3241 1091 3289 D.

298 3422 369 3478 Vite
383 3422 588 3478 enarrationem
602 3420 712 3494 pandit,
728 3420 871 3492 multaque
885 3420 920 3475 de
933 3419 1046 3477 fortuna

453 3512 528 3567 etde
543 3511 684 3567 laboribus
700 3510 758 3567 suis
771 3511 892 3582 exponit.

229 3775 279 3847 De
299 3783 392 3847 statu
406 3796 498 3860 meo,
512 3798 617 3868 quem
638 3795 744 3847 nosse
763 3773 962 3857 desideras,
988 3771 1142 3843 breviter
1163 3771 1214 3844 sic

130 3897 232 3970 habe.
246 3898 323 3971 Etsi
335 3899 425 3970 inter
442 3920 527 3971 vere
560 3898 845 3995 philosophantes
874 3916 982 3967 unum
1001 3892 1213 3965 sithominis

128 4019 274 4107 bonum,
297 4032 332 4093 et
352 4044 421 4093 non
439 4022 518 4108 tria,
541 4020 577 4093 id
598 4020 730 4093 scilicet
745 4019 840 4113 quod
862 4019 897 4087 in
917 4017 1034 4089 animo
1049 4024 1105 4085 est
1123 4014 1213 4087 benc

127 4142 264 4214 coelitns
297 4144 455 4214 instituto
480 4153 515 4214 et
535 4142 757 4235 possessione
782 4138 946 4232 generosi
970 4136 1110 4208 habitus
1128 4134 1214 4207 insi-

128 4267 237 4360 gnito,
260 4268 423 4359 quoniam
442 4264 596 4358 corporis
618 4266 820 4333 acsortunae
841 4283 909 4333 non
931 4259 1022 4330 bona
1039 4258 1102 4331 sed
1118 4281 1214 4331 oom-

127 4390 232 4463 moda
256 4390 420 4483 quaedam
446 4408 487 4457 ac
512 4385 603 4455 levia
628 4382 837 4454 adminicula
861 4382 928 4454 dici
954 4378 1099 4464 debent3
1130 4382 1213 4476 quia

129 4521 244 4583 tamen
257 4511 362 4584 crudo
375 4508 465 4580 veile
492 4501 758 4579 tedeomnibus
771 4501 907 4587 audire,
930 4523 1052 4596 geram
1077 4525 1210 4577 morem
