2692 5024
323 666 804 725 Llnmovllll'llls.-EP18TOLA
825 668 877 718 mr.
1077 658 1134 723 227

60 808 182 903 patriae
201 809 341 882 vixerat
360 819 396 881 et
414 810 548 896 amieis,
569 831 692 882 rursus
712 808 757 882 ad
776 811 1012 907 episcopatum
1034 838 1136 889 suurn

60 952 139 1003 sese
158 930 314 1016 contulit,
333 931 393 1003 ubi
411 933 518 1003 multa
533 954 614 1005 cum
631 931 812 1005 honestate
827 934 977 1026 degens,
996 947 1031 1009 et
1048 938 1139 1010 sicut

59 1064 160 1127 antea
173 1064 393 1140 caeterorum,
408 1057 460 1128 sic
476 1066 557 1128 tnnc
574 1056 630 1128 sui
646 1057 756 1150 ipsius
774 1056 896 1143 vietor,
911 1059 1019 1131 vitam
1036 1081 1136 1133 suam

58 1180 131 1250 Deo
151 1190 186 1251 et
206 1177 404 1251 bominibus
422 1180 669 1274 exemplariter
688 1181 955 1254 commendavit.
973 1182 1074 1255 Anno
1091 1183 1138 1257 ibi

60 1302 200 1375 tandem
220 1302 283 1373 vix
303 1312 456 1396 peracto,
478 1304 617 1375 iuvenis
641 1303 837 1390 admodum,
860 1305 906 1377 ab
925 1307 1029 1379 buius
1054 1307 1138 1380 vitae

59 1423 325 1519 tempestatibus
346 1425 392 1498 ad
411 1425 538 1519 qnietis
559 1436 712 1519 portum,
735 1438 770 1498 et
789 1428 835 1499 ad
853 1428 1004 1502 feliciora
1028 1453 1139 1522 regna

59 1550 247 1621 translatus
267 1557 334 1619 est.
354 1548 577 1641 Recognosce
598 1571 734 1622 mecum
756 1550 907 1643 singula,
928 1561 1027 1646 pater
1051 1552 1138 1645 opti-

58 1692 137 1754 me3
166 1692 230 1742 nee
254 1672 298 1742 de
324 1692 490 1762 germano
521 1673 669 1765 colloqui
694 1673 808 1765 pigeat
831 1696 911 1746 cum
937 1675 994 1746 illo
1016 1673 1138 1768 qui'in

59 1796 166 1865 fratre
186 1801 246 1865 tuo
266 1793 376 1866 decus
398 1814 500 1864 suurn
518 1792 585 1864 sibi
601 1805 812 1889 praereptum
829 1799 942 1889 luget;
959 1806 994 1869 et
1011 1808 1134 1880 tamen.

58 1921 155 2014 quod
165 1919 353 1991 infantibus
371 1918 540 2012 prolapsis
557 1919 711 1991 nutrices
729 1922 853 2006 solent,
872 1931 951 2015 post
968 1930 1039 1992 tam
1057 1942 1137 2012 gra-

57 2064 139 2117 vem
160 2062 279 2114 casum
301 2041 416 2114 animo
433 2063 498 2114 suo
515 2044 675 2116 moerenti
691 2045 769 2117 heec
786 2043 972 2117 verborum
990 2043 1137 2117 admini-

57 2169 136 2239 cula
151 2165 416 2259 qualiacumque
433 2165 613 2259 conquirit.
631 2168 789 2238 Rccense
801 2189 938 2239 mecum
951 2167 1055 2259 igitur
1068 2167 1137 2238 lra-

60 2300 169 2362 temae
189 2290 273 2362 vitae
294 2297 430 2385 tempus
451 2289 676 2372 universum3
702 2288 816 2360 aetatis
837 2289 933 2361 illurn
958 2289 1136 2382 angustis·

62 2413 185 2484 simam
206 2412 457 2504 portiunculam
478 2423 589 2484 mcum
608 2410 788 2503 exegisse,
811 2421 915 2506 teque
934 2434 1135 2505 germanam

56 2536 133 2608 eius
153 2534 372 2607 dulcedinem
395 2557 533 2628 semper
551 2535 588 2606 in
608 2534 770 2617 transitu,
793 2545 828 2607 et
844 2537 905 2606 vix
923 2536 1079 2620 summis
1098 2547 1137 2609 ut

57 2661 168 2746 aiunt,
187 2658 286 2731 labiis
304 2659 513 2750 degustasse
530 2658 704 2731 fateberis.
722 2660 767 2730 Et
780 2658 810 2729 si
822 2657 992 2730 hacteuus
1009 2659 1137 2731 absen-

59 2793 129 2854 tem
141 2804 209 2854 non
222 2780 354 2866 luxisti,
369 2781 436 2852 iam
454 2778 592 2852 tandem
611 2783 731 2873 lugere
747 2781 908 2854 desinito.
926 2784 1003 2874 Ego
1020 2793 1137 2854 lamen

57 2903 138 2974 hinc
159 2903 311 2995 intelligo
334 2912 371 2974 et
403 2903 475 2975 scio
497 2902 590 2998 (lecit
608 2903 701 2974 enirn
726 2926 781 2975 me
807 2905 936 2977 talium¹
952 2916 1134 2996 expertum

57 3024 180 3098 crebra
199 3026 319 3097 mortis
341 3026 492 3120 iniuria),
516 3027 586 3098 scio
606 3027 690 3119 quid
711 3003 795 3096 mibi
820 3048 911 3098 nunc
936 3027 970 3095 in
997 3025 1135 3098 silentio

57 3150 258 3221 vulneratus
278 3159 313 3221 et
337 3152 518 3222 ulcerosus
543 3149 680 3222 animus
706 3149 903 3241 respondet.
930 3150 1027 3220 Tune
1051 3149 1137 3220 mibi

56 3272 178 3345 mortis
202 3280 238 3345 et
261 3264 430 3344 absentiae
454 3294 573 3366 parem
598 3272 827 3344 conditionem
851 3272 1136 3363 argumentaris?

56 3396 161 3490 Atqui
181 3397 359 3469 absentem
377 3396 536 3469 revidere
554 3419 634 3467 curn
651 3396 826 3468 desiderio
845 3395 1042 3490 sperabam:
1059 3397 1137 3470 ubi-

56 3542 137 3592 nam
158 3520 303 3611 degeret
320 3542 501 3607 noveram,
518 3519 740 3615 assiduisque
758 3520 955 3593 rumoribus
971 3542 1061 3593 onus
1079 3541 1136 3591 so

56 3643 153 3714 labar
185 3642 364 3714 absentiae.
392 3645 491 3717 Nunc
515 3666 600 3718 vero
625 3655 660 3715 et
685 3645 839 3716 solamen
865 3642 965 3726 illud,
992 3652 1028 3714 et
1053 3663 1135 3736 spes

56 3764 170 3836 omnis
190 3765 371 3839 intercidit.
391 3768 475 3838 ltlibi
497 3778 620 3852 autem,
639 3769 757 3852 faleor,
776 3763 1017 3839 nihilomnino
1035 3764 1135 3835 morti

56 3888 204 3962 similius
221 3914 325 3985 quarn
343 3892 502 3964 absentia
518 3891 710 3977 videretur,
729 3889 796 3962 nisi
815 3888 848 3958 in
863 3897 974 3959 morte
989 3884 1135 3959 certiora

56 4013 219 4107 quaedam
240 4016 360 4089 solatia
378 4015 573 4110 reperirem.
592 4016 745 4109 Utraque
761 4011 899 4106 quidem
917 4031 1060 4103 corpore
1079 4030 1136 4080 se-
1235 4032 1248 4061 0

56 4147 193 4229 gregat,
215 4140 330 4210 animo
355 4148 478 4210 neutra
502 4137 691 4226 disiungit;
716 4157 841 4207 verum
868 4132 1050 4227 suspendit
1074 4132 1136 4204 ab·

56 4259 183 4344 sentia,
205 4271 241 4332 et
266 4283 405 4354 semper
429 4258 554 4331 anxias
579 4266 714 4329 mentes
740 4256 858 4338 habet3
885 4253 1014 4349 quibus
1039 4275 1133 4328 mors

55 4403 194 4455 omnem
217 4404 469 4479 supervacuam
494 4402 613 4453 curam
637 4379 754 4452 demit.
780 4377 866 4463 Quis
890 4378 982 4450 enim
1007 4381 1133 4452 tratres

56 4505 223 4579 absentes
242 4505 438 4603 praesertim
457 4507 515 4579 vel
530 4504 660 4578 amieos
677 4503 820 4589 babere,
838 4512 874 4574 et
890 4524 1036 4577 securus
1053 4525 1133 4576 esse
