2692 5024
171 662 219 747 ‚88
374 616 379 633 '
513 670 556 721 nn
575 670 678 721 nunus
698 668 922 722 inmittimus

176 820 334 891 tontum?
352 818 412 889 llio
426 828 542 890 nutem
560 817 697 890 Codrus
713 815 939 890 Atheniensis
955 817 1024 890 olio
1040 819 1179 913 pietutin
1194 844 1259 917 go-

176 962 261 1012 noro
294 950 333 1013 ot
365 938 505 1035 piopriu
540 948 651 1011 morte
685 938 917 1031 oognosoitur.
938 940 1040 1013 Nnno
1071 942 1255 1017 defunctos

174 1054 380 1129 oomhuroro
407 1064 579 1131 extremui
606 1055 712 1129 inerit
739 1058 797 1128 vol
826 1055 965 1131 iniuriae
992 1060 1050 1129 vol
1075 1058 1254 1135 vindiotae.

175 1176 275 1250 Undo
292 1177 372 1250 hoo
390 1176 426 1247 in
448 1198 517 1249 unu
535 1177 730 1271 oudomquo
750 1186 856 1271 gente
879 1178 1059 1251 varietus?
1081 1179 1253 1253 Nimirum

173 1300 326 1373 docurnu
343 1290 515 1393 temporit
527 1300 649 1372 mutati
666 1320 799 1386 moiun,
817 1299 999 1395 opiniones
1012 1301 1193 1375 hominum
1204 1304 1257 1377 ul-

173 1432 320 1495 tornunt
337 1421 410 1495 Noo
420 1444 546 1495 rursus
559 1422 596 1494 id
607 1442 744 1516 quiem,
764 1421 899 1517 do'quo
914 1444 1060 1517 mugnus
1077 1424 1254 1497 interdum

173 1544 270 1616 vinos
293 1542 511 1616 dissomntos
531 1542 664 1631 audivi,
686 1553 766 1616 utor
787 1554 886 1617 osset
909 1548 1102 1641 sepultum
1125 1546 1254 1621 modun

174 1665 361 1752 honestior,
368 1665 472 1739 itione
483 1688 588 1761 quom
602 1664 793 1761 maioribus
804 1666 935 1740 nostris
947 1668 1254 1764 momoniuqnom-

141 1774 145 1782 ’
172 1808 242 1880 quo
260 1787 379 1860 multis
396 1786 513 1861 udhuo
528 1785 692 1879 gentibus
709 1786 844 1859 servari
859 1791 952 1863 fumo
965 1799 1024 1861 ost
1043 1789 1138 1884 (logo
1153 1790 1255 1865 uddi-

172 1919 307 2004 tuqum
319 1909 458 2006 sepeliri
470 1910 647 1983 hominem
659 1909 695 1981 in
706 1908 909 1983 ciuitatibus
922 1920 1026 1997 votat
1039 1910 1253 2005 quibusdum

171 2031 293 2126 puuois
312 2028 501 2104 admodum
519 2030 690 2126 eunomio,
711 2051 802 2125 quos
822 2030 1011 2123 singularis
1030 2030 1146 2105 virtus
1165 2034 1255 2129 iogi-

171 2152 239 2225 bus
265 2155 396 2225 solutos
415 2152 516 2238 fouit3
541 2153 643 2227 ouius
670 2153 770 2226 tortio
794 2152 840 2225 do
860 2152 999 2246 legibus
1019 2154 1177 2227 meminit
1195 2156 1253 2228 ci-

172 2271 281 2368 o'oro);
301 2294 347 2346 un
366 2272 425 2347 hio
443 2284 575 2362 nostor,
597 2295 704 2369 quom
723 2297 745 2348 u
763 2272 1016 2347 vetustioribus
1032 2286 1252 2371 resumptum

72 2378 79 2385 ⁵
171 2394 372 2466 christianin
391 2397 569 2489 roligionis
587 2418 677 2469 usus
696 2395 855 2468 obtinuit.
880 2397 958 2469 Non
982 2418 1026 2469 oo
1045 2396 1131 2469 mihi
1156 2421 1251 2473 nuno

170 2538 255 2588 curo
279 2527 348 2600 ost3
373 2517 409 2588 id
433 2518 549 2609 potius
570 2517 664 2613 qnod
688 2519 836 2611 agebam
865 2540 1011 2613 perago:
1038 2520 1118 2593 ideo
1140 2522 1248 2592 multu

171 2638 273 2709 nobis
293 2638 471 2710 horribilia
491 2638 616 2726 videri,
638 2640 720 2735 qnia
739 2641 993 2714 oonsuotudino
1008 2642 1113 2734 longo
1130 2626 1248 2714 turios

170 2759 392 2849 oonoepimus
412 2780 567 2832 errores:
588 2783 670 2855 quae
690 2764 785 2856 opud
801 2764 887 2835 ulios
903 2763 1048 2835 divorsa
1062 2775 1252 2837 ounnuotu-

170 2881 253 2953 dino
273 2904 341 2953 non
362 2881 537 2959 timentur.
559 2883 595 2953 Si
615 2906 702 2957 voro
720 2895 758 2957 tu
783 2885 868 2957 mihi
890 2884 1004 2980 (quod
1022 2884 1248 2979 pnoiounionis

171 3014 242 3077 tuae
252 3004 428 3099 proprium
441 3004 520 3101 ost),
535 3006 675 3078 oaetoris
688 3007 826 3101 spretis,
841 3008 1025 3081 veritatem
1039 3028 1165 3093 rerum,
1179 3030 1251 3083 non

171 3128 268 3218 vulgi
281 3128 494 3216 rumoribus,
512 3127 576 3202 sod
592 3129 696 3203 insitu
713 3130 846 3203 rationo
861 3129 1060 3224 quaesieris,
1074 3129 1249 3214 invenies,

170 3247 285 3317 virum
306 3251 498 3341 sapientum
518 3252 716 3345 opinionem
741 3251 990 3325 uberioribus
1015 3259 1187 3335 avertero,
1213 3263 1252 3322 ot

131 3363 135 3370 '
170 3376 231 3438 aut
250 3367 408 3440 miserari
426 3370 647 3445 delirantium
667 3394 810 3465 gregon,
833 3384 894 3445 aut
912 3366 1036 3444 r'idoro.
1053 3371 1151 3444 Volo.

588 3769 766 3835 EPISTOLA
785 3772 829 3836 111.

222 3942 416 3993 FRANCISGUS
438 3943 606 4013 Pnnntttcn
627 3945 749 3996 SEVERO
773 3945 1035 3996 APPENNINICOLAE
1057 3946 1084 3997 S.
1104 3947 1133 3997 Ρ.
1155 3949 1185 3997 D.

581 4120 653 4186 Quid
667 4121 703 4176 sit
715 4121 838 4177 exilium.

265 4330 432 4418 Exilium,
460 4336 525 4406 etsi
549 4333 596 4406 ub
618 4334 795 4408 exiliendo
820 4345 967 4407 truotum
994 4358 1085 4420 near,
1108 4336 1165 4406 vel
1193 4334 1250 4429 (ut

114 4553 118 4559 Ι
168 4448 291 4520 Servio
317 4454 444 4545 pluoot)
471 4454 516 4527 ab
538 4478 581 4527 oo
601 4455 695 4550 quod
715 4456 794 4550 quis
815 4468 917 4529 extra
943 4461 1055 4531 solum
1080 4469 1149 4541 eat,
1176 4479 1248 4530 non
