2692 5024
204 737 262 797 320
544 748 585 794 nr:
608 749 706 796 nentis
728 748 950 798 laurentinus

201 905 312 973 Deum
334 909 450 971 tantus
468 899 572 971 ardor
593 901 711 978 fuerat,
728 898 828 970 brevi
841 898 930 971 adeo
956 901 1188 993 refriguerat
1208 926 1308 977 sene·

202 1034 307 1109 ctute,
330 1034 369 1095 ut
388 1022 624 1095 accumbentis
659 1025 785 1115 puellae
806 1022 999 1115 patrocinio
1022 1035 1210 1099 uteretur.
1242 1029 1305 1115 Qui

201 1150 246 1221 de
269 1170 307 1219 se
328 1149 404 1242 ipso
424 1150 585 1240 loquens:
605 1144 723 1215 Iunior
741 1148 805 1236 sni,
828 1146 956 1239 inquit;
973 1157 1014 1218 et
1026 1152 1231 1224 confestim
1248 1153 1307 1226 ad-

201 1273 302 1345 didit:
345 1272 465 1340 etenim-
485 1270 589 1340 senui.
611 1268 727 1340 Habes
747 1268 805 1341 cui
830 1270 917 1341 forte
941 1270 1088 1344 dierum
1112 1298 1304 1349 numerum

201 1395 374 1479 invideas,
406 1404 443 1466 at
470 1416 540 1466 non
566 1403 769 1488 perpetuam
798 1392 1046 1465 iuventutem·
1065 1397 1189 1471 Omne
1211 1402 1303 1494 quod

200 1529 255 1590 est
270 1530 394 1600 ortum,
412 1537 561 1587 necesse
577 1527 644 1599 est,
667 1526 727 1587 aut
743 1515 964 1588 immaturum
983 1518 1146 1606 occidat,
1167 1534 1237 1594 aut
1253 1544 1303 1595 se

201 1650 328 1725 rescat,
348 1661 432 1710 mox
449 1639 619 1711 maturius
637 1659 855 1710 occasurum.
876 1639 913 1709 ln
928 1642 1176 1717 saecularibns
1195 1645 1303 1719 histo-

201 1765 260 1835 riis
281 1785 352 1834 non
369 1784 508 1857 aequam
530 1764 694 1835 humanae
724 1762 807 1834 vitae
827 1784 1031 1835 mensuram
1053 1764 1246 1853 invenies3
1270 1782 1301 1843 et

201 1889 231 1959 si
256 1888 342 1981 quid
367 1886 414 1957 ibi
440 1889 507 1960 tale
532 1884 820 1981 deprehenderis,
857 1884 996 1956 irrisive
1024 1910 1298 1987 nonnunquam,

199 2011 316 2106 potius
335 2031 440 2103 quam
454 2009 617 2080 historico
631 2010 761 2081 dictum
777 2007 873 2079 scito.
888 2006 1022 2102 Quippe
1036 2031 1155 2107 supra
1175 2015 1297 2091 Ninum

199 2133 425 2230 Assyriorum
440 2134 636 2226 regemqni
650 2132 802 2204 Abrahae
815 2140 1296 2227 contemporanensvidetur,

199 2257 244 2328 de
272 2257 454 2328 excellenti
486 2265 803 2347 rerumgestarum
832 2255 1014 2340 memoria,
1043 2268 1087 2328 ut
1118 2262 1297 2337 Macrobio

200 2382 329 2471 placet,
352 2403 396 2451 ne
422 2381 541 2451 Graeca
567 2379 708 2473 quidem
735 2389 832 2450 extat
849 2379 1004 2451 historia.
1029 2382 1174 2458 Omnes
1198 2389 1297 2481 igitur

200 2502 352 2573 historici
365 2503 425 2595 qui
444 2502 646 2594 longissime
660 2504 892 2588 retrocedunt,
908 2525 927 2573 a
944 2504 1034 2575 Nino
1048 2505 1201 2582 initium
1218 2515 1296 2585 scri-

200 2624 305 2695 bendi
325 2626 468 2705 sacinnt3
489 2626 676 2718 multisque
697 2637 774 2718 post
792 2625 886 2696 illum
905 2628 1141 2719 temporibus
1160 2649 1296 2708 nostro

201 2770 277 2817 rum
300 2768 421 2816 senum
436 2747 619 2842 incipimus
632 2752 793 2843 exempla
810 2750 983 2842 colligere.
1003 2752 1131 2847 ltaque
1154 2761 1295 2833 minime

200 2870 396 2942 mirandum
416 2882 537 2964 putant
556 2871 714 2963 quidam3
737 2896 816 2944 nam
835 2874 891 2943 alii
911 2875 1063 2966 litigant,
1088 2892 1128 2951 ut
1142 2882 1240 2970 dixi,
1256 2887 1293 2966 si,

200 3008 405 3067 senescente
438 2995 504 3065 iam
540 2995 677 3077 mondo,
697 3008 731 3066 et
757 2998 829 3066 vita
851 2997 1006 3082 brevior,
1041 3011 1081 3071 et
1112 3007 1293 3100 fragiliora

200 3131 281 3190 sunt
300 3140 458 3211 eorpora3
480 3130 515 3188 et
527 3118 620 3210 apud
633 3128 775 3189 exteros
789 3119 936 3212 quidem,
953 3133 989 3191 et
1006 3145 1124 3216 pauca
1148 3131 1200 3202 de
1215 3135 1295 3203 mul-

199 3243 256 3323 tis,
281 3242 344 3313 sed
364 3241 548 3313 illustriora
576 3242 815 3333 perstringam.
835 3241 1038 3317 Diutissime
1057 3248 1159 3324 vixit
1172 3256 1296 3328 Nestor

198 3367 273 3458 qui,
298 3376 335 3434 nt
355 3367 521 3456 scriptum
543 3376 609 3447 est,
632 3366 768 3436 tertiam
783 3364 850 3435 iam
868 3374 1008 3437 aetatem
1031 3368 1231 3450 hominnm
1250 3382 1296 3449 vi-

198 3484 313 3556 vebat.
337 3485 401 3556 lliu
419 3488 522 3557 Hiero
544 3489 763 3581 Syracosius,
787 3487 847 3558 diu
870 3489 972 3558 etiam
997 3491 1204 3570 Masinissa
1233 3503 1295 3571 ltu-

198 3609 368 3680 midarum
388 3633 465 3693 rex3
488 3633 635 3702 quorum
655 3614 740 3681 alter
761 3611 1028 3702 nonagesimum
1052 3638 1199 3694 annum
1223 3625 1295 3697 atti-

198 3734 260 3823 git,
301 3735 388 3803 alter
426 3733 591 3804 excessit.
627 3734 782 3804 Laudata
823 3734 972 3818 Solonis,
1014 3760 1084 3811 nec
1124 3743 1294 3821 illaudata

197 3858 377 3950 Sophoclis
411 3868 585 3939 senectus3
619 3881 768 3950 quorum
794 3859 940 3952 primus,
969 3883 1164 3954 nunquam
1195 3872 1294 3945 intes.

198 3983 305 4051 misso
325 3982 448 4065 studio,
469 4003 675 4074 semperque
701 3982 831 4075 aliquid
848 3983 1050 4067 addiscens,
1075 3996 1224 4080 senuit3
1248 4020 1294 4069 se

195 4106 332 4175 cundns
368 4105 468 4174 morti
500 4105 682 4197 proximus
712 4106 962 4177 nobilissimam
998 4116 1228 4201 tragoediam
1260 4141 1293 4191 ea

196 4228 337 4318 quidem
374 4229 513 4323 scripsit
545 4242 662 4312 mtate,
702 4254 770 4323 qua
796 4231 860 4301 vix
894 4230 948 4300 sui
981 4250 1180 4326 conrpotes
1220 4265 1292 4315 esse

198 4352 321 4431 solent,
350 4353 408 4442 qui
442 4352 487 4422 ad
519 4354 625 4426 vitam
661 4354 752 4425 illam
798 4356 953 4425 veniunt.
994 4354 1186 4438 Isocrates
1224 4390 1291 4441 ora-

198 4475 269 4550 tor,
304 4473 426 4543 eadem
454 4497 560 4568 prope
585 4488 704 4560 aetate‚
739 4489 866 4570 quarto
893 4477 1025 4547 scilicet
1065 4496 1107 4554 et
1136 4510 1292 4584 nonage

198 4586 286 4661 simo
311 4592 392 4660 vita
432 4617 541 4663 anno.
578 4620 657 4667 rurn
687 4601 846 4669 volumen
890 4599 1059 4671 eximium
1097 4610 1288 4685 edidisset,
