2692 5024
332 696 423 744 ιιιιιιι
445 694 831 746 ειιιιιιιιιιιι.-ιιιειοιι
851 698 894 745 ιιι.
1051 701 1054 706 ·
1111 687 1150 748 89

76 859 190 919 tamen
203 843 347 914 exilium
360 864 457 928 esse,
476 844 543 914 nisi
556 844 666 916 invito
685 843 831 927 aecidat,
851 844 1043 915 annuerim.
1057 842 1152 916 Alio-

75 968 158 1061 quin
175 988 272 1060 saepe
291 988 312 1037 a
332 963 450 1056 regnis
470 964 544 1036 suis
569 986 673 1055 reges
690 967 850 1050 exulant,
869 986 981 1058 eoque
998 966 1150 1038 maxime

42 1098 46 1105 “
76 1099 243 1182 tempore,
261 1087 356 1180 quod
371 1086 600 1180 pporogandis
614 1085 824 1179 tuendisque
840 1085 942 1176 regni
959 1085 1102 1170 linibus,
1116 1097 1152 1159 et

73 1207 309 1303 propagandae
322 1208 442 1299 gloriae
454 1207 676 1301 impenditur;
696 1206 836 1298 qnando
853 1228 956 1279 nemo
973 1207 1049 1281 illos
1062 1231 1152 1281 exn-

73 1333 123 1403 les
156 1331 273 1402 dieere
304 1331 442 1414 audeat,
473 1330 542 1401 nisi
571 1351 687 1423 aquo
701 1328 789 1401 ratio
808 1330 923 1401 omnis
941 1333 1150 1414 exulaverit3

74 1453 204 1547 quippe
220 1475 300 1525 oum
320 1474 498 1545 nunquam
518 1451 639 1523 verius
660 1462 695 1522 et
715 1450 785 1523 sint
802 1460 838 1523 et
858 1452 1017 1525 dieantur
1037 1477 1150 1546 reges.

74 1572 198 1669 Aliqua
217 1597 303 1667 ergo
319 1575 389 1659 vis,
403 1573 572 1667 dolorque
589 1573 714 1667 aliquis
727 1573 935 1647 interveniat
951 1586 1098 1669 oportet,
1113 1586 1152 1649 ut

74 1697 217 1769 exilium
231 1719 355 1770 verum
370 1697 424 1768 sit.
440 1695 479 1768 ld
492 1695 522 1767 si
539 1696 681 1788 recipis,
700 1695 768 1768 iam
786 1696 901 1768 uernis
917 1696 953 1768 in
971 1708 1030 1770 tua
1046 1721 1152 1772 manu

76 1821 195 1907 situm,
218 1832 333 1892 utrum
354 1821 437 1891 exul
459 1842 504 1891 ιιι
523 1818 731 1912 peregrinus
753 1818 815 1889 sis.
840 1819 875 1889 Si
900 1820 1098 1908 lacrimans,
1122 1821 1152 1893 si

75 1954 231 2028 moestus,
247 1943 277 2014 si
290 1941 446 2014 deiectus
459 1940 614 2026 exivisti,
629 1943 770 2013 exulem
783 1951 817 2012 te
834 1943 1072 2034 proculdubio
1089 1967 1153 2015 no

75 2065 185 2138 veris:
212 2065 242 2138 si
266 2088 353 2138 vero
377 2063 463 2136 nihil
487 2063 637 2157 propriae
661 2063 840 2155 dignitatis
858 2063 1004 2150 oblitus,
1037 2087 1152 2158 neque

74 2198 229 2274 coaetus,
244 2188 307 2259 sed
319 2186 446 2271 libens,
461 2196 497 2257 et
508 2186 631 2258 eodem
645 2183 765 2255 habitu
778 2186 901 2256 frontis
916 2197 1020 2280 atque
1031 2188 1150 2274 animi,

76 2331 146 2402 quo
158 2309 252 2380 dorni
264 2310 390 2392 fueras,
404 2309 525 2379 iussus
537 2306 646 2391 exire,
655 2305 810 2401 paruisti,
825 2308 1059 2398 peregrinaris
1070 2332 1153 2402 pro-

75 2432 251 2515 leot0,non
263 2432 398 2502 exulus.
412 2431 497 2502 Nam
512 2430 595 2501 etin
607 2428 745 2502 caeteris
758 2429 1018 2502 formidaturum
1032 2452 1151 2503 rerum

75 2551 263 2643 generibus
283 2553 443 2624 invenies
460 2552 633 2624 neminem
651 2574 732 2651 esse
749 2552 931 2637 miserum,
950 2552 1018 2623 nisi
1035 2553 1095 2645 qui
1113 2576 1153 2626 se

75 2675 241 2747 miserum
257 2673 350 2747 fecit:
372 2674 422 2745 sic
442 2696 632 2768 pauperem
658 2698 727 2746 non
748 2696 864 2747 rernm
885 2676 1061 2768 paucitas,
1089 2677 1154 2750 sed

76 2796 246 2888 cupiditas
266 2797 357 2870 lacit.
379 2797 437 2868 Sic
457 2797 493 2869 in
510 2809 634 2883 morte,
657 2818 738 2892 quae
758 2797 864 2868 exilio
886 2797 1057 2870 simillima
1074 2808 1150 2883 est,

76 2940 144 2990 non
166 2927 235 2989 tam
255 2919 306 2989 rei
330 2919 441 3010 ipsius
468 2919 653 3010 asperitas,
681 2942 785 3012 quam
813 2918 995 3010 trepidatio
1019 2930 1055 2990 et
1079 2921 1151 3011 opi-

75 3041 216 3111 nionum
236 3041 450 3135 perversitas
475 3052 588 3113 nooet:
609 3041 737 3134 quibus
754 3041 893 3123 amotis,
913 3042 1039 3110 multos
1060 3041 1153 3133 aspi-

74 3163 146 3235 cies
167 3186 237 3236 non
255 3164 360 3237 modo
381 3164 637 3257 aequanimiter,
655 3164 718 3234 sed
735 3165 813 3233 laete
830 3162 934 3233 etiam
952 3184 992 3234 ae
1008 3162 1151 3235 feliciter

75 3284 280 3358 morientes:
302 3308 349 3357 ex
360 3309 431 3378 quo
443 3286 606 3356 nimirum
623 3284 823 3377 intelligitur
839 3307 910 3364 uon
926 3308 1008 3357 esse
1027 3308 1151 3359 neees—

76 3407 220 3492 sariam,
243 3408 307 3480 sed
328 3420 558 3502 spontaneum
576 3407 697 3481 mortis
714 3410 857 3492 malum3
875 3430 941 3481 neo
956 3409 991 3481 in
1008 3432 1047 3482 re
1064 3409 1149 3504 ipsa,

75 3525 139 3600 sed
159 3539 268 3601 totum
293 3531 328 3600 in
353 3528 493 3623 obliqua
518 3531 711 3603 mortalium
738 3530 995 3603 existimatione
1020 3533 1154 3624 reposi-

75 3661 168 3721 tum:
197 3651 292 3744 quod
320 3651 388 3723 nisi
417 3653 464 3724 ita
492 3663 605 3740 esset,
633 3676 812 3746 nunquam
841 3654 876 3724 in
902 3656 1053 3745 periculo
1079 3654 1152 3745 pari

75 3781 168 3845 tanta
187 3783 284 3845 esset
304 3773 479 3866 imparitas
500 3775 703 3847 animorum.
726 3777 965 3867 Eamdemque
983 3775 1151 3845 rationem

73 3895 177 3966 video
196 3895 305 3981 exilii,
324 3918 429 3989 quam
449 3908 655 3970 eaeterorum
675 3899 843 3982 omnium,
865 3920 934 3968 non
954 3895 988 3966 in
1009 3895 1067 3964 illo
1088 3892 1152 3965 sed

73 4013 109 4083 in
121 3994 326 4099 nobis'esse,
340 4035 410 4106 quo
423 4015 607 4087 vincimur:
620 4014 816 4109 opinionem
831 4012 972 4096 scilieet,
986 4030 1077 4103 quae,
1092 4007 1152 4079 ubi

72 4136 251 4228 paululum
285 4159 307 4208 a
335 4135 482 4208 veritate
502 4136 697 4220 deflexerit,
728 4156 812 4206 mox
841 4129 1152 4204 innumerabilibus

72 4258 219 4331 iactatur
238 4258 432 4343 erroribus,
455 4270 494 4329 nt
514 4259 558 4330 ad
578 4279 702 4328 verum
723 4254 921 4327 difficillime
943 4255 1074 4338 redeat,
1097 4275 1153 4324 se-

73 4403 155 4474 que,
178 4381 246 4452 nisi
263 4383 409 4452 multum
427 4380 559 4461 adiuta,
575 4398 645 4449 non
659 4376 772 4467 erigat
791 4376 836 4448 ad
853 4375 1055 4447 intuendam
1072 4396 1152 4468 pro

73 4502 159 4594 priae
178 4503 324 4594 originis
351 4502 577 4575 maiestatem.
604 4498 648 4570 Ut
670 4496 763 4569 enim
789 4506 922 4570 certum
948 4518 1149 4592 prosequar,
