2692 5024
164 600 222 663 148
499 612 542 663 Μ
562 610 664 663 uuus
683 612 905 665 numillimus

162 755 224 829 tibi
260 754 388 829 debore
417 764 530 851 potes,
565 756 664 829 alteri
694 778 739 830 ne
766 755 908 829 debeas.
941 754 1069 828 Desine
1101 765 1245 829 tuarum

162 881 297 953 aurium
320 877 493 974 pruritum
524 880 626 952 alieni
657 880 826 953 sermonis
857 878 1034 972 unguibus
1060 880 1242 973 sculpere:

161 999 351 1073 levioribus
390 1002 560 1099 scalpellis
597 1003 690 1075 idem
727 1003 893 1097 consequi
922 1022 991 1074 non
1021 1001 1243 1096 prohiberis:

161 1123 267 1219 idque
291 1122 351 1197 fiet
381 1124 577 1212 honestius,
609 1124 772 1221 quamsi
802 1133 984 1199 tractatum
1015 1124 1066 1196 rei
1094 1124 1244 1219 grandis

159 1257 387 1341 extorqueas,
420 1246 467 1320 ad
496 1247 580 1319 nihil
606 1247 700 1322 aliud
724 1257 786 1320 aut
808 1247 976 1321 annuenti
1001 1248 1242 1344 profuturum,

161 1378 222 1441 aut
243 1370 387 1465 petenti,
413 1392 518 1464 quam
543 1370 753 1463 allegantis
777 1370 920 1444 intentio
949 1369 1082 1467 culpari
1107 1369 1238 1467 possit,

160 1500 197 1563 ct
216 1493 286 1564 sint
304 1490 488 1565 scribentis
508 1490 617 1563 verba
637 1493 860 1585 contemptui.
880 1492 980 1565 Vale.

304 1636 349 1691 Ad
361 1636 467 1693 sontem
479 1636 599 1709 Sorgiae,
614 1644 715 1710 quarto
727 1638 821 1695 Nonas
835 1638 930 1695 Μαίας.

578 2078 753 2145 uPrsToun
775 2079 819 2143 u.

195 2284 388 2338 mausiacus
405 2282 573 2335 assalitus
591 2279 759 2330 STEPHANO
775 2278 933 2328 soluturus
949 2278 1070 2329 muron!
1086 2279 1112 2328 S.
1130 2280 1159 2328 P.
1177 2280 1209 2329 Β.

411 2476 559 2530 Summum
573 2472 676 2527 bonum
692 2472 877 2527 inhonestate
892 2471 986 2527 silum.

259 2716 350 2801 Quid
383 2716 417 2786 in
453 2716 646 2810 quaestione
672 2715 847 2811 proposita
873 2715 1091 2788 sentiendum
1123 2729 1242 2812 putes,

28 2930 35 2943 ⁶
162 2843 237 2938 ipsc
257 2840 411 2913 videris:
433 2862 498 2913 nec
518 2849 621 2925 aetas,
643 2860 706 2911 nec
726 2838 891 2911 librorum
914 2841 1028 2925 lectio,
1047 2862 1112 2912 nec
1124 2863 1244 2915 rerum

161 2963 378 3061 experientia
392 2963 551 3037 deluerit.
566 2963 669 3059 Apud
682 2984 739 3035 me
751 2958 893 3057 quidem
911 2985 1028 3035 rerum
1047 2985 1116 3034 non
1133 2964 1245 3038 hone-

163 3098 293 3161 starum
320 3091 376 3162 vol
401 3090 474 3162 sola
500 3086 708 3162 consultatio
736 3085 848 3182 turpis
876 3094 945 3172 cst,
973 3085 1003 3157 si
1036 3084 1244 3159 sententiam

161 3221 364 3305 extorques.
385 3211 486 3284 Absit
503 3235 523 3285 a
539 3233 610 3297 me,
634 3232 704 3281 non
723 3209 827 3283 modo
840 3230 1031 3293 summum,
1052 3208 1116 3280 sed
1137 3206 1245 3302 (quo

162 3335 255 3405 niarn
280 3335 374 3406 etin
400 3336 465 3408 hac
490 3335 650 3428 opinione
674 3334 811 3405 Stoicus
839 3354 944 3427 quam
975 3330 1242 3426 Peripateticus,

161 3457 226 3530 etsi
253 3456 287 3525 in
312 3456 472 3527 omnibus
499 3456 635 3527 Stoicus
666 3456 776 3526 multo
806 3475 909 3547 quarn
942 3454 1136 3545 Epicureus
1161 3474 1245 3527 esse

162 3579 297 3674 malim)
324 3601 368 3651 ne
398 3579 538 3673 aliquod
570 3578 710 3672 quidem
736 3578 864 3648 bonum
891 3578 924 3647 in
950 3577 1092 3662 divitiis,
1120 3588 1183 3649 aut
1207 3579 1243 3648 in

162 3705 340 3797 voluptate
358 3724 536 3797 reponere.
558 3698 746 3775 Commoda
766 3709 848 3772 sunt
864 3700 955 3786 haec,
979 3710 1015 3772 et
1033 3700 1243 3773 adminicula

161 3828 245 3899 vitae
269 3826 446 3909 mortalis;
471 3824 587 3917 itaque
618 3821 702 3895 illud
726 3825 885 3909 fortunae,
915 3823 980 3893 hoo
1004 3822 1158 3916 corporis
1179 3822 1243 3895 bo

162 3973 245 4022 num
271 3959 405 4023 vocant.
427 3950 561 4020 Bonum
582 3968 679 4033 veru,
706 3945 800 4040 quod
824 3945 1028 4038 quaerimus,
1064 3943 1099 4015 in
1124 3946 1242 4019 animo

82 4103 84 4107 ’
162 4084 231 4159 est,
259 4096 322 4146 nec
341 4072 475 4167 corpori
497 4072 670 4154 serviens
698 4093 762 4143 nec
781 4072 937 4140 fortunae.
963 4069 1096 4139 Caetera
1121 4069 1240 4141 vocari

162 4194 252 4268 bona
271 4200 392 4282 lateor,
416 4197 569 4269 sednon
601 4217 682 4267 csse
700 4192 881 4267 contendo.
906 4192 1001 4262 Neve
1024 4214 1077 4262 me
1107 4194 1238 4276 forsan,

162 4337 280 4388 errore
300 4322 450 4414 lapsum,
481 4332 582 4414 putes
621 4319 879 4392 inadvertenter
908 4315 973 4386 hoc
1006 4313 1133 4386 dicore.
1163 4315 1240 4385 Non

163 4458 241 4509 suin
259 4441 397 4513 nescius
417 4442 501 4535 quid
518 4442 643 4515 dehac
663 4464 700 4514 rc
722 4440 942 4523 Aristoteles,
964 4437 1048 4532 quid
1067 4437 1238 4533 Epicurus
