2692 5024
187 674 245 733 38⁴3
529 681 569 727 uu
591 679 691 727 uenus
712 675 933 726 ruuruuautuus

187 827 334 922 pallidus
361 849 380 894 c
408 825 554 896 summis
579 823 747 894 montium
773 819 941 915 despiciat
966 821 1084 911 iugis3
1111 830 1146 893 le
1171 834 1277 893 nauta

189 950 344 1044 trepidus
365 970 413 1019 ex
433 948 503 1018 alto
523 954 732 1040 prospectet,
755 953 791 1013 ct
811 942 974 1014 infamem
1002 945 1186 1035 soopulum
1212 943 1277 1016 de-

187 1073 335 1156 clinans,
364 1092 464 1165 opem
492 1071 651 1140 velorum
673 1066 777 1137 remis
799 1063 939 1136 adiiciat
942 1118 999 1134 .....
1021 1065 1097 1135 Heu
1123 1086 1194 1157 quo
1220 1086 1278 1135 me

187 1196 286 1267 dolor
319 1192 471 1286 pepulit!
508 1189 598 1275 Quid
624 1190 776 1280 loquor?
800 1185 871 1257 Aut
896 1185 956 1256 ubi
982 1188 1093 1256 sum‘?
1118 1187 1279 1258 Mortalia

189 1315 344 1389 mortalis
370 1326 440 1385 tam
466 1313 620 1404 graviter
645 1311 724 1395 lleo,
759 1318 794 1380 et
827 1309 998 1381 insontem
1021 1319 1167 1393 terram,
1197 1331 1279 1402 qnae.

189 1463 293 1513 suum
314 1441 369 1508 ius
391 1435 533 1527 recepit,
555 1455 702 1507 execror
722 1433 876 1505 incertus
896 1430 1040 1503 ubinam
1067 1430 1146 1524 ipsc
1173 1432 1278 1505 mori

189 1574 301 1644 turus
320 1567 425 1651 atque
443 1558 536 1629 hunc
553 1558 734 1650 pulverem
754 1567 857 1628 terrae
872 1554 1077 1628 redditurus
1095 1557 1198 1628 sim‘l
1214 1560 1277 1632 lta·

188 1706 257 1778 que
290 1684 358 1752 iam
391 1679 550 1751 lamentis
575 1689 611 1750 et
644 1677 833 1770 gemitibus
865 1677 1113 1749 abstinendum
1149 1691 1222 1763 est,
1244 1691 1275 1751 et

191 1829 252 1901 pro
284 1806 388 1876 fratre
421 1802 617 1894 praemisso,
640 1800 724 1871 dum
759 1820 1002 1893 supersumus,
1023 1801 1216 1873 orandum.
1240 1802 1273 1874 ld

190 1929 305 2023 potius
326 1927 421 1998 viros
438 1926 554 1998 decet.
571 1921 646 1993 Tibi
663 1944 763 2007 vero,
781 1922 907 1994 civitas
924 1920 1178 2016 pulcherrima,
1201 1946 1274 2019 qne

155 2139 160 2146 ¹
189 2052 387 2143 depositum
420 2056 537 2118 meum
572 2066 712 2128 servas,
749 2044 795 2117 ad
827 2064 884 2113 mc
916 2042 1059 2116 tandem
1093 2055 1271 2130 reversus,

79 2229 83 2238 ,
191 2173 338 2264 gratiam
352 2169 475 2254 heheu,
491 2167 586 2261 quod
602 2168 636 2238 in
656 2178 751 2237 terra·
761 2168 879 2237 forsan
893 2165 1077 2239 barbarica
1090 2166 1272 2241 iaciturum

192 2296 266 2389 ipsa
287 2291 540 2388 complecteris.
563 2291 653 2360 Vitae
672 2287 812 2383 quidem
834 2287 990 2359 brevitas
1010 2290 1128 2361 fatalis
1149 2294 1273 2367 luerat:

195 2431 293 2489 tuum
314 2427 383 2501 est,
404 2414 498 2508 quod
518 2414 629 2484 amico
644 2433 733 2496 meo,
749 2413 912 2483 iuvenem
935 2413 1025 2494 licet,
1046 2414 1145 2483 fesso
1165 2424 1273 2486 tamen

192 2542 260 2610 iam
287 2561 464 2621 curarum,
488 2536 630 2624 contigit
658 2534 759 2604 italici
788 2537 910 2605 saltem
937 2533 1076 2625 requies
1106 2539 1275 2629 sepulcri:

195 2665 271 2731 leve
289 2661 465 2737 solamen3
484 2657 547 2726 scd
565 2657 681 2726 multis
701 2654 768 2726 iam
787 2656 873 2727 viris
886 2655 1086 2756 illustribus
1109 2670 1275 2752 optatum.

194 2784 241 2853 Te
254 2779 416 2852 nimirum
431 2779 600 2848 hactenus
618 2788 656 2848 ut
672 2777 798 2871 cupide
816 2777 986 2860 viderem,
1006 2776 1082 2872 ipse
1106 2789 1275 2852 terrarum

195 2907 282 2979 situs
300 2904 554 2996 amoenitasque
573 2902 800 2994 praestabant:
819 2899 983 2992 deinceps
1003 2900 1186 2972 carissimi
1200 2903 1276 2973 milri

193 3030 319 3101 cineris
343 3026 567 3097 servatricem
589 3046 706 3094 amara
728 3023 878 3116 quadam
900 3023 1083 3094 dulcedine
1104 3027 1220 3096 multo
1244 3025 1278 3095 li·

195 3151 334 3220 bentius
369 3147 506 3217 ridebo.
541 3146 576 3215 Si
609 3146 700 3215 enim
736 3143 987 3215 amantissimae
1023 3144 1104 3213 olim
1141 3146 1276 3237 coniugi

194 3269 346 3361 Pompeii
374 3268 427 3337 sui
455 3290 550 3338 mors
575 3277 612 3336 et
637 3280 794 3337 truncum
832 3267 934 3361 impie
966 3266 1119 3337 cadaver
1155 3288 1277 3339 arenas

195 3390 343 3460 Niliacas
366 3387 634 3461 commendabat
654 3410 766 3480 usque
784 3387 885 3471 adeo,
906 3398 945 3457 ut
962 3388 1041 3459 inde
1059 3389 1166 3460 nollet
1183 3392 1278 3462 avel-

196 3515 234 3597 li;
255 3537 318 3585 cur
338 3535 406 3583 non
427 3535 494 3603 ego
515 3511 629 3583 dilecti
650 3511 717 3581 mei
738 3521 942 3603 perpetuam
965 3510 1083 3582 sedem
1106 3512 1189 3582 litus
1218 3514 1279 3584 ita-

195 3637 298 3707 licum
324 3634 476 3707 amabo?
498 3635 609 3716 Salve,
634 3632 735 3702 tellus
756 3633 913 3723 egregia,
942 3635 1174 3704 fraternarum
1203 3636 1281 3707 reli·

195 3760 355 3850 quiarum
382 3766 502 3827 custos
529 3753 750 3837 fidelissima;
787 3766 822 3824 tu
856 3776 911 3825 me
941 3756 1073 3846 largius
1108 3756 1208 3843 llere,
1247 3771 1281 3829 tu

195 3881 333 3972 parcius
356 3901 496 3973 sperare
517 3877 676 3949 docuisti.
705 3878 755 3947 Tu
781 3886 897 3946 autem
924 3886 1003 3948 autc
1031 3886 1171 3971 tempus
1205 3903 1281 3952 erc-

195 4013 251 4093 pte
279 4001 363 4070 mihi
397 4003 518 4083 irater,
545 3999 603 4092 qui
638 3999 714 4069 haec
740 4021 796 4069 me
824 3999 856 4067 in
883 4002 1033 4070 lamenta
1065 4002 1281 4096 praecipitas

195 4132 366 4193 aeteruum
388 4125 476 4192 vale.
496 4124 571 4211 Ego
592 4121 732 4213 quidem
751 4144 797 4191 ex
817 4132 849 4192 te
870 4120 1035 4212 gaudium
1054 4142 1094 4191 ac
1113 4125 1282 4200 solamen.

195 4243 289 4334 quod
302 4244 336 4313 in
351 4244 414 4327 his,
431 4244 560 4336 quibus
573 4243 716 4315 assidue
729 4243 904 4327 morimur,
922 4242 1022 4312 terris
1037 4246 1284 4334 expectabam,

196 4364 255 4432 ubi
282 4390 395 4458 neque
421 4367 538 4456 gaudii
567 4388 678 4458 neque
705 4365 815 4438 solatii
842 4367 938 4436 locus
968 4373 1035 4447 est,
1065 4368 1176 4439 multo
1209 4393 1288 4443 cer-

199 4482 282 4567 tius,
303 4499 490 4576 praestanto
512 4492 596 4571 Dco,
619 4491 797 4580 multoque
818 4488 1026 4559 cumulatius
1053 4487 1227 4586 deinceps
1255 4495 1288 4564 iu
