<?xml version="1.0" encoding="UTF-8"?>
<!DOCTYPE html PUBLIC "-//W3C//DTD XHTML 1.0 Transitional//EN"
    "http://www.w3.org/TR/xhtml1/DTD/xhtml1-transitional.dtd">
<html xmlns="http://www.w3.org/1999/xhtml" xml:lang="en" lang="en">
 <head>
  <title>
</title>
<meta http-equiv="Content-Type" content="text/html;charset=utf-8" />
  <meta name='ocr-system' content='tesseract 3.04.00' />
  <meta name='ocr-capabilities' content='ocr_page ocr_carea ocr_par ocr_line ocrx_word'/>
</head>
<body>
  <div class='ocr_page' id='page_1' title='image "./epistolaederebu00fracgoog_0532.png"; bbox 0 0 2692 5024; ppageno 0'>
   <div class='ocr_carea' id='block_1_1' title="bbox 375 641 1214 703">
    <p class='ocr_par' dir='ltr' id='par_1_1' title="bbox 375 641 1214 703">
     <span class='ocr_line' id='line_1_1' title="bbox 375 641 1214 703; baseline 0.013 -11"><span class='ocrx_word' id='word_1_1' title='bbox 375 645 495 699; x_wconf 55' lang='lat' dir='ltr'><strong>wissa</strong></span> <span class='ocrx_word' id='word_1_2' title='bbox 516 645 893 697; x_wconf 47' lang='lat' dir='ltr'><strong>seramus-aerumna</strong></span> <span class='ocrx_word' id='word_1_3' title='bbox 917 651 945 699; x_wconf 84' lang='lat' dir='ltr'><strong>r.</strong></span> <span class='ocrx_word' id='word_1_4' title='bbox 1155 641 1214 703; x_wconf 73' lang='lat'><strong>369</strong></span> 
     </span>
    </p>
   </div>
   <div class='ocr_carea' id='block_1_2' title="bbox 133 788 1216 1495">
    <p class='ocr_par' dir='ltr' id='par_1_2' title="bbox 133 788 1216 1495">
     <span class='ocr_line' id='line_1_2' title="bbox 136 788 1213 891; baseline 0.004 -29"><span class='ocrx_word' id='word_1_5' title='bbox 136 810 285 884; x_wconf 86' lang='lat' dir='ltr'><strong>eumque</strong></span> <span class='ocrx_word' id='word_1_6' title='bbox 303 809 359 859; x_wconf 91' lang='lat' dir='ltr'><strong>me</strong></span> <span class='ocrx_word' id='word_1_7' title='bbox 367 798 484 874; x_wconf 77' lang='lat' dir='ltr'><strong>verto,</strong></span> <span class='ocrx_word' id='word_1_8' title='bbox 499 788 639 861; x_wconf 90' lang='lat' dir='ltr'><strong>dolendi</strong></span> <span class='ocrx_word' id='word_1_9' title='bbox 656 810 781 861; x_wconf 79' lang='lat' dir='ltr'><strong>causas</strong></span> <span class='ocrx_word' id='word_1_10' title='bbox 800 793 1049 887; x_wconf 72' lang='lat' dir='ltr'><strong>materiamque</strong></span> <span class='ocrx_word' id='word_1_11' title='bbox 1068 795 1213 891; x_wconf 77' lang='lat' dir='ltr'><strong>reperio.</strong></span> 
     </span>
     <span class='ocr_line' id='line_1_3' title="bbox 134 911 1216 1006; baseline 0.009 -24"><span class='ocrx_word' id='word_1_12' title='bbox 134 913 245 982; x_wconf 85' lang='lat' dir='ltr'><strong>Roma</strong></span> <span class='ocrx_word' id='word_1_13' title='bbox 264 911 356 982; x_wconf 89' lang='lat' dir='ltr'><strong>enim</strong></span> <span class='ocrx_word' id='word_1_14' title='bbox 377 915 541 998; x_wconf 86' lang='lat' dir='ltr'><strong>lacerata,</strong></span> <span class='ocrx_word' id='word_1_15' title='bbox 563 915 677 1006; x_wconf 89' lang='lat' dir='ltr'><strong>qualis</strong></span> <span class='ocrx_word' id='word_1_16' title='bbox 702 913 810 986; x_wconf 86' lang='lat' dir='ltr'><strong>ltaliae</strong></span> <span class='ocrx_word' id='word_1_17' title='bbox 831 918 968 988; x_wconf 77' lang='lat' dir='ltr'><strong>status?</strong></span> <span class='ocrx_word' id='word_1_18' title='bbox 985 917 1082 989; x_wconf 85' lang='lat' dir='ltr'><strong>ltelia</strong></span> <span class='ocrx_word' id='word_1_19' title='bbox 1102 920 1216 994; x_wconf 87' lang='lat' dir='ltr'><strong>delor-</strong></span> 
     </span>
     <span class='ocr_line' id='line_1_4' title="bbox 134 1034 1216 1137; baseline 0.013 -34"><span class='ocrx_word' id='word_1_20' title='bbox 134 1042 239 1117; x_wconf 89' lang='lat' dir='ltr'><strong>mata,</strong></span> <span class='ocrx_word' id='word_1_21' title='bbox 273 1034 387 1127; x_wconf 90' lang='lat' dir='ltr'><strong>qualis</strong></span> <span class='ocrx_word' id='word_1_22' title='bbox 413 1058 493 1110; x_wconf 85' lang='lat' dir='ltr'><strong>mea</strong></span> <span class='ocrx_word' id='word_1_23' title='bbox 516 1037 589 1110; x_wconf 87' lang='lat' dir='ltr'><strong>vita</strong></span> <span class='ocrx_word' id='word_1_24' title='bbox 621 1040 737 1111; x_wconf 87' lang='lat' dir='ltr'><strong>lutura</strong></span> <span class='ocrx_word' id='word_1_25' title='bbox 756 1044 838 1116; x_wconf 87' lang='lat' dir='ltr'><strong>est‘?</strong></span> <span class='ocrx_word' id='word_1_26' title='bbox 863 1043 901 1112; x_wconf 93' lang='lat' dir='ltr'><strong>ln</strong></span> <span class='ocrx_word' id='word_1_27' title='bbox 923 1042 988 1114; x_wconf 86' lang='lat' dir='ltr'><strong>hoo</strong></span> <span class='ocrx_word' id='word_1_28' title='bbox 1017 1043 1155 1137; x_wconf 86' lang='lat' dir='ltr'><strong>publico</strong></span> <span class='ocrx_word' id='word_1_29' title='bbox 1179 1055 1216 1117; x_wconf 91' lang='lat' dir='ltr'><strong>et</strong></span> 
     </span>
     <span class='ocr_line' id='line_1_5' title="bbox 134 1156 1215 1258; baseline 0.012 -33"><span class='ocrx_word' id='word_1_30' title='bbox 134 1156 270 1249; x_wconf 87' lang='lat' dir='ltr'><strong>privato</strong></span> <span class='ocrx_word' id='word_1_31' title='bbox 303 1180 466 1246; x_wconf 85' lang='lat' dir='ltr'><strong>moerore,</strong></span> <span class='ocrx_word' id='word_1_32' title='bbox 500 1161 557 1230; x_wconf 92' lang='lat' dir='ltr'><strong>alii</strong></span> <span class='ocrx_word' id='word_1_33' title='bbox 589 1182 688 1256; x_wconf 88' lang='lat' dir='ltr'><strong>opes,</strong></span> <span class='ocrx_word' id='word_1_34' title='bbox 718 1162 810 1236; x_wconf 90' lang='lat' dir='ltr'><strong>vires</strong></span> <span class='ocrx_word' id='word_1_35' title='bbox 843 1164 900 1237; x_wconf 94' lang='lat' dir='ltr'><strong>alii</strong></span> <span class='ocrx_word' id='word_1_36' title='bbox 924 1186 1125 1258; x_wconf 87' lang='lat' dir='ltr'><strong>corporeas,</strong></span> <span class='ocrx_word' id='word_1_37' title='bbox 1157 1169 1215 1239; x_wconf 89' lang='lat' dir='ltr'><strong>alii</strong></span> 
     </span>
     <span class='ocr_line' id='line_1_6' title="bbox 136 1281 1214 1381; baseline 0.011 -31"><span class='ocrx_word' id='word_1_38' title='bbox 136 1281 335 1372; x_wconf 85' lang='lat' dir='ltr'><strong>potentiam,</strong></span> <span class='ocrx_word' id='word_1_39' title='bbox 357 1282 415 1352; x_wconf 90' lang='lat' dir='ltr'><strong>alii</strong></span> <span class='ocrx_word' id='word_1_40' title='bbox 437 1282 620 1355; x_wconf 86' lang='lat' dir='ltr'><strong>eonsilium</strong></span> <span class='ocrx_word' id='word_1_41' title='bbox 640 1287 826 1359; x_wconf 81' lang='lat' dir='ltr'><strong>conferent.</strong></span> <span class='ocrx_word' id='word_1_42' title='bbox 848 1289 924 1379; x_wconf 76' lang='lat' dir='ltr'><strong>Ego</strong></span> <span class='ocrx_word' id='word_1_43' title='bbox 944 1288 1029 1381; x_wconf 91' lang='lat' dir='ltr'><strong>quid</strong></span> <span class='ocrx_word' id='word_1_44' title='bbox 1057 1290 1214 1362; x_wconf 86' lang='lat' dir='ltr'><strong>coulerre</strong></span> 
     </span>
     <span class='ocr_line' id='line_1_7' title="bbox 133 1399 961 1495; baseline 0.012 -24"><span class='ocrx_word' id='word_1_45' title='bbox 133 1399 280 1493; x_wconf 88' lang='lat' dir='ltr'><strong>possim,</strong></span> <span class='ocrx_word' id='word_1_46' title='bbox 302 1413 430 1495; x_wconf 86' lang='lat' dir='ltr'><strong>praeter</strong></span> <span class='ocrx_word' id='word_1_47' title='bbox 450 1404 621 1491; x_wconf 80' lang='lat' dir='ltr'><strong>lacrimas,</strong></span> <span class='ocrx_word' id='word_1_48' title='bbox 645 1427 714 1478; x_wconf 91' lang='lat' dir='ltr'><strong>non</strong></span> <span class='ocrx_word' id='word_1_49' title='bbox 732 1408 846 1482; x_wconf 89' lang='lat' dir='ltr'><strong>video.</strong></span> <span class='ocrx_word' id='word_1_50' title='bbox 865 1410 961 1481; x_wconf 83' lang='lat' dir='ltr'><strong>Vale.</strong></span> 
     </span>
    </p>
   </div>
   <div class='ocr_carea' id='block_1_3' title="bbox 275 1590 744 1653">
    <p class='ocr_par' dir='ltr' id='par_1_3' title="bbox 275 1590 744 1653">
     <span class='ocr_line' id='line_1_8' title="bbox 275 1590 744 1653; baseline 0.017 -9"><span class='ocrx_word' id='word_1_51' title='bbox 275 1591 301 1644; x_wconf 82' lang='lat' dir='ltr'>X</span> <span class='ocrx_word' id='word_1_52' title='bbox 316 1590 377 1646; x_wconf 85' lang='lat' dir='ltr'><strong>Kal.</strong></span> <span class='ocrx_word' id='word_1_53' title='bbox 394 1592 564 1649; x_wconf 78' lang='lat' dir='ltr'><strong>Decembris.</strong></span> <span class='ocrx_word' id='word_1_54' title='bbox 582 1595 620 1650; x_wconf 86' lang='lat' dir='ltr'><strong>Ex</strong></span> <span class='ocrx_word' id='word_1_55' title='bbox 636 1597 744 1653; x_wconf 86' lang='lat' dir='ltr'><strong>itinere.</strong></span> 
     </span>
    </p>
   </div>
   <div class='ocr_carea' id='block_1_4' title="bbox 635 1836 714 1850">
    <p class='ocr_par' dir='ltr' id='par_1_4' title="bbox 635 1836 714 1850">
     <span class='ocr_line' id='line_1_9' title="bbox 635 1836 714 1850; baseline 0 -3"><span class='ocrx_word' id='word_1_56' title='bbox 635 1836 714 1850; x_wconf 71' lang='grc' dir='ltr'><strong>-ι--</strong></span> 
     </span>
    </p>
   </div>
   <div class='ocr_carea' id='block_1_5' title="bbox 554 2059 798 2126">
    <p class='ocr_par' dir='ltr' id='par_1_5' title="bbox 554 2059 798 2126">
     <span class='ocr_line' id='line_1_10' title="bbox 554 2059 798 2126; baseline 0.008 -2"><span class='ocrx_word' id='word_1_57' title='bbox 554 2059 731 2126; x_wconf 74' lang='lat' dir='ltr'><strong>urlslotl</strong></span> <span class='ocrx_word' id='word_1_58' title='bbox 751 2065 798 2126; x_wconf 86' lang='lat' dir='ltr'><strong>Vl.</strong></span> 
     </span>
    </p>
   </div>
   <div class='ocr_carea' id='block_1_6' title="bbox 291 2252 1050 2305">
    <p class='ocr_par' dir='ltr' id='par_1_6' title="bbox 291 2252 1050 2305">
     <span class='ocr_line' id='line_1_11' title="bbox 291 2252 1050 2305; baseline 0.003 -3"><span class='ocrx_word' id='word_1_59' title='bbox 291 2252 484 2302; x_wconf 77' lang='lat' dir='ltr'><strong>FllllNClSCUS</strong></span> <span class='ocrx_word' id='word_1_60' title='bbox 506 2252 673 2300; x_wconf 71' lang='lat' dir='ltr'><strong>reuoluta</strong></span> <span class='ocrx_word' id='word_1_61' title='bbox 694 2253 829 2302; x_wconf 53' lang='lat' dir='ltr'><strong>SOClllel</strong></span> <span class='ocrx_word' id='word_1_62' title='bbox 849 2254 909 2304; x_wconf 88' lang='lat' dir='ltr'><strong>SUO</strong></span> <span class='ocrx_word' id='word_1_63' title='bbox 929 2255 956 2304; x_wconf 89' lang='lat' dir='ltr'><strong>S.</strong></span> <span class='ocrx_word' id='word_1_64' title='bbox 974 2256 1002 2305; x_wconf 86' lang='lat' dir='ltr'><strong>P.</strong></span> <span class='ocrx_word' id='word_1_65' title='bbox 1020 2257 1050 2305; x_wconf 83' lang='grc' dir='ltr'><strong>Ι).</strong></span> 
     </span>
    </p>
   </div>
   <div class='ocr_carea' id='block_1_7' title="bbox 226 2417 1119 2567">
    <p class='ocr_par' dir='ltr' id='par_1_7' title="bbox 226 2417 1119 2567">
     <span class='ocr_line' id='line_1_12' title="bbox 226 2417 1119 2488; baseline 0.001 -14"><span class='ocrx_word' id='word_1_66' title='bbox 226 2418 412 2474; x_wconf 76' lang='lat' dir='ltr'><strong>Mediocritate</strong></span> <span class='ocrx_word' id='word_1_67' title='bbox 426 2422 514 2475; x_wconf 87' lang='lat' dir='ltr'><strong>status</strong></span> <span class='ocrx_word' id='word_1_68' title='bbox 528 2417 571 2472; x_wconf 92' lang='lat' dir='ltr'><strong>sui</strong></span> <span class='ocrx_word' id='word_1_69' title='bbox 586 2422 748 2473; x_wconf 83' lang='lat' dir='ltr'><strong>contentum</strong></span> <span class='ocrx_word' id='word_1_70' title='bbox 762 2434 814 2473; x_wconf 88' lang='lat' dir='ltr'><strong>nec</strong></span> <span class='ocrx_word' id='word_1_71' title='bbox 827 2418 935 2476; x_wconf 76' lang='lat' dir='ltr'><strong>diuitias</strong></span> <span class='ocrx_word' id='word_1_72' title='bbox 950 2436 980 2475; x_wconf 85' lang='lat' dir='ltr'><strong>se</strong></span> <span class='ocrx_word' id='word_1_73' title='bbox 997 2419 1119 2488; x_wconf 83' lang='lat' dir='ltr'><strong>ambire,</strong></span> 
     </span>
     <span class='ocr_line' id='line_1_13' title="bbox 572 2507 767 2567; baseline 0.005 -2"><span class='ocrx_word' id='word_1_74' title='bbox 572 2523 623 2565; x_wconf 85' lang='lat' dir='ltr'><strong>nee</strong></span> <span class='ocrx_word' id='word_1_75' title='bbox 637 2507 767 2567; x_wconf 82' lang='lat' dir='ltr'><strong>honores.</strong></span> 
     </span>
    </p>
   </div>
   <div class='ocr_carea' id='block_1_8' title="bbox 127 2754 1210 4445">
    <p class='ocr_par' dir='ltr' id='par_1_8' title="bbox 127 2754 1210 4445">
     <span class='ocr_line' id='line_1_14' title="bbox 229 2754 1209 2852; baseline 0.005 -29"><span class='ocrx_word' id='word_1_76' title='bbox 229 2754 383 2825; x_wconf 84' lang='lat' dir='ltr'><strong>Summae</strong></span> <span class='ocrx_word' id='word_1_77' title='bbox 416 2754 557 2848; x_wconf 88' lang='lat' dir='ltr'><strong>quidem</strong></span> <span class='ocrx_word' id='word_1_78' title='bbox 584 2777 701 2826; x_wconf 90' lang='lat' dir='ltr'><strong>rerum</strong></span> <span class='ocrx_word' id='word_1_79' title='bbox 735 2776 905 2842; x_wconf 82' lang='lat' dir='ltr'><strong>mearum,</strong></span> <span class='ocrx_word' id='word_1_80' title='bbox 929 2776 1018 2850; x_wconf 85' lang='lat' dir='ltr'><strong>quas</strong></span> <span class='ocrx_word' id='word_1_81' title='bbox 1045 2763 1209 2852; x_wconf 83' lang='lat' dir='ltr'><strong>spectatae</strong></span> 
     </span>
     <span class='ocr_line' id='line_1_15' title="bbox 135 2875 1210 2963; baseline -0.001 -15"><span class='ocrx_word' id='word_1_82' title='bbox 135 2875 214 2950; x_wconf 85' lang='lat' dir='ltr'><strong>fidei</strong></span> <span class='ocrx_word' id='word_1_83' title='bbox 235 2886 305 2947; x_wconf 84' lang='lat' dir='ltr'><strong>tuae</strong></span> <span class='ocrx_word' id='word_1_84' title='bbox 324 2877 470 2961; x_wconf 85' lang='lat' dir='ltr'><strong>credidi,</strong></span> <span class='ocrx_word' id='word_1_85' title='bbox 493 2877 575 2949; x_wconf 87' lang='lat' dir='ltr'>nihil</span> <span class='ocrx_word' id='word_1_86' title='bbox 596 2876 756 2963; x_wconf 91' lang='lat' dir='ltr'><strong>detraho,</strong></span> <span class='ocrx_word' id='word_1_87' title='bbox 776 2877 857 2948; x_wconf 90' lang='lat' dir='ltr'><strong>nihil</strong></span> <span class='ocrx_word' id='word_1_88' title='bbox 880 2878 1013 2951; x_wconf 91' lang='lat' dir='ltr'><strong>adiicio.</strong></span> <span class='ocrx_word' id='word_1_89' title='bbox 1034 2878 1110 2949; x_wconf 89' lang='lat' dir='ltr'><strong>Non</strong></span> <span class='ocrx_word' id='word_1_90' title='bbox 1134 2886 1210 2949; x_wconf 90' lang='lat' dir='ltr'><strong>tan-</strong></span> 
     </span>
     <span class='ocr_line' id='line_1_16' title="bbox 134 2997 1206 3094; baseline -0.002 -24"><span class='ocrx_word' id='word_1_91' title='bbox 134 3009 205 3071; x_wconf 89' lang='lat' dir='ltr'><strong>tum</strong></span> <span class='ocrx_word' id='word_1_92' title='bbox 237 2999 377 3081; x_wconf 78' lang='lat' dir='ltr'><strong>firmuS,</strong></span> <span class='ocrx_word' id='word_1_93' title='bbox 410 2999 473 3070; x_wconf 91' lang='lat' dir='ltr'><strong>sed</strong></span> <span class='ocrx_word' id='word_1_94' title='bbox 506 2997 599 3070; x_wconf 80' lang='lat' dir='ltr'><strong>fixus</strong></span> <span class='ocrx_word' id='word_1_95' title='bbox 624 3000 728 3070; x_wconf 92' lang='lat' dir='ltr'><strong>etiam</strong></span> <span class='ocrx_word' id='word_1_96' title='bbox 754 3000 789 3070; x_wconf 93' lang='lat' dir='ltr'><strong>in</strong></span> <span class='ocrx_word' id='word_1_97' title='bbox 814 2999 990 3094; x_wconf 89' lang='lat' dir='ltr'><strong>proposito</strong></span> <span class='ocrx_word' id='word_1_98' title='bbox 1013 3021 1091 3071; x_wconf 94' lang='lat' dir='ltr'><strong>meo</strong></span> <span class='ocrx_word' id='word_1_99' title='bbox 1114 3020 1206 3080; x_wconf 89' lang='lat' dir='ltr'><strong>sum;</strong></span> 
     </span>
     <span class='ocr_line' id='line_1_17' title="bbox 130 3120 1209 3214; baseline -0.004 -18"><span class='ocrx_word' id='word_1_100' title='bbox 130 3123 230 3196; x_wconf 86' lang='lat' dir='ltr'><strong>ouius</strong></span> <span class='ocrx_word' id='word_1_101' title='bbox 252 3123 282 3193; x_wconf 90' lang='lat' dir='ltr'><strong>si</strong></span> <span class='ocrx_word' id='word_1_102' title='bbox 302 3120 499 3204; x_wconf 84' lang='lat' dir='ltr'><strong>meministi,</strong></span> <span class='ocrx_word' id='word_1_103' title='bbox 523 3142 777 3214; x_wconf 89' lang='lat' dir='ltr'><strong>supervacuum</strong></span> <span class='ocrx_word' id='word_1_104' title='bbox 797 3132 853 3192; x_wconf 90' lang='lat' dir='ltr'><strong>est</strong></span> <span class='ocrx_word' id='word_1_105' title='bbox 872 3121 1040 3214; x_wconf 89' lang='lat' dir='ltr'><strong>quidquid</strong></span> <span class='ocrx_word' id='word_1_106' title='bbox 1072 3121 1117 3192; x_wconf 90' lang='lat' dir='ltr'><strong>de</strong></span> <span class='ocrx_word' id='word_1_107' title='bbox 1143 3121 1209 3192; x_wconf 86' lang='lat' dir='ltr'><strong>hac</strong></span> 
     </span>
     <span class='ocr_line' id='line_1_18' title="bbox 131 3243 1208 3339; baseline -0.004 -21"><span class='ocrx_word' id='word_1_108' title='bbox 131 3269 170 3318; x_wconf 91' lang='lat' dir='ltr'><strong>re</strong></span> <span class='ocrx_word' id='word_1_109' title='bbox 190 3247 335 3317; x_wconf 88' lang='lat' dir='ltr'><strong>ulterius</strong></span> <span class='ocrx_word' id='word_1_110' title='bbox 356 3248 487 3339; x_wconf 91' lang='lat' dir='ltr'><strong>loquar.</strong></span> <span class='ocrx_word' id='word_1_111' title='bbox 510 3245 555 3316; x_wconf 92' lang='lat' dir='ltr'><strong>Ut</strong></span> <span class='ocrx_word' id='word_1_112' title='bbox 575 3256 687 3316; x_wconf 89' lang='lat' dir='ltr'><strong>tamen</strong></span> <span class='ocrx_word' id='word_1_113' title='bbox 709 3266 764 3315; x_wconf 91' lang='lat' dir='ltr'><strong>me</strong></span> <span class='ocrx_word' id='word_1_114' title='bbox 789 3243 857 3314; x_wconf 90' lang='lat' dir='ltr'><strong>mei</strong></span> <span class='ocrx_word' id='word_1_115' title='bbox 878 3266 947 3315; x_wconf 92' lang='lat' dir='ltr'><strong>non</strong></span> <span class='ocrx_word' id='word_1_116' title='bbox 970 3245 1208 3316; x_wconf 83' lang='lat' dir='ltr'><strong>immemorem</strong></span> 
     </span>
     <span class='ocr_line' id='line_1_19' title="bbox 132 3366 1210 3462; baseline -0.003 -23"><span class='ocrx_word' id='word_1_117' title='bbox 132 3368 235 3450; x_wconf 85' lang='lat' dir='ltr'><strong>solas,</strong></span> <span class='ocrx_word' id='word_1_118' title='bbox 254 3366 409 3438; x_wconf 88' lang='lat' dir='ltr'><strong>breviter</strong></span> <span class='ocrx_word' id='word_1_119' title='bbox 429 3366 480 3437; x_wconf 89' lang='lat' dir='ltr'><strong>sic</strong></span> <span class='ocrx_word' id='word_1_120' title='bbox 500 3366 600 3437; x_wconf 90' lang='lat' dir='ltr'><strong>habe.</strong></span> <span class='ocrx_word' id='word_1_121' title='bbox 620 3367 757 3457; x_wconf 80' lang='lat' dir='ltr'><strong>Magnae</strong></span> <span class='ocrx_word' id='word_1_122' title='bbox 774 3367 920 3439; x_wconf 85' lang='lat' dir='ltr'><strong>lortuuae</strong></span> <span class='ocrx_word' id='word_1_123' title='bbox 937 3376 1104 3462; x_wconf 86' lang='lat' dir='ltr'><strong>appetens</strong></span> <span class='ocrx_word' id='word_1_124' title='bbox 1120 3391 1210 3438; x_wconf 92' lang='lat' dir='ltr'><strong>nuu-</strong></span> 
     </span>
     <span class='ocr_line' id='line_1_20' title="bbox 131 3489 1209 3585; baseline 0 -24"><span class='ocrx_word' id='word_1_125' title='bbox 131 3512 235 3584; x_wconf 87' lang='lat' dir='ltr'><strong>quam</strong></span> <span class='ocrx_word' id='word_1_126' title='bbox 268 3489 329 3574; x_wconf 91' lang='lat' dir='ltr'><strong>lui,</strong></span> <span class='ocrx_word' id='word_1_127' title='bbox 358 3490 432 3562; x_wconf 91' lang='lat' dir='ltr'><strong>sive</strong></span> <span class='ocrx_word' id='word_1_128' title='bbox 468 3490 504 3562; x_wconf 93' lang='lat' dir='ltr'><strong>id</strong></span> <span class='ocrx_word' id='word_1_129' title='bbox 537 3489 703 3574; x_wconf 83' lang='lat' dir='ltr'><strong>modesti,</strong></span> <span class='ocrx_word' id='word_1_130' title='bbox 738 3491 815 3562; x_wconf 88' lang='lat' dir='ltr'><strong>sive</strong></span> <span class='ocrx_word' id='word_1_131' title='bbox 846 3489 976 3585; x_wconf 90' lang='lat' dir='ltr'><strong>pusilli,</strong></span> <span class='ocrx_word' id='word_1_132' title='bbox 1000 3490 1076 3562; x_wconf 89' lang='lat' dir='ltr'><strong>sive</strong></span> <span class='ocrx_word' id='word_1_133' title='bbox 1100 3490 1209 3584; x_wconf 86' lang='lat' dir='ltr'><strong>(quod</strong></span> 
     </span>
     <span class='ocr_line' id='line_1_21' title="bbox 130 3610 1210 3708; baseline -0.002 -24"><span class='ocrx_word' id='word_1_134' title='bbox 130 3610 341 3708; x_wconf 90' lang='lat' dir='ltr'><strong>quibusdam</strong></span> <span class='ocrx_word' id='word_1_135' title='bbox 358 3613 494 3705; x_wconf 80' lang='lat' dir='ltr'><strong>magnis</strong></span> <span class='ocrx_word' id='word_1_136' title='bbox 516 3613 602 3684; x_wconf 88' lang='lat' dir='ltr'><strong>viris</strong></span> <span class='ocrx_word' id='word_1_137' title='bbox 623 3611 749 3708; x_wconf 77' lang='lat' dir='ltr'><strong>placet)</strong></span> <span class='ocrx_word' id='word_1_138' title='bbox 772 3613 888 3707; x_wconf 79' lang='lat' dir='ltr'><strong>magui</strong></span> <span class='ocrx_word' id='word_1_139' title='bbox 905 3611 1010 3685; x_wconf 90' lang='lat' dir='ltr'><strong>animi</strong></span> <span class='ocrx_word' id='word_1_140' title='bbox 1029 3620 1093 3683; x_wconf 88' lang='lat' dir='ltr'><strong>est.</strong></span> <span class='ocrx_word' id='word_1_141' title='bbox 1116 3612 1210 3682; x_wconf 88' lang='lat' dir='ltr'><strong>Vera</strong></span> 
     </span>
     <span class='ocr_line' id='line_1_22' title="bbox 129 3735 1207 3828; baseline -0.001 -20"><span class='ocrx_word' id='word_1_142' title='bbox 129 3735 271 3828; x_wconf 90' lang='lat' dir='ltr'><strong>quidem</strong></span> <span class='ocrx_word' id='word_1_143' title='bbox 296 3745 332 3806; x_wconf 88' lang='lat' dir='ltr'><strong>et</strong></span> <span class='ocrx_word' id='word_1_144' title='bbox 360 3739 464 3828; x_wconf 77' lang='lat' dir='ltr'><strong>vulgo</strong></span> <span class='ocrx_word' id='word_1_145' title='bbox 488 3738 592 3809; x_wconf 93' lang='lat' dir='ltr'><strong>etiam</strong></span> <span class='ocrx_word' id='word_1_146' title='bbox 618 3749 699 3810; x_wconf 88' lang='lat' dir='ltr'><strong>nota</strong></span> <span class='ocrx_word' id='word_1_147' title='bbox 723 3758 975 3818; x_wconf 82' lang='lat' dir='ltr'><strong>commemoro;</strong></span> <span class='ocrx_word' id='word_1_148' title='bbox 1000 3744 1036 3806; x_wconf 90' lang='lat' dir='ltr'><strong>et</strong></span> <span class='ocrx_word' id='word_1_149' title='bbox 1059 3756 1207 3828; x_wconf 89' lang='lat' dir='ltr'><strong>quorum</strong></span> 
     </span>
     <span class='ocr_line' id='line_1_23' title="bbox 131 3857 1205 3952; baseline -0.003 -23"><span class='ocrx_word' id='word_1_150' title='bbox 131 3867 165 3929; x_wconf 86' lang='lat' dir='ltr'><strong>te</strong></span> <span class='ocrx_word' id='word_1_151' title='bbox 190 3859 224 3928; x_wconf 92' lang='lat' dir='ltr'><strong>in</strong></span> <span class='ocrx_word' id='word_1_152' title='bbox 250 3859 370 3952; x_wconf 90' lang='lat' dir='ltr'><strong>primis</strong></span> <span class='ocrx_word' id='word_1_153' title='bbox 405 3871 528 3935; x_wconf 89' lang='lat' dir='ltr'><strong>testem</strong></span> <span class='ocrx_word' id='word_1_154' title='bbox 562 3861 685 3946; x_wconf 87' lang='lat' dir='ltr'><strong>habeo,</strong></span> <span class='ocrx_word' id='word_1_155' title='bbox 713 3873 749 3933; x_wconf 90' lang='lat' dir='ltr'><strong>et</strong></span> <span class='ocrx_word' id='word_1_156' title='bbox 778 3860 950 3932; x_wconf 89' lang='lat' dir='ltr'><strong>interdum</strong></span> <span class='ocrx_word' id='word_1_157' title='bbox 975 3857 1205 3940; x_wconf 86' lang='lat' dir='ltr'><strong>laudatorem,</strong></span> 
     </span>
     <span class='ocr_line' id='line_1_24' title="bbox 130 3978 1206 4079; baseline 0 -28"><span class='ocrx_word' id='word_1_158' title='bbox 130 3981 301 4053; x_wconf 89' lang='lat' dir='ltr'><strong>interdum</strong></span> <span class='ocrx_word' id='word_1_159' title='bbox 331 4006 415 4054; x_wconf 87' lang='lat' dir='ltr'><strong>vero</strong></span> <span class='ocrx_word' id='word_1_160' title='bbox 439 4006 502 4079; x_wconf 91' lang='lat' dir='ltr'><strong>pro</strong></span> <span class='ocrx_word' id='word_1_161' title='bbox 532 3983 699 4077; x_wconf 86' lang='lat' dir='ltr'><strong>qualitate</strong></span> <span class='ocrx_word' id='word_1_162' title='bbox 729 3993 922 4075; x_wconf 88' lang='lat' dir='ltr'><strong>temporum</strong></span> <span class='ocrx_word' id='word_1_163' title='bbox 956 3978 1206 4052; x_wconf 85' lang='lat' dir='ltr'><strong>amicissimum</strong></span> 
     </span>
     <span class='ocr_line' id='line_1_25' title="bbox 128 4102 1204 4199; baseline 0.004 -25"><span class='ocrx_word' id='word_1_164' title='bbox 128 4106 439 4198; x_wconf 87' lang='lat' dir='ltr'><strong>reprehensorem:</strong></span> <span class='ocrx_word' id='word_1_165' title='bbox 471 4106 565 4199; x_wconf 86' lang='lat' dir='ltr'><strong>quod</strong></span> <span class='ocrx_word' id='word_1_166' title='bbox 599 4107 746 4188; x_wconf 85' lang='lat' dir='ltr'><strong>scilieet,</strong></span> <span class='ocrx_word' id='word_1_167' title='bbox 782 4116 820 4175; x_wconf 91' lang='lat' dir='ltr'><strong>ut</strong></span> <span class='ocrx_word' id='word_1_168' title='bbox 851 4103 970 4177; x_wconf 88' lang='lat' dir='ltr'><strong>verbis</strong></span> <span class='ocrx_word' id='word_1_169' title='bbox 1004 4102 1073 4181; x_wconf 89' lang='lat' dir='ltr'><strong>tuis</strong></span> <span class='ocrx_word' id='word_1_170' title='bbox 1109 4113 1204 4197; x_wconf 87' lang='lat' dir='ltr'><strong>utar,</strong></span> 
     </span>
     <span class='ocr_line' id='line_1_26' title="bbox 129 4225 1207 4320; baseline 0 -23"><span class='ocrx_word' id='word_1_171' title='bbox 129 4234 242 4320; x_wconf 88' lang='lat' dir='ltr'><strong>eoepto</strong></span> <span class='ocrx_word' id='word_1_172' title='bbox 267 4227 370 4299; x_wconf 92' lang='lat' dir='ltr'><strong>nimis</strong></span> <span class='ocrx_word' id='word_1_173' title='bbox 391 4229 600 4313; x_wconf 89' lang='lat' dir='ltr'><strong>insisterem,</strong></span> <span class='ocrx_word' id='word_1_174' title='bbox 623 4239 658 4300; x_wconf 88' lang='lat' dir='ltr'><strong>et</strong></span> <span class='ocrx_word' id='word_1_175' title='bbox 684 4227 873 4300; x_wconf 90' lang='lat' dir='ltr'><strong>videndum</strong></span> <span class='ocrx_word' id='word_1_176' title='bbox 905 4237 1018 4311; x_wconf 87' lang='lat' dir='ltr'><strong>esset,</strong></span> <span class='ocrx_word' id='word_1_177' title='bbox 1045 4247 1089 4299; x_wconf 89' lang='lat' dir='ltr'><strong>ne</strong></span> <span class='ocrx_word' id='word_1_178' title='bbox 1115 4225 1207 4298; x_wconf 90' lang='lat' dir='ltr'><strong>unde</strong></span> 
     </span>
     <span class='ocr_line' id='line_1_27' title="bbox 127 4347 1208 4445; baseline -0.006 -20"><span class='ocrx_word' id='word_1_179' title='bbox 127 4350 255 4425; x_wconf 82' lang='lat' dir='ltr'><strong>famam</strong></span> <span class='ocrx_word' id='word_1_180' title='bbox 278 4372 425 4422; x_wconf 76' lang='lat' dir='ltr'><strong>summae</strong></span> <span class='ocrx_word' id='word_1_181' title='bbox 446 4350 651 4422; x_wconf 73' lang='lat' dir='ltr'><strong>constantim</strong></span> <span class='ocrx_word' id='word_1_182' title='bbox 672 4370 880 4445; x_wconf 78' lang='lat' dir='ltr'><strong>quaererem,</strong></span> <span class='ocrx_word' id='word_1_183' title='bbox 903 4350 983 4422; x_wconf 89' lang='lat' dir='ltr'><strong>inde</strong></span> <span class='ocrx_word' id='word_1_184' title='bbox 1009 4347 1208 4444; x_wconf 77' lang='lat' dir='ltr'><strong>pertinaciae</strong></span> 
     </span>
    </p>
   </div>
   <div class='ocr_carea' id='block_1_9' title="bbox 128 4469 1208 4646">
    <p class='ocr_par' dir='ltr' id='par_1_9' title="bbox 128 4469 1208 4646">
     <span class='ocr_line' id='line_1_28' title="bbox 128 4469 1208 4568; baseline -0.006 -23"><span class='ocrx_word' id='word_1_185' title='bbox 128 4492 255 4545; x_wconf 90' lang='lat' dir='ltr'><strong>nomen</strong></span> <span class='ocrx_word' id='word_1_186' title='bbox 287 4474 530 4567; x_wconf 80' lang='lat' dir='ltr'><strong>infamiamque</strong></span> <span class='ocrx_word' id='word_1_187' title='bbox 561 4494 804 4568; x_wconf 83' lang='lat' dir='ltr'><strong>consequerer.</strong></span> <span class='ocrx_word' id='word_1_188' title='bbox 840 4473 896 4546; x_wconf 88' lang='lat' dir='ltr'><strong>Me</strong></span> <span class='ocrx_word' id='word_1_189' title='bbox 928 4484 1042 4546; x_wconf 87' lang='lat' dir='ltr'><strong>tamen</strong></span> <span class='ocrx_word' id='word_1_190' title='bbox 1074 4469 1208 4545; x_wconf 82' lang='lat' dir='ltr'><strong>consilii</strong></span> 
     </span>
     <span class='ocr_line' id='line_1_29' title="bbox 256 4593 1053 4646; baseline 0.005 -4"><span class='ocrx_word' id='word_1_191' title='bbox 256 4605 272 4642; x_wconf 88' lang='lat' dir='ltr'><strong>r.</strong></span> <span class='ocrx_word' id='word_1_192' title='bbox 1021 4593 1053 4646; x_wconf 71' lang='lat' dir='ltr'><strong>lt</strong></span> 
     </span>
    </p>
   </div>
   <div class='ocr_carea' id='block_1_10' title="bbox 0 0 1350 5024">
    <p class='ocr_par' dir='ltr' id='par_1_10' title="bbox 0 0 1350 5024">
     <span class='ocr_line' id='line_1_30' title="bbox 0 0 1350 5024; baseline 0 2"><span class='ocrx_word' id='word_1_193' title='bbox 0 0 1350 5024; x_wconf 95' lang='lat' dir='ltr'><strong> </strong></span> 
     </span>
    </p>
   </div>
  </div>
 </body>
</html>
