2692 5024
395 653 488 703 ninus
508 651 877 712 eunucus-suissuis
898 653 961 702 vrri.
1153 640 1213 706 ste

135 805 243 869 verat.
267 795 377 866 Ursus
396 791 620 886 Anguillariae
641 816 758 867 comes
777 817 817 866 uo
838 804 987 881 senator,
1008 799 1214 890 praenitivir

110 923 113 929 ’
133 917 275 1011 ingenii,
300 916 396 1009 regio
415 915 541 989 iudicio
563 916 758 1011 probatum,
780 918 907 990 laureis
927 919 1109 992 frondibus
1129 920 1214 992 insi-

133 1039 256 1134 gnivit.
282 1039 404 1110 Manus
437 1039 533 1130 regia
565 1039 687 1123 defuit,
727 1038 789 1110 sed
821 1062 891 1112 non
925 1041 1127 1123 auctoritas,
1150 1063 1214 1113 noo

132 1163 314 1244 maiestas3
335 1162 393 1232 iila
412 1184 481 1234 non
501 1162 586 1232 mihi
608 1163 681 1243 soli,
697 1163 761 1234 sed
774 1162 935 1234 omnibus
957 1183 1117 1255 praesens
1137 1164 1212 1235 fuit.

131 1287 323 1357 Defuerunt
343 1284 433 1355 oculi
456 1284 504 1356 tui
525 1295 629 1378 utque
648 1306 767 1367 aures3
793 1285 930 1357 animus
955 1284 1049 1356 enim
1070 1283 1213 1357 assidue

133 1430 270 1479 mecum
288 1417 355 1479 est.
373 1408 488 1479 Defuit
505 1409 748 1500 magnanimus
769 1406 956 1492 lohannes
979 1429 1081 1500 quem
1095 1430 1116 1481 a
1128 1430 1212 1500 rege

133 1529 395 1614 transmissum,
418 1537 453 1601 et
472 1530 559 1601 miro
581 1528 952 1615 studio‘festinnntem,
974 1539 1102 1623 praeter
1120 1529 1214 1601 Ana-

131 1651 224 1725 niam
245 1672 416 1745 excepere
434 1652 661 1725 Hernicorum
679 1653 830 1738 insidiae,
850 1673 939 1746 quus
956 1675 1036 1725 eum
1053 1654 1214 1725 evasisse

132 1774 282 1870 gaudeo,
305 1776 385 1847 iicet
403 1784 609 1869 expectatus
631 1777 666 1847 in
687 1787 842 1868 tempore
862 1799 933 1848 non
958 1775 1111 1848 adesset.
1137 1777 1213 1848 Cae-

131 1908 207 1970 tera
228 1919 332 1991 supra
351 1919 449 1990 spem
467 1907 502 1968 et
519 1918 625 1991 supra
642 1897 743 1970 fidem
763 1898 981 1970 successisse
997 1900 1149 1969 noveris.
1167 1897 1214 1969 At

132 2030 171 2093 ut
188 2021 317 2093 recenti
336 2019 576 2112 experimento
595 2042 841 2113 cognoscerem
862 2042 967 2115 quum
989 2041 1128 2114 semper
1153 2022 1213 2090 lae-

130 2142 175 2214 tis
208 2143 325 2214 iuncte
350 2142 420 2213 sint
444 2141 568 2227 tristia,
598 2142 656 2213 vix
684 2143 812 2215 moenia
837 2142 939 2216 Urbis
965 2141 1118 2234 egressi,
1144 2161 1212 2233 ego

129 2286 209 2336 cum
230 2265 285 2336 his
307 2267 366 2358 qui
388 2287 444 2335 me
467 2274 558 2336 terra
579 2275 615 2336 et
633 2266 757 2358 pelago
778 2265 887 2336 secuti
908 2271 1019 2348 erunt,
1047 2262 1082 2333 in
1107 2264 1212 2335 latm-

129 2410 213 2460 num
235 2399 386 2459 armatas
408 2408 534 2459 munus
555 2387 754 2470 incidimus,
776 2387 944 2481 equibus
967 2397 1006 2458 ut
1025 2385 1160 2458 liberati
1176 2395 1212 2457 et

128 2511 274 2582 Romam
288 2510 401 2582 redire
413 2510 581 2604 compulsi
598 2505 738 2595 fuimus,
756 2519 979 2604 quantusque
996 2507 1042 2580 ibi
1059 2508 1106 2581 ob
1121 2507 1211 2582 hano

129 2652 270 2704 causam
291 2632 407 2727 popuii
428 2643 559 2718 motus,
574 2641 610 2705 et
626 2643 665 2704 nt
679 2631 737 2703 die
750 2640 889 2726 postero
907 2631 1044 2704 certiori
1061 2641 1211 2704 armato

131 2776 208 2825 rum
227 2755 302 2826 fulti
324 2755 487 2847 praesidio
506 2756 750 2842 discessimus,
778 2776 819 2830 nc
844 2763 989 2829 caeteros
1015 2756 1085 2827 viae
1103 2775 1210 2827 casus

131 2875 161 2949 si
180 2878 354 2970 explicare
373 2888 563 2962 tentavero,
584 2880 685 2972 ionga
703 2879 769 2950 erit
786 2878 939 2950 historia.
959 2879 1088 2952 Cuncta
1105 2877 1210 2970 igitur

127 3019 177 3071 ‚en
197 3000 303 3071 latore
323 3001 549 3094 praesentium
569 3023 770 3093 cognosces.
791 3001 888 3070 Vale.

273 3146 360 3215 usis,
375 3145 402 3200 11
417 3146 479 3202 uu.
495 3147 588 3201 uuas.

627 3377 706 3386 ...n—-

549 3622 725 3689 nulsione
742 3623 786 3687 IX.

165 3826 358 3878 FRANGISCUS
373 3829 539 3879 Perfluunt
555 3830 688 3879 tonsum
699 3829 857 3879 cotum
870 3824 1042 3877 cusentum
1054 3823 1081 3872 S.
1097 3820 1125 3871 Ρ.
1139 3823 1169 3871 1).

191 4007 309 4066 Nunciat
323 4029 353 4066 se
365 4012 495 4066 Pannam
510 4027 573 4066 cnm
587 4011 665 4066 novis
678 4012 738 4067 eins
752 4010 828 4066 urbis
841 4008 963 4079 dynastis
975 4003 1144 4078 pervenisse.

97 4322 99 4326 Α
226 4237 336 4306 Romo
353 4232 492 4305 rediens
509 4231 641 4303 diutius
656 4240 829 4325 exoptutae
847 4230 976 4301 laurete
1001 4243 1088 4295 mcae
1111 4244 1206 4298 com-

128 4377 206 4450 pos,
228 4367 265 4429 et
283 4358 381 4429 velut
400 4355 512 4427 victor
531 4348 676 4426 laureati
699 4372 893 4443 cognomen
917 4351 1085 4432 reterens,
1110 4349 1205 4442 quod

129 4481 296 4571 gavisuro
310 4481 370 4552 tibi
388 4477 586 4551 verecunde
602 4474 797 4549 nuntiatum
814 4473 933 4557 velim,
953 4467 1120 4543 hodierno
1136 4471 1203 4554 die,
