<?xml version="1.0" encoding="UTF-8"?>
<!DOCTYPE html PUBLIC "-//W3C//DTD XHTML 1.0 Transitional//EN"
    "http://www.w3.org/TR/xhtml1/DTD/xhtml1-transitional.dtd">
<html xmlns="http://www.w3.org/1999/xhtml" xml:lang="en" lang="en">
 <head>
  <title>
</title>
<meta http-equiv="Content-Type" content="text/html;charset=utf-8" />
  <meta name='ocr-system' content='tesseract 3.04.00' />
  <meta name='ocr-capabilities' content='ocr_page ocr_carea ocr_par ocr_line ocrx_word'/>
</head>
<body>
  <div class='ocr_page' id='page_1' title='image "./epistolaederebu00fracgoog_0394.png"; bbox 0 0 2692 5024; ppageno 0'>
   <div class='ocr_carea' id='block_1_1' title="bbox 389 613 1203 685">
    <p class='ocr_par' dir='ltr' id='par_1_1' title="bbox 389 613 1203 685">
     <span class='ocr_line' id='line_1_1' title="bbox 389 613 1203 685; baseline 0.001 -11"><span class='ocrx_word' id='word_1_1' title='bbox 389 626 483 675; x_wconf 81' lang='lat' dir='ltr'>urana</span> <span class='ocrx_word' id='word_1_2' title='bbox 502 625 873 685; x_wconf 73' lang='lat' dir='ltr'>ausurus-mmmm</span> <span class='ocrx_word' id='word_1_3' title='bbox 894 628 947 676; x_wconf 86' lang='grc' dir='ltr'><strong>ιιι.</strong></span> <span class='ocrx_word' id='word_1_4' title='bbox 1148 613 1203 676; x_wconf 71' lang='lat'>231</span> 
     </span>
    </p>
   </div>
   <div class='ocr_carea' id='block_1_2' title="bbox 127 770 1211 2465">
    <p class='ocr_par' dir='ltr' id='par_1_2' title="bbox 127 770 1211 2465">
     <span class='ocr_line' id='line_1_2' title="bbox 128 770 1208 870; baseline 0.002 -25"><span class='ocrx_word' id='word_1_5' title='bbox 128 795 243 845; x_wconf 88' lang='lat' dir='ltr'>rerum</span> <span class='ocrx_word' id='word_1_6' title='bbox 261 772 492 844; x_wconf 90' lang='lat' dir='ltr'>humanarum</span> <span class='ocrx_word' id='word_1_7' title='bbox 512 770 704 866; x_wconf 88' lang='lat' dir='ltr'>inquietum</span> <span class='ocrx_word' id='word_1_8' title='bbox 722 774 882 846; x_wconf 90' lang='lat' dir='ltr'>adversis</span> <span class='ocrx_word' id='word_1_9' title='bbox 899 773 1054 859; x_wconf 77' lang='lat' dir='ltr'>datibuS,</span> <span class='ocrx_word' id='word_1_10' title='bbox 1073 783 1109 846; x_wconf 88' lang='lat' dir='ltr'>et</span> <span class='ocrx_word' id='word_1_11' title='bbox 1127 796 1208 870; x_wconf 78' lang='lat' dir='ltr'>pro</span> 
     </span>
     <span class='ocr_line' id='line_1_3' title="bbox 127 894 1207 989; baseline 0.002 -22"><span class='ocrx_word' id='word_1_12' title='bbox 127 898 293 968; x_wconf 81' lang='lat' dir='ltr'>callosum</span> <span class='ocrx_word' id='word_1_13' title='bbox 326 896 489 989; x_wconf 60' lang='lat' dir='ltr'>pelagum</span> <span class='ocrx_word' id='word_1_14' title='bbox 519 894 588 967; x_wconf 91' lang='lat' dir='ltr'>rari</span> <span class='ocrx_word' id='word_1_15' title='bbox 608 905 645 968; x_wconf 87' lang='lat' dir='ltr'>ct</span> <span class='ocrx_word' id='word_1_16' title='bbox 668 896 732 968; x_wconf 84' lang='lat' dir='ltr'>vix</span> <span class='ocrx_word' id='word_1_17' title='bbox 761 895 960 969; x_wconf 91' lang='lat' dir='ltr'>hominibus</span> <span class='ocrx_word' id='word_1_18' title='bbox 986 896 1207 969; x_wconf 78' lang='lat' dir='ltr'>accessibiles</span> 
     </span>
     <span class='ocr_line' id='line_1_4' title="bbox 128 1017 1209 1113; baseline 0.004 -24"><span class='ocrx_word' id='word_1_19' title='bbox 128 1029 270 1112; x_wconf 89' lang='lat' dir='ltr'>portus;</span> <span class='ocrx_word' id='word_1_20' title='bbox 292 1017 423 1111; x_wconf 85' lang='lat' dir='ltr'>scopuli</span> <span class='ocrx_word' id='word_1_21' title='bbox 441 1017 594 1112; x_wconf 90' lang='lat' dir='ltr'>undiquc</span> <span class='ocrx_word' id='word_1_22' title='bbox 615 1018 904 1101; x_wconf 61' lang='lat' dir='ltr'>innumerabilem</span> <span class='ocrx_word' id='word_1_23' title='bbox 926 1021 1017 1091; x_wconf 90' lang='lat' dir='ltr'>inter</span> <span class='ocrx_word' id='word_1_24' title='bbox 1033 1020 1209 1113; x_wconf 85' lang='lat' dir='ltr'>quos’dii-</span> 
     </span>
     <span class='ocr_line' id='line_1_5' title="bbox 128 1139 1208 1235; baseline -0.004 -21"><span class='ocrx_word' id='word_1_25' title='bbox 128 1142 228 1216; x_wconf 85' lang='lat' dir='ltr'>iicilis</span> <span class='ocrx_word' id='word_1_26' title='bbox 248 1153 283 1213; x_wconf 89' lang='lat' dir='ltr'>et</span> <span class='ocrx_word' id='word_1_27' title='bbox 304 1162 449 1235; x_wconf 91' lang='lat' dir='ltr'>prorsus</span> <span class='ocrx_word' id='word_1_28' title='bbox 469 1141 631 1232; x_wconf 85' lang='lat' dir='ltr'>ambigua</span> <span class='ocrx_word' id='word_1_29' title='bbox 664 1139 843 1234; x_wconf 86' lang='lat' dir='ltr'>navigatio</span> <span class='ocrx_word' id='word_1_30' title='bbox 871 1153 936 1214; x_wconf 91' lang='lat' dir='ltr'>est.</span> <span class='ocrx_word' id='word_1_31' title='bbox 963 1144 1034 1212; x_wconf 92' lang='lat' dir='ltr'>lam</span> <span class='ocrx_word' id='word_1_32' title='bbox 1061 1143 1124 1215; x_wconf 80' lang='lat' dir='ltr'>vix</span> <span class='ocrx_word' id='word_1_33' title='bbox 1149 1142 1208 1212; x_wconf 93' lang='lat' dir='ltr'>uni</span> 
     </span>
     <span class='ocr_line' id='line_1_6' title="bbox 128 1261 1210 1357; baseline -0.004 -18"><span class='ocrx_word' id='word_1_34' title='bbox 128 1265 275 1357; x_wconf 89' lang='lat' dir='ltr'>contigit</span> <span class='ocrx_word' id='word_1_35' title='bbox 295 1287 343 1336; x_wconf 85' lang='lat' dir='ltr'>ex</span> <span class='ocrx_word' id='word_1_36' title='bbox 367 1261 532 1349; x_wconf 87' lang='lat' dir='ltr'>millibus,</span> <span class='ocrx_word' id='word_1_37' title='bbox 561 1276 599 1336; x_wconf 92' lang='lat' dir='ltr'>ut</span> <span class='ocrx_word' id='word_1_38' title='bbox 623 1264 759 1357; x_wconf 77' lang='lat' dir='ltr'>integer</span> <span class='ocrx_word' id='word_1_39' title='bbox 783 1274 950 1338; x_wconf 80' lang='lat' dir='ltr'><strong>enataret.</strong></span> <span class='ocrx_word' id='word_1_40' title='bbox 978 1264 1033 1337; x_wconf 92' lang='lat' dir='ltr'>Sic</span> <span class='ocrx_word' id='word_1_41' title='bbox 1057 1285 1121 1336; x_wconf 89' lang='lat' dir='ltr'>nos</span> <span class='ocrx_word' id='word_1_42' title='bbox 1141 1267 1210 1336; x_wconf 86' lang='lat' dir='ltr'>lor-</span> 
     </span>
     <span class='ocr_line' id='line_1_7' title="bbox 130 1387 1208 1483; baseline -0.002 -21"><span class='ocrx_word' id='word_1_43' title='bbox 130 1402 226 1462; x_wconf 87' lang='lat' dir='ltr'>tunae</span> <span class='ocrx_word' id='word_1_44' title='bbox 252 1387 435 1483; x_wconf 89' lang='lat' dir='ltr'>imperium</span> <span class='ocrx_word' id='word_1_45' title='bbox 460 1399 618 1473; x_wconf 76' lang='lat' dir='ltr'>exercet,</span> <span class='ocrx_word' id='word_1_46' title='bbox 649 1388 683 1459; x_wconf 97' lang='lat' dir='ltr'>in</span> <span class='ocrx_word' id='word_1_47' title='bbox 716 1411 839 1461; x_wconf 88' lang='lat' dir='ltr'>omncs</span> <span class='ocrx_word' id='word_1_48' title='bbox 872 1390 1003 1482; x_wconf 86' lang='lat' dir='ltr'>gradus</span> <span class='ocrx_word' id='word_1_49' title='bbox 1029 1389 1208 1462; x_wconf 92' lang='lat' dir='ltr'>hominum</span> 
     </span>
     <span class='ocr_line' id='line_1_8' title="bbox 128 1510 1210 1608; baseline -0.001 -26"><span class='ocrx_word' id='word_1_50' title='bbox 128 1512 203 1607; x_wconf 87' lang='lat' dir='ltr'>pari</span> <span class='ocrx_word' id='word_1_51' title='bbox 219 1512 294 1583; x_wconf 83' lang='lat' dir='ltr'>iure</span> <span class='ocrx_word' id='word_1_52' title='bbox 306 1511 510 1605; x_wconf 86' lang='lat' dir='ltr'>grassantis.</span> <span class='ocrx_word' id='word_1_53' title='bbox 524 1511 575 1582; x_wconf 90' lang='lat' dir='ltr'>Ita</span> <span class='ocrx_word' id='word_1_54' title='bbox 587 1511 621 1581; x_wconf 94' lang='lat' dir='ltr'>in</span> <span class='ocrx_word' id='word_1_55' title='bbox 639 1511 780 1604; x_wconf 87' lang='lat' dir='ltr'>quidvis</span> <span class='ocrx_word' id='word_1_56' title='bbox 800 1510 942 1584; x_wconf 88' lang='lat' dir='ltr'>obvium</span> <span class='ocrx_word' id='word_1_57' title='bbox 962 1511 1088 1608; x_wconf 80' lang='lat' dir='ltr'>cymba</span> <span class='ocrx_word' id='word_1_58' title='bbox 1104 1512 1210 1604; x_wconf 85' lang='lat' dir='ltr'>iragi-</span> 
     </span>
     <span class='ocr_line' id='line_1_9' title="bbox 129 1633 1209 1729; baseline 0.001 -22"><span class='ocrx_word' id='word_1_59' title='bbox 129 1637 172 1707; x_wconf 93' lang='lat' dir='ltr'>lis</span> <span class='ocrx_word' id='word_1_60' title='bbox 192 1646 323 1706; x_wconf 88' lang='lat' dir='ltr'>nostrae</span> <span class='ocrx_word' id='word_1_61' title='bbox 340 1633 556 1706; x_wconf 87' lang='lat' dir='ltr'>mortalitatis</span> <span class='ocrx_word' id='word_1_62' title='bbox 577 1634 737 1706; x_wconf 85' lang='lat' dir='ltr'>alliditur.</span> <span class='ocrx_word' id='word_1_63' title='bbox 760 1635 804 1706; x_wconf 89' lang='lat' dir='ltr'>Et</span> <span class='ocrx_word' id='word_1_64' title='bbox 823 1657 1011 1729; x_wconf 88' lang='lat' dir='ltr'>possumus</span> <span class='ocrx_word' id='word_1_65' title='bbox 1027 1636 1117 1708; x_wconf 86' lang='lat' dir='ltr'>inter</span> <span class='ocrx_word' id='word_1_66' title='bbox 1132 1634 1209 1708; x_wconf 85' lang='lat' dir='ltr'>haec</span> 
     </span>
     <span class='ocr_line' id='line_1_10' title="bbox 129 1756 1208 1849; baseline 0 -19"><span class='ocrx_word' id='word_1_67' title='bbox 129 1757 232 1830; x_wconf 92' lang='lat' dir='ltr'>nobis</span> <span class='ocrx_word' id='word_1_68' title='bbox 252 1767 313 1830; x_wconf 92' lang='lat' dir='ltr'>aut</span> <span class='ocrx_word' id='word_1_69' title='bbox 337 1757 466 1829; x_wconf 89' lang='lat' dir='ltr'>nostris</span> <span class='ocrx_word' id='word_1_70' title='bbox 497 1757 747 1849; x_wconf 80' lang='lat' dir='ltr'>longiusculam</span> <span class='ocrx_word' id='word_1_71' title='bbox 772 1756 901 1842; x_wconf 88' lang='lat' dir='ltr'>vitam,</span> <span class='ocrx_word' id='word_1_72' title='bbox 932 1758 1001 1830; x_wconf 93' lang='lat' dir='ltr'>imo</span> <span class='ocrx_word' id='word_1_73' title='bbox 1027 1768 1065 1830; x_wconf 89' lang='lat' dir='ltr'>ut</span> <span class='ocrx_word' id='word_1_74' title='bbox 1088 1758 1208 1831; x_wconf 85' lang='lat' dir='ltr'>verius</span> 
     </span>
     <span class='ocr_line' id='line_1_11' title="bbox 130 1879 1209 1975; baseline -0.003 -21"><span class='ocrx_word' id='word_1_75' title='bbox 130 1881 253 1966; x_wconf 89' lang='lat' dir='ltr'>dicam,</span> <span class='ocrx_word' id='word_1_76' title='bbox 275 1881 412 1974; x_wconf 87' lang='lat' dir='ltr'>longius</span> <span class='ocrx_word' id='word_1_77' title='bbox 432 1879 622 1973; x_wconf 84' lang='lat' dir='ltr'>periculum</span> <span class='ocrx_word' id='word_1_78' title='bbox 642 1882 792 1974; x_wconf 78' lang='lat' dir='ltr'>optare?</span> <span class='ocrx_word' id='word_1_79' title='bbox 812 1880 979 1973; x_wconf 88' lang='lat' dir='ltr'>Fingatur</span> <span class='ocrx_word' id='word_1_80' title='bbox 998 1882 1122 1975; x_wconf 92' lang='lat' dir='ltr'>aliquis</span> <span class='ocrx_word' id='word_1_81' title='bbox 1141 1893 1209 1954; x_wconf 88' lang='lat' dir='ltr'>tam</span> 
     </span>
     <span class='ocr_line' id='line_1_12' title="bbox 130 2002 1209 2098; baseline -0.002 -21"><span class='ocrx_word' id='word_1_82' title='bbox 130 2005 282 2098; x_wconf 85' lang='lat' dir='ltr'>benigno</span> <span class='ocrx_word' id='word_1_83' title='bbox 303 2004 430 2088; x_wconf 87' lang='lat' dir='ltr'>sidere,</span> <span class='ocrx_word' id='word_1_84' title='bbox 461 2013 531 2075; x_wconf 85' lang='lat' dir='ltr'>tam</span> <span class='ocrx_word' id='word_1_85' title='bbox 548 2003 693 2097; x_wconf 85' lang='lat' dir='ltr'>propitia</span> <span class='ocrx_word' id='word_1_86' title='bbox 712 2005 870 2088; x_wconf 83' lang='lat' dir='ltr'>fortuna,</span> <span class='ocrx_word' id='word_1_87' title='bbox 893 2014 962 2075; x_wconf 89' lang='lat' dir='ltr'>tam</span> <span class='ocrx_word' id='word_1_88' title='bbox 985 2002 1133 2096; x_wconf 90' lang='lat' dir='ltr'>denique</span> <span class='ocrx_word' id='word_1_89' title='bbox 1159 2006 1209 2075; x_wconf 86' lang='lat' dir='ltr'>la-</span> 
     </span>
     <span class='ocr_line' id='line_1_13' title="bbox 130 2124 1209 2219; baseline -0.003 -19"><span class='ocrx_word' id='word_1_90' title='bbox 130 2138 236 2200; x_wconf 86' lang='lat' dir='ltr'>vente</span> <span class='ocrx_word' id='word_1_91' title='bbox 255 2131 328 2200; x_wconf 90' lang='lat' dir='ltr'>Deo</span> <span class='ocrx_word' id='word_1_92' title='bbox 348 2126 413 2199; x_wconf 87' lang='lat' dir='ltr'>iter</span> <span class='ocrx_word' id='word_1_93' title='bbox 433 2125 500 2197; x_wconf 90' lang='lat' dir='ltr'>hoc</span> <span class='ocrx_word' id='word_1_94' title='bbox 525 2126 721 2218; x_wconf 63' lang='lat' dir='ltr'>ingressus</span> <span class='ocrx_word' id='word_1_95' title='bbox 751 2135 789 2197; x_wconf 87' lang='lat' dir='ltr'>ut</span> <span class='ocrx_word' id='word_1_96' title='bbox 812 2124 896 2197; x_wconf 91' lang='lat' dir='ltr'>nihil</span> <span class='ocrx_word' id='word_1_97' title='bbox 922 2126 953 2197; x_wconf 91' lang='lat' dir='ltr'>ei</span> <span class='ocrx_word' id='word_1_98' title='bbox 970 2125 1083 2219; x_wconf 88' lang='lat' dir='ltr'>possit</span> <span class='ocrx_word' id='word_1_99' title='bbox 1106 2145 1209 2218; x_wconf 87' lang='lat' dir='ltr'>aspe-</span> 
     </span>
     <span class='ocr_line' id='line_1_14' title="bbox 132 2245 1211 2342; baseline -0.003 -19"><span class='ocrx_word' id='word_1_100' title='bbox 132 2274 209 2324; x_wconf 93' lang='lat' dir='ltr'>rum</span> <span class='ocrx_word' id='word_1_101' title='bbox 242 2253 496 2342; x_wconf 87' lang='lat' dir='ltr'>molestumque</span> <span class='ocrx_word' id='word_1_102' title='bbox 529 2248 739 2340; x_wconf 86' lang='lat' dir='ltr'>contingere.</span> <span class='ocrx_word' id='word_1_103' title='bbox 777 2248 862 2318; x_wconf 88' lang='lat' dir='ltr'>Rem</span> <span class='ocrx_word' id='word_1_104' title='bbox 895 2245 1143 2341; x_wconf 90' lang='lat' dir='ltr'>impossibilem</span> <span class='ocrx_word' id='word_1_105' title='bbox 1175 2257 1211 2320; x_wconf 91' lang='lat' dir='ltr'>et</span> 
     </span>
     <span class='ocr_line' id='line_1_15' title="bbox 131 2370 1209 2465; baseline -0.001 -21"><span class='ocrx_word' id='word_1_106' title='bbox 131 2373 319 2446; x_wconf 87' lang='lat' dir='ltr'>inauditam</span> <span class='ocrx_word' id='word_1_107' title='bbox 338 2373 476 2444; x_wconf 85' lang='lat' dir='ltr'>saeculis</span> <span class='ocrx_word' id='word_1_108' title='bbox 493 2370 578 2465; x_wconf 88' lang='lat' dir='ltr'>fingi</span> <span class='ocrx_word' id='word_1_109' title='bbox 594 2370 708 2443; x_wconf 91' lang='lat' dir='ltr'>iubeo.</span> <span class='ocrx_word' id='word_1_110' title='bbox 725 2370 797 2444; x_wconf 87' lang='lat' dir='ltr'>Nec</span> <span class='ocrx_word' id='word_1_111' title='bbox 809 2370 887 2443; x_wconf 88' lang='lat' dir='ltr'>idco</span> <span class='ocrx_word' id='word_1_112' title='bbox 900 2380 1028 2457; x_wconf 84' lang='lat' dir='ltr'>tamen,</span> <span class='ocrx_word' id='word_1_113' title='bbox 1047 2371 1209 2463; x_wconf 88' lang='lat' dir='ltr'>quamvis</span> 
     </span>
    </p>
   </div>
   <div class='ocr_carea' id='block_1_3' title="bbox 131 2494 1211 2705">
    <p class='ocr_par' dir='ltr' id='par_1_3' title="bbox 131 2494 1209 2693">
     <span class='ocr_line' id='line_1_16' title="bbox 132 2494 1209 2592; baseline -0.003 -23"><span class='ocrx_word' id='word_1_114' title='bbox 132 2497 323 2592; x_wconf 89' lang='lat' dir='ltr'>periculum</span> <span class='ocrx_word' id='word_1_115' title='bbox 344 2495 455 2581; x_wconf 90' lang='lat' dir='ltr'>absit,</span> <span class='ocrx_word' id='word_1_116' title='bbox 477 2494 587 2568; x_wconf 88' lang='lat' dir='ltr'>aberit</span> <span class='ocrx_word' id='word_1_117' title='bbox 606 2504 731 2567; x_wconf 90' lang='lat' dir='ltr'>metus.</span> <span class='ocrx_word' id='word_1_118' title='bbox 757 2496 802 2566; x_wconf 86' lang='lat' dir='ltr'>Et</span> <span class='ocrx_word' id='word_1_119' title='bbox 826 2494 954 2567; x_wconf 90' lang='lat' dir='ltr'>idcirco</span> <span class='ocrx_word' id='word_1_120' title='bbox 973 2496 1121 2567; x_wconf 79' lang='lat' dir='ltr'>fortasse</span> <span class='ocrx_word' id='word_1_121' title='bbox 1140 2517 1209 2567; x_wconf 94' lang='lat' dir='ltr'>non</span> 
     </span>
     <span class='ocr_line' id='line_1_17' title="bbox 131 2618 1211 2705; baseline -0.001 -14"><span class='ocrx_word' id='word_1_122' title='bbox 131 2618 317 2704; x_wconf 85' lang='lat' dir='ltr'>infelicius,</span> <span class='ocrx_word' id='word_1_123' title='bbox 336 2642 400 2691; x_wconf 87' lang='lat' dir='ltr'>nec</span> <span class='ocrx_word' id='word_1_124' title='bbox 419 2618 646 2693; x_wconf 88' lang='lat' dir='ltr'>inconsultius</span> <span class='ocrx_word' id='word_1_125' title='bbox 666 2621 769 2705; x_wconf 83' lang='lat' dir='ltr'>soret,</span> <span class='ocrx_word' id='word_1_126' title='bbox 792 2619 896 2691; x_wconf 92' lang='lat' dir='ltr'>modo</span> <span class='ocrx_word' id='word_1_127' title='bbox 915 2618 1026 2690; x_wconf 89' lang='lat' dir='ltr'>nostri</span> <span class='ocrx_word' id='word_1_128' title='bbox 1045 2628 1142 2690; x_wconf 89' lang='lat' dir='ltr'>esset</span> <span class='ocrx_word' id='word_1_129' title='bbox 1154 2641 1211 2690; x_wconf 91' lang='lat' dir='ltr'>ar·</span> 
     </span>
    </p>
   </div>
   <div class='ocr_carea' id='block_1_4' title="bbox 133 2741 1213 4562">
    <p class='ocr_par' dir='ltr' id='par_1_4' title="bbox 133 2741 1213 4562">
     <span class='ocr_line' id='line_1_18' title="bbox 133 2741 1212 2838; baseline 0.001 -25"><span class='ocrx_word' id='word_1_130' title='bbox 133 2743 240 2829; x_wconf 89' lang='lat' dir='ltr'>bitrii,</span> <span class='ocrx_word' id='word_1_131' title='bbox 262 2743 351 2815; x_wconf 90' lang='lat' dir='ltr'>sicut</span> <span class='ocrx_word' id='word_1_132' title='bbox 369 2743 406 2814; x_wconf 90' lang='lat' dir='ltr'>in</span> <span class='ocrx_word' id='word_1_133' title='bbox 431 2764 574 2837; x_wconf 84' lang='lat' dir='ltr'>aequore</span> <span class='ocrx_word' id='word_1_134' title='bbox 596 2753 758 2838; x_wconf 88' lang='lat' dir='ltr'>suspecto</span> <span class='ocrx_word' id='word_1_135' title='bbox 787 2753 904 2815; x_wconf 80' lang='lat' dir='ltr'>nautae</span> <span class='ocrx_word' id='word_1_136' title='bbox 928 2745 1040 2815; x_wconf 87' lang='lat' dir='ltr'>solent</span> <span class='ocrx_word' id='word_1_137' title='bbox 1063 2741 1212 2815; x_wconf 90' lang='lat' dir='ltr'>circum·</span> 
     </span>
     <span class='ocr_line' id='line_1_19' title="bbox 135 2865 1210 2960; baseline -0.001 -23"><span class='ocrx_word' id='word_1_138' title='bbox 135 2867 242 2959; x_wconf 89' lang='lat' dir='ltr'>specti</span> <span class='ocrx_word' id='word_1_139' title='bbox 263 2868 400 2940; x_wconf 87' lang='lat' dir='ltr'>clavum</span> <span class='ocrx_word' id='word_1_140' title='bbox 427 2867 580 2952; x_wconf 84' lang='lat' dir='ltr'>flectere,</span> <span class='ocrx_word' id='word_1_141' title='bbox 602 2865 733 2960; x_wconf 92' lang='lat' dir='ltr'>diuque</span> <span class='ocrx_word' id='word_1_142' title='bbox 753 2876 833 2939; x_wconf 85' lang='lat' dir='ltr'>ante</span> <span class='ocrx_word' id='word_1_143' title='bbox 855 2868 937 2938; x_wconf 91' lang='lat' dir='ltr'>solis</span> <span class='ocrx_word' id='word_1_144' title='bbox 957 2888 1119 2939; x_wconf 87' lang='lat' dir='ltr'>occasum</span> <span class='ocrx_word' id='word_1_145' title='bbox 1132 2867 1210 2938; x_wconf 87' lang='lat' dir='ltr'>vela</span> 
     </span>
     <span class='ocr_line' id='line_1_20' title="bbox 135 2987 1212 3082; baseline -0.003 -22"><span class='ocrx_word' id='word_1_146' title='bbox 135 2988 353 3072; x_wconf 86' lang='lat' dir='ltr'>submittere;</span> <span class='ocrx_word' id='word_1_147' title='bbox 381 2988 431 3061; x_wconf 89' lang='lat' dir='ltr'>sio</span> <span class='ocrx_word' id='word_1_148' title='bbox 451 2990 486 3059; x_wconf 94' lang='lat' dir='ltr'>in</span> <span class='ocrx_word' id='word_1_149' title='bbox 515 2989 588 3060; x_wconf 71' lang='lat' dir='ltr'>uita</span> <span class='ocrx_word' id='word_1_150' title='bbox 620 2999 756 3082; x_wconf 92' lang='lat' dir='ltr'>portum</span> <span class='ocrx_word' id='word_1_151' title='bbox 783 2999 913 3082; x_wconf 85' lang='lat' dir='ltr'>petere,</span> <span class='ocrx_word' id='word_1_152' title='bbox 941 2998 977 3059; x_wconf 93' lang='lat' dir='ltr'>et</span> <span class='ocrx_word' id='word_1_153' title='bbox 1001 2987 1116 3058; x_wconf 86' lang='lat' dir='ltr'>adhuc</span> <span class='ocrx_word' id='word_1_154' title='bbox 1149 2987 1212 3058; x_wconf 86' lang='lat' dir='ltr'>sso-</span> 
     </span>
     <span class='ocr_line' id='line_1_21' title="bbox 135 3108 1210 3206; baseline -0.001 -22"><span class='ocrx_word' id='word_1_155' title='bbox 135 3110 222 3184; x_wconf 84' lang='lat' dir='ltr'>rcnti</span> <span class='ocrx_word' id='word_1_156' title='bbox 242 3122 346 3184; x_wconf 84' lang='lat' dir='ltr'>aetate</span> <span class='ocrx_word' id='word_1_157' title='bbox 364 3122 468 3206; x_wconf 89' lang='lat' dir='ltr'>atque</span> <span class='ocrx_word' id='word_1_158' title='bbox 485 3112 600 3184; x_wconf 87' lang='lat' dir='ltr'>animo</span> <span class='ocrx_word' id='word_1_159' title='bbox 620 3112 746 3184; x_wconf 89' lang='lat' dir='ltr'>virenti</span> <span class='ocrx_word' id='word_1_160' title='bbox 765 3121 801 3182; x_wconf 89' lang='lat' dir='ltr'>et</span> <span class='ocrx_word' id='word_1_161' title='bbox 822 3110 1018 3183; x_wconf 85' lang='lat' dir='ltr'>valentibus</span> <span class='ocrx_word' id='word_1_162' title='bbox 1043 3108 1210 3183; x_wconf 88' lang='lat' dir='ltr'>membris</span> 
     </span>
     <span class='ocr_line' id='line_1_22' title="bbox 134 3231 1212 3331; baseline -0.003 -24"><span class='ocrx_word' id='word_1_163' title='bbox 134 3235 236 3321; x_wconf 93' lang='lat' dir='ltr'>mori,</span> <span class='ocrx_word' id='word_1_164' title='bbox 258 3237 355 3328; x_wconf 93' lang='lat' dir='ltr'>prius</span> <span class='ocrx_word' id='word_1_165' title='bbox 384 3258 491 3331; x_wconf 92' lang='lat' dir='ltr'>quam</span> <span class='ocrx_word' id='word_1_166' title='bbox 516 3258 559 3307; x_wconf 90' lang='lat' dir='ltr'>eo</span> <span class='ocrx_word' id='word_1_167' title='bbox 583 3246 788 3329; x_wconf 85' lang='lat' dir='ltr'>perventum</span> <span class='ocrx_word' id='word_1_168' title='bbox 814 3234 859 3305; x_wconf 91' lang='lat' dir='ltr'>sit</span> <span class='ocrx_word' id='word_1_169' title='bbox 890 3254 959 3326; x_wconf 89' lang='lat' dir='ltr'>quo</span> <span class='ocrx_word' id='word_1_170' title='bbox 985 3234 1107 3305; x_wconf 91' lang='lat' dir='ltr'>saltem</span> <span class='ocrx_word' id='word_1_171' title='bbox 1140 3231 1212 3304; x_wconf 88' lang='lat' dir='ltr'>vita</span> 
     </span>
     <span class='ocr_line' id='line_1_23' title="bbox 133 3354 1211 3451; baseline -0.005 -22"><span class='ocrx_word' id='word_1_172' title='bbox 133 3358 268 3451; x_wconf 78' lang='lat' dir='ltr'>longior</span> <span class='ocrx_word' id='word_1_173' title='bbox 287 3357 455 3450; x_wconf 90' lang='lat' dir='ltr'>perducit,</span> <span class='ocrx_word' id='word_1_174' title='bbox 483 3355 527 3430; x_wconf 85' lang='lat' dir='ltr'>ad</span> <span class='ocrx_word' id='word_1_175' title='bbox 546 3357 684 3430; x_wconf 90' lang='lat' dir='ltr'>ultimas</span> <span class='ocrx_word' id='word_1_176' title='bbox 704 3354 835 3429; x_wconf 89' lang='lat' dir='ltr'>scilicet</span> <span class='ocrx_word' id='word_1_177' title='bbox 850 3354 1032 3447; x_wconf 88' lang='lat' dir='ltr'>angustias</span> <span class='ocrx_word' id='word_1_178' title='bbox 1050 3364 1211 3427; x_wconf 86' lang='lat' dir='ltr'>senectu-</span> 
     </span>
     <span class='ocr_line' id='line_1_24' title="bbox 135 3474 1212 3575; baseline -0.006 -22"><span class='ocrx_word' id='word_1_179' title='bbox 135 3483 191 3554; x_wconf 91' lang='lat' dir='ltr'>tis.</span> <span class='ocrx_word' id='word_1_180' title='bbox 217 3474 310 3554; x_wconf 86' lang='lat' dir='ltr'>lnter</span> <span class='ocrx_word' id='word_1_181' title='bbox 330 3504 419 3575; x_wconf 92' lang='lat' dir='ltr'>quas</span> <span class='ocrx_word' id='word_1_182' title='bbox 445 3481 567 3554; x_wconf 89' lang='lat' dir='ltr'>arctati</span> <span class='ocrx_word' id='word_1_183' title='bbox 596 3480 750 3575; x_wconf 90' lang='lat' dir='ltr'>quidam,</span> <span class='ocrx_word' id='word_1_184' title='bbox 787 3488 823 3551; x_wconf 88' lang='lat' dir='ltr'>et</span> <span class='ocrx_word' id='word_1_185' title='bbox 854 3479 991 3552; x_wconf 82' lang='lat' dir='ltr'>vixisse</span> <span class='ocrx_word' id='word_1_186' title='bbox 1016 3481 1150 3564; x_wconf 90' lang='lat' dir='ltr'>dolent,</span> <span class='ocrx_word' id='word_1_187' title='bbox 1176 3488 1212 3548; x_wconf 87' lang='lat' dir='ltr'>et</span> 
     </span>
     <span class='ocr_line' id='line_1_25' title="bbox 134 3603 1213 3697; baseline -0.006 -20"><span class='ocrx_word' id='word_1_188' title='bbox 134 3605 222 3677; x_wconf 95' lang='lat' dir='ltr'>mori</span> <span class='ocrx_word' id='word_1_189' title='bbox 247 3614 427 3692; x_wconf 88' lang='lat' dir='ltr'>metuunt,</span> <span class='ocrx_word' id='word_1_190' title='bbox 454 3617 490 3678; x_wconf 88' lang='lat' dir='ltr'>et</span> <span class='ocrx_word' id='word_1_191' title='bbox 506 3605 632 3678; x_wconf 89' lang='lat' dir='ltr'>totiens</span> <span class='ocrx_word' id='word_1_192' title='bbox 654 3603 725 3676; x_wconf 89' lang='lat' dir='ltr'>voti</span> <span class='ocrx_word' id='word_1_193' title='bbox 753 3613 956 3697; x_wconf 85' lang='lat' dir='ltr'>exoptatum</span> <span class='ocrx_word' id='word_1_194' title='bbox 987 3613 1122 3695; x_wconf 87' lang='lat' dir='ltr'>tempus</span> <span class='ocrx_word' id='word_1_195' title='bbox 1155 3621 1213 3671; x_wconf 87' lang='lat' dir='ltr'>ac-</span> 
     </span>
     <span class='ocr_line' id='line_1_26' title="bbox 135 3724 1210 3824; baseline -0.006 -23"><span class='ocrx_word' id='word_1_196' title='bbox 135 3739 273 3814; x_wconf 89' lang='lat' dir='ltr'>cusant,</span> <span class='ocrx_word' id='word_1_197' title='bbox 301 3729 451 3823; x_wconf 89' lang='lat' dir='ltr'>denique</span> <span class='ocrx_word' id='word_1_198' title='bbox 481 3731 565 3824; x_wconf 88' lang='lat' dir='ltr'>quid</span> <span class='ocrx_word' id='word_1_199' title='bbox 591 3729 701 3801; x_wconf 86' lang='lat' dir='ltr'>velint</span> <span class='ocrx_word' id='word_1_200' title='bbox 728 3737 765 3800; x_wconf 91' lang='lat' dir='ltr'>et</span> <span class='ocrx_word' id='word_1_201' title='bbox 794 3727 878 3823; x_wconf 87' lang='lat' dir='ltr'>quid</span> <span class='ocrx_word' id='word_1_202' title='bbox 904 3729 1012 3799; x_wconf 91' lang='lat' dir='ltr'>nolint</span> <span class='ocrx_word' id='word_1_203' title='bbox 1034 3724 1210 3807; x_wconf 88' lang='lat' dir='ltr'>nesciunt;</span> 
     </span>
     <span class='ocr_line' id='line_1_27' title="bbox 136 3845 1213 3959; baseline -0.006 -36"><span class='ocrx_word' id='word_1_204' title='bbox 136 3861 230 3923; x_wconf 86' lang='lat' dir='ltr'>tanta</span> <span class='ocrx_word' id='word_1_205' title='bbox 250 3863 305 3924; x_wconf 88' lang='lat' dir='ltr'>cst</span> <span class='ocrx_word' id='word_1_206' title='bbox 320 3853 506 3926; x_wconf 86' lang='lat' dir='ltr'>discordia.</span> <span class='ocrx_word' id='word_1_207' title='bbox 525 3855 607 3925; x_wconf 90' lang='lat' dir='ltr'>Haec</span> <span class='ocrx_word' id='word_1_208' title='bbox 627 3851 730 3924; x_wconf 92' lang='lat' dir='ltr'>ethis</span> <span class='ocrx_word' id='word_1_209' title='bbox 751 3852 876 3925; x_wconf 91' lang='lat' dir='ltr'>similia</span> <span class='ocrx_word' id='word_1_210' title='bbox 893 3850 1086 3959; x_wconf 81' lang='lat' dir='ltr'>cogitantes</span> <span class='ocrx_word' id='word_1_211' title='bbox 1106 3845 1213 3918; x_wconf 86' lang='lat' dir='ltr'>absti-</span> 
     </span>
     <span class='ocr_line' id='line_1_28' title="bbox 135 3971 1212 4063; baseline -0.005 -19"><span class='ocrx_word' id='word_1_212' title='bbox 135 3995 219 4045; x_wconf 91' lang='lat' dir='ltr'>nere</span> <span class='ocrx_word' id='word_1_213' title='bbox 239 3976 359 4063; x_wconf 88' lang='lat' dir='ltr'>d,ecet</span> <span class='ocrx_word' id='word_1_214' title='bbox 382 3999 427 4048; x_wconf 92' lang='lat' dir='ltr'>ne</span> <span class='ocrx_word' id='word_1_215' title='bbox 447 3978 626 4049; x_wconf 89' lang='lat' dir='ltr'>decretum</span> <span class='ocrx_word' id='word_1_216' title='bbox 643 3978 786 4048; x_wconf 88' lang='lat' dir='ltr'>coeleste</span> <span class='ocrx_word' id='word_1_217' title='bbox 807 3996 868 4046; x_wconf 90' lang='lat' dir='ltr'>seu</span> <span class='ocrx_word' id='word_1_218' title='bbox 889 3971 1009 4044; x_wconf 83' lang='lat' dir='ltr'>mortis</span> <span class='ocrx_word' id='word_1_219' title='bbox 1045 3971 1212 4043; x_wconf 83' lang='lat' dir='ltr'>festinan-</span> 
     </span>
     <span class='ocr_line' id='line_1_29' title="bbox 136 4093 1212 4193; baseline -0.004 -25"><span class='ocrx_word' id='word_1_220' title='bbox 136 4098 217 4169; x_wconf 87' lang='lat' dir='ltr'>tiam</span> <span class='ocrx_word' id='word_1_221' title='bbox 250 4121 469 4172; x_wconf 87' lang='lat' dir='ltr'>accusemus:</span> <span class='ocrx_word' id='word_1_222' title='bbox 496 4098 647 4193; x_wconf 88' lang='lat' dir='ltr'>alioquin</span> <span class='ocrx_word' id='word_1_223' title='bbox 667 4119 730 4193; x_wconf 95' lang='lat' dir='ltr'>pro</span> <span class='ocrx_word' id='word_1_224' title='bbox 754 4094 956 4189; x_wconf 80' lang='lat' dir='ltr'>nobisipsis</span> <span class='ocrx_word' id='word_1_225' title='bbox 974 4093 1212 4167; x_wconf 85' lang='lat' dir='ltr'>tautummodo</span> 
     </span>
     <span class='ocr_line' id='line_1_30' title="bbox 134 4214 1208 4321; baseline -0.005 -28"><span class='ocrx_word' id='word_1_226' title='bbox 134 4223 301 4315; x_wconf 90' lang='lat' dir='ltr'>conqueri</span> <span class='ocrx_word' id='word_1_227' title='bbox 327 4223 524 4295; x_wconf 91' lang='lat' dir='ltr'>videbimur</span> <span class='ocrx_word' id='word_1_228' title='bbox 549 4230 585 4292; x_wconf 89' lang='lat' dir='ltr'>et</span> <span class='ocrx_word' id='word_1_229' title='bbox 614 4218 731 4311; x_wconf 87' lang='lat' dir='ltr'>affligi.</span> <span class='ocrx_word' id='word_1_230' title='bbox 759 4219 835 4311; x_wconf 86' lang='lat' dir='ltr'>Ego</span> <span class='ocrx_word' id='word_1_231' title='bbox 864 4216 956 4288; x_wconf 92' lang='lat' dir='ltr'>enim</span> <span class='ocrx_word' id='word_1_232' title='bbox 986 4239 1054 4288; x_wconf 94' lang='lat' dir='ltr'>non</span> <span class='ocrx_word' id='word_1_233' title='bbox 1073 4214 1208 4321; x_wconf 84' lang='lat' dir='ltr'>dubito,</span> 
     </span>
     <span class='ocr_line' id='line_1_31' title="bbox 135 4341 1210 4434; baseline -0.005 -18"><span class='ocrx_word' id='word_1_234' title='bbox 135 4367 248 4419; x_wconf 86' lang='lat' dir='ltr'>sacrae</span> <span class='ocrx_word' id='word_1_235' title='bbox 273 4345 449 4416; x_wconf 71' lang='lat' dir='ltr'>memoriae</span> <span class='ocrx_word' id='word_1_236' title='bbox 469 4347 610 4415; x_wconf 80' lang='lat' dir='ltr'>fratrem</span> <span class='ocrx_word' id='word_1_237' title='bbox 631 4353 730 4413; x_wconf 91' lang='lat' dir='ltr'>tuum</span> <span class='ocrx_word' id='word_1_238' title='bbox 756 4363 819 4413; x_wconf 88' lang='lat' dir='ltr'>nec</span> <span class='ocrx_word' id='word_1_239' title='bbox 843 4342 923 4434; x_wconf 90' lang='lat' dir='ltr'>plus</span> <span class='ocrx_word' id='word_1_240' title='bbox 949 4341 1083 4414; x_wconf 86' lang='lat' dir='ltr'>vixisse</span> <span class='ocrx_word' id='word_1_241' title='bbox 1103 4361 1210 4434; x_wconf 90' lang='lat' dir='ltr'>quam</span> 
     </span>
     <span class='ocr_line' id='line_1_32' title="bbox 134 4463 1210 4562; baseline -0.002 -25"><span class='ocrx_word' id='word_1_242' title='bbox 134 4491 278 4541; x_wconf 85' lang='lat' dir='ltr'>neccsse</span> <span class='ocrx_word' id='word_1_243' title='bbox 304 4467 370 4539; x_wconf 91' lang='lat' dir='ltr'>sihi</span> <span class='ocrx_word' id='word_1_244' title='bbox 395 4468 512 4552; x_wconf 86' lang='lat' dir='ltr'>luerit,</span> <span class='ocrx_word' id='word_1_245' title='bbox 539 4487 604 4538; x_wconf 89' lang='lat' dir='ltr'>nec</span> <span class='ocrx_word' id='word_1_246' title='bbox 629 4463 759 4549; x_wconf 90' lang='lat' dir='ltr'>minus;</span> <span class='ocrx_word' id='word_1_247' title='bbox 785 4474 821 4536; x_wconf 89' lang='lat' dir='ltr'>et</span> <span class='ocrx_word' id='word_1_248' title='bbox 844 4475 1037 4559; x_wconf 88' lang='lat' dir='ltr'>opportuno</span> <span class='ocrx_word' id='word_1_249' title='bbox 1058 4475 1210 4562; x_wconf 84' lang='lat' dir='ltr'>tempore</span> 
     </span>
    </p>
   </div>
   <div class='ocr_carea' id='block_1_5' title="bbox 0 0 1358 5024">
    <p class='ocr_par' dir='ltr' id='par_1_5' title="bbox 0 0 1358 5024">
     <span class='ocr_line' id='line_1_33' title="bbox 0 0 1358 5024; baseline 0 0"><span class='ocrx_word' id='word_1_250' title='bbox 0 0 1358 5024; x_wconf 95' lang='lat' dir='ltr'> </span> 
     </span>
    </p>
   </div>
  </div>
 </body>
</html>
