2692 5024
454 747 642 813 latuctsut
663 746 868 812 stratuum

264 970 333 1047 DE
389 968 574 1048 REBUS
630 966 1073 1046 FleLIARlBUS

444 1206 595 1277 LIBER
635 1198 882 1273 OCTAVUS.

628 1505 706 1513 ...ο--

556 1744 732 1809 EPISTOLA
754 1747 774 1808 l.

144 1945 339 1995 l'tttllclscus
357 1941 523 1993 rcrntnct
547 1939 715 1990 statuario
733 1937 891 1988 cutum
909 1937 1043 1987 sumunt
1065 1941 1093 1989 S.
1119 1941 1146 1989 1’.
1168 1940 1196 1988 D.

197 2126 360 2182 Consolatur
373 2126 408 2181 de
423 2130 512 2180 merle
526 2125 658 2179 Iohannis
673 2122 827 2178 Cardinalis
840 2122 887 2194 qni
904 2138 979 2179 unus
993 2134 1148 2196 supererat

570 2229 603 2266 ex
618 2213 681 2267 itliis
695 2211 764 2266 eius.

226 2462 298 2530 Heu
321 2458 519 2530 miserande
542 2459 675 2527 senex!
697 2458 773 2526 Heu
795 2455 1064 2528 vivacissimum
1085 2461 1205 2552 caput!

126 2581 202 2661 Quo
224 2581 346 2670 piaculi
373 2599 500 2666 genere
526 2579 653 2647 cuclum
679 2578 878 2649 offendisti?
902 2576 994 2659 Quid
1016 2581 1150 2664 fecisti,
1177 2591 1209 2651 ul

129 2713 197 2774 tam
231 2703 345 2789 lungae
381 2697 463 2767 vitae
497 2697 664 2790 supplicio
697 2700 896 2791 punireris?
930 2701 1095 2773 Metellus
1128 2706 1210 2773 alter

127 2821 311 2904 dicebaris,
347 2841 411 2890 nec
444 2817 624 2889 immerito.
651 2821 774 2891 Omnia
800 2833 1056 2893 convenerant:
1085 2825 1209 2915 patria,

127 2966 253 3035 genus
290 2947 410 3024 torma,
437 2940 584 3024 divitiae,
612 2943 759 3033 aliaeque
791 2943 945 3037 corporis
971 2952 1079 3035 atque
1106 2945 1210 3015 animi

127 3066 322 3155 singulares
343 3075 378 3134 ct
397 3062 620 3134 admirabiles
641 3062 764 3135 dotes:
786 3088 877 3136 uxor
896 3087 1036 3157 queque
1058 3067 1208 3137 clarissi-

126 3208 199 3270 ma,
212 3197 248 3255 et
266 3186 386 3256 uxoris
405 3207 576 3275 generosa
597 3185 814 3269 fecunditas,
834 3197 870 3256 et
886 3187 1081 3256 consularis
1098 3187 1212 3278 digni-

125 3316 194 3389 taS,
222 3307 316 3375 etin
343 3305 507 3375 Romanis
541 3306 756 3376 exercitibus
790 3307 923 3400 imperii
956 3308 1151 3397 fastigium,
1179 3320 1212 3379 et

127 3428 348 3499 victoriarum
370 3446 410 3496 ac
432 3426 682 3517 triumphorum
711 3427 816 3497 tituli:
845 3437 1007 3499 senectus
1028 3430 1207 3520 longaeva,

127 3559 163 3618 et
195 3548 401 3619 inconcussa
436 3569 545 3638 usque
578 3546 645 3617 sub
677 3549 835 3618 ultimum
871 3551 1016 3619 fortuna.
1052 3550 1089 3617 Si
1122 3552 1206 3643 quid

127 3670 218 3739 enim
253 3670 394 3740 adversi
421 3669 655 3738 intermiscere
685 3671 855 3740 hactenus
881 3692 966 3741 ausa
995 3678 1062 3752 est,
1091 3674 1208 3761 qualia

129 3792 235 3859 multa
269 3790 410 3859 famosis
437 3788 736 3882 persecutionibus
763 3792 948 3883 pertulisti,
976 3792 1149 3866 fecithoc
1176 3808 1212 3866 ut

129 3911 315 4003 asperitate
348 3910 474 4000 insigni
508 3910 768 4001 abstergeretur
796 3925 830 3982 et
856 3915 1062 3984 enitesceret
1088 3917 1211 4005 gloria

129 4039 199 4101 tuae
216 4033 335 4102 decus.
358 4034 452 4103 llanc
474 4032 533 4102 tibi
556 4031 658 4104 fidem
682 4057 788 4128 prupc
809 4035 852 4105 ad
875 4034 1104 4106 centesimum
1128 4037 1212 4107 vila

34 4222 38 4227 .
129 4176 255 4223 annum
278 4155 412 4224 fortuna
436 4165 645 4226 servaverat.
669 4156 713 4225 Et
733 4166 770 4226 tn
792 4156 955 4239 similiter,
979 4157 1010 4224 in
1034 4157 1121 4230 urbe
1143 4171 1212 4231 ler-

129 4293 244 4339 rarum
267 4282 301 4341 et
323 4273 356 4340 in
378 4272 470 4342 urbis
498 4274 619 4365 regina
642 4274 727 4344 urbe
754 4262 914 4369 princeps
936 4287 1046 4360 natue,
1068 4290 1211 4372 poteras

131 4387 186 4455 nbi
209 4391 251 4458 de
273 4394 429 4463 felicitate
451 4394 578 4481 agitur,
608 4417 649 4463 ca
676 4395 801 4467 scilic-ul
830 4419 909 4488 quac
937 4398 1067 4489 sperari
1096 4415 1212 4492 potest
