2692 5024
580 692 845 741 PRULEGUHRNON.
1224 697 1255 744 xl

254 829 319 906 Age
336 845 424 891 vero.
441 828 473 891 Si
491 829 553 892 iarn
570 830 638 894 inde
655 831 692 892 ab
711 837 779 892 octo
796 832 883 894 anuis
900 833 1051 895 Francisci
1068 833 1202 912 epistota
1224 837 1254 898 in

173 933 274 996 lucem
290 933 489 1013 prodiissent,
507 940 625 1012 poterat
642 951 681 995 nc
698 934 835 997 Manilius
853 937 889 999 de
906 937 964 1000 11113
981 938 1065 1014 loqui
1086 938 1133 1001 uti
1153 940 1256 1018 primi·

175 1047 224 1101 tus
239 1045 271 1101 et
288 1054 388 1118 nuper
403 1054 421 1102 a
437 1055 472 1102 sc
487 1038 616 1117 repertis
635 1038 666 1100 in
682 1039 861 1102 bibliotheca
874 1041 997 1104 Bolani?
1010 1042 1115 1104 Fuerit
1129 1042 1255 1120 quidem

174 1143 262 1221 longe
280 1143 318 1205 ab
335 1143 413 1206 urbe
428 1142 575 1218 venetiis,
594 1143 687 1206 tuerit
704 1143 734 1205 in
752 1145 899 1208 extremis
915 1146 1005 1208 1131133
1023 1149 1072 1209 131
1086 1148 1255 1211 Germania

175 1248 240 1310 oris
255 1254 379 1327 peracta
394 1248 485 1312 editio
505 1249 577 1311 auni
600 1248 694 1322 1181,
717 1249 806 1310 cuius
827 1251 899 1311 latet
924 1249 1029 1324 iocus3
1057 1251 1127 1328 quis
1153 1255 1255 1317 credat

176 1359 244 1415 octo
258 1370 411 1417 annorum
426 1354 529 1433 spatio·
541 1354 654 1415 nullam
671 1355 708 1417 de
725 1369 761 1416 33
780 1355 922 1418 notitiam
944 1354 1097 1429 venetias,
1116 1363 1253 1433 portam,

175 1463 210 1519 ut
228 1457 339 1520 alicubi
354 1456 531 1521 Franciscus
551 1462 656 1519 noster
677 1456 733 1532 311,
755 1462 827 1521 tuuc
849 1458 998 1537 temporis
1016 1459 1109 1522 131133
1129 1459 1257 1522 11313331

174 1562 313 1640 33113113,
329 1559 493 1640 appulisse,
511 1560 586 1623 adeo
604 1567 638 1622 ut
653 1560 712 1624 sibi
723 1561 853 1638 gloriam
869 1561 963 1641 primi
976 1562 1103 1626 editoris
1117 1563 1255 1628 Manilius

176 1664 345 1727 vindicaret
362 1664 574 1744 epistolarum,
590 1680 660 1743 quae
677 1668 740 1730 iam
757 1667 888 1744 1111113133
904 1682 960 1744 per
981 1682 1090 1730 manus
1111 1668 1254 1733 litterato·

176 1784 249 1832 rum
262 1768 425 1832 bominum
441 1768 643 1833 terebantur?
661 1771 792 1837 Validlus
808 1777 911 1834 lamen
929 1771 1082 1850 opinionis
1095 1789 1174 1837 meaa
1190 1774 1255 1836 luo·

176 1876 353 1939 dementum
367 1874 400 1936 in
417 1890 454 1936 eo
476 1876 670 1939 statuendum
688 1879 827 1952 ridetur,
845 1877 927 1952 quod
944 1892 978 1938 se
994 1876 1132 1940 Manilius
1148 1878 1255 1941 iecisse

177 1987 281 2042 narrat
293 1978 323 2041 iu
335 1979 461 2055 litteris,
479 1995 555 2056 quas
573 1980 604 2042 in
622 1982 730 2045 Codice
743 1982 905 2045 Bolaniano
919 1982 1035 2059 absque
1048 1983 1107 2044 ulia
1120 1982 1254 2058 designa-

178 2083 1132 2166 rionepersooarumqutbusinsoriptaeruerantinveucrat.1tas
1144 2086 1255 2166 quippe

175 2189 307 2251 duarum
333 2188 508 2251 litterarum
529 2188 562 2250 Τ.
583 2189 619 2251 11.
648 2190 744 2252 iudice
765 2192 920 2252 distinctas
940 2191 1071 2254 edidisse
1092 2207 1125 2253 se
1145 2192 1254 2268 refert,

175 2293 265 2354 cuius
285 2293 413 2371 quidem
433 2293 478 2355 131
500 2308 598 2370 quum
618 2294 733 2356 nullam
754 2294 818 2372 ipse
839 2295 992 2357 rationem
1015 2295 1156 2366 adducat,
1182 2296 1256 2370 quid

115 2441 118 2444 -
176 2412 282 2476 reapse
297 2397 406 2460 litteris
429 2397 487 2460 iilis
506 2397 711 2474 singularibus
737 2399 955 2475 significaverit
981 2414 1108 2475 prorsus
1136 2399 1254 2476 ignora·

174 2512 266 2558 mus:
282 2497 452 2570 molestare
468 2503 569 2559 lamen
586 2495 658 2558 libet
673 2511 748 2557 eum
763 2496 867 2558 lorsau
884 2493 961 2556 iuris
982 2494 1137 2558 consultos
1156 2495 1254 2559 imita·

175 2606 258 2676 tum,
271 2601 326 2678 qui
341 2615 451 2664 servos
466 2599 645 2679 peregrinos
666 2599 806 2679 aliosque
828 2599 955 2663 familias
975 2601 1072 2680 capite
1092 2602 1193 2665 minui
1212 2603 1254 2666 di-

176 2710 302 2779 xerunt,
329 2703 444 2767 litteras
470 2704 560 2767 hasce
594 2704 693 2767 litatio
722 2705 809 2783 quasi
838 2705 935 2784 capite
964 2706 1100 2770 11133133
1126 2706 1163 2769 ab
1188 2707 1255 2770 aliis

174 2822 335 2871 secernere
361 2807 504 2872 voluisse.
525 2809 587 2872 lam
608 2810 728 2872 verosi
746 2827 806 2888 qua
828 2811 977 2873 extitisset
999 2817 1068 2873 aute
1088 2827 1158 2875 ann.
1176 2813 1253 2875 1192

176 2915 270 2976 311313
296 2914 494 2993 epistolarum
526 2914 633 2991 editio,
665 2932 762 2994 quum
796 2917 834 2979 ad
864 2916 988 2980 alterius
1018 2916 1130 2979 codicis
1162 2917 1254 2978 fidem

176 3016 246 3079 deri
275 3018 448 3095 debuisset,
479 3020 594 3083 litteras
629 3037 706 3098 quas
735 3020 871 3083 idanilius
904 3021 991 3097 siguo
1028 3020 1060 3081 T.
1096 3020 1132 3082 ll.
1164 3021 1253 3082 adno-

175 3121 266 3198 tavit,
292 3122 344 3186 rel
368 3124 492 3187 nomine
520 3125 644 3186 iliorum
671 3126 784 3202 quibus
810 3125 962 3202 inscriptae
991 3129 1094 3199 eraut,
1122 3125 1172 3187 rel
1197 3124 1254 3187 alia

175 3229 303 3290 omnino
319 3234 390 3291 nota
404 3245 476 3307 quas
491 3229 625 3291 nominis
643 3227 723 3290 illius
739 3228 891 3291 deiectum
909 3229 1081 3291 ostenderet
1100 3227 1254 3292 distinctas

176 3331 374 3397 exhibuisset
390 3333 482 3411 Atqui
499 3333 610 3396 Veneta
627 3332 720 3396 editio
741 3349 811 3411 quta
831 3333 975 3395 undecim
995 3340 1063 3412 post
1083 3333 1169 3397 aunis
1193 3335 1253 3412 pri·

178 3452 260 3499 mam
284 3437 368 3501 illam
392 3445 438 3500 ost
458 3438 646 3515 subseqmta
668 3435 732 3516 (eas
752 3437 865 3517 quippe
886 3438 917 3500 in
939 3437 1098 3501 intervallo
1119 3445 1254 3518 peractas

177 3542 335 3606 consulere
351 3559 413 3606 non
430 3540 613 3622 potuimus),
625 3558 686 3604 uon
698 3542 756 3604 alio
773 3543 861 3620 signo
874 3559 969 3621 quam
986 3543 1165 3606 earumdem
1177 3542 1252 3604 litte-

177 3646 387 3711 1313111111.
404 3648 546 3727 epistolas
563 3646 628 3711 illas
640 3647 808 3723 adnotavit3
827 3664 896 3725 quae
913 3665 990 3710 vero
1006 3646 1114 3709 deiude
1131 3645 1254 3708 Basileae

175 3758 205 3814 et
222 3751 362 3830 Lugduni
377 3752 558 3831 prodierunt
574 3753 645 3815 13133
662 3768 790 3832 prorsus
807 3753 875 3815 eius
892 3759 972 3814 notas
993 3748 1252 3825 interpretatione,

179 3855 299 3918 rtem
318 3856 510 3921 trainensi·
530 3855 764 3934 inscripserunt,
785 3859 822 3921 ad
843 3873 936 3934 quem
957 3871 1008 3917 333
1029 3852 1140 3916 missas
1159 3853 1254 3916 tuisse

175 3964 207 4020 31
223 3964 399 4036 temporum
422 3956 499 4020 ratio
517 3963 548 4019 31
567 3973 676 4021 rerum
697 3975 766 4037 qua
788 3959 819 4020 in
841 3959 878 4021 iis
900 3961 1042 4046 leguntur
1062 3961 1170 4019 natura
1189 3973 1252 4021 cre·

176 4060 250 4123 dere
266 4067 383 4138 vetant,
398 4067 491 4140 prout
507 4060 694 4124 enucleatius
715 4064 911 4126 ostendemus
932 4061 963 4122 in
981 4059 1253 4124 animadversioni·

175 4166 235 4227 bus
250 4165 364 4243 quibus
379 4166 494 4229 litteras
511 4165 577 4229 illas
594 4165 691 4231 italice
708 4182 813 4228 versas
830 4164 1059 4229 declarabimus.
1077 4166 1108 4228 ld
1124 4164 1254 4243 deniqne

175 4268 430 4345 notatumrelim,
442 4269 609 4344 llanilium,
626 4271 658 4331 in
674 4287 709 4332 ea
727 4271 765 4333 de
782 4286 841 4346 qua
858 4269 922 4333 dixi
939 4271 1038 4337 littera
1048 4272 1086 4335 ad
1095 4271 1252 4346 Bolanum,

176 4372 351 4452 professum
366 4373 461 4438 1111333
475 4374 618 4436 nonnulla
635 4389 705 4451 quae
721 4375 884 4452 quamdam
899 4373 1072 4439 barbariem
1085 4375 1252 4438 referebant

175 4496 216 4541 ex
234 4478 382 4543 Petrarcae
398 4479 532 4559 epistolis
553 4496 585 4544 se
606 4494 758 4544 resecasse
764 4502 772 4556 ;
794 4480 924 4560 eiusque
945 4483 989 4545 rei
1010 4481 1184 4560 exemplum
1204 4480 1252 4540 de·
