2692 5024
387 713 554 762 francisci
576 712 753 762 rarnnncc
774 713 950 763 rnnrnrro.
1167 706 1200 766 21

129 863 235 936 semel
257 861 291 930 in
312 885 381 933 una
400 862 542 957 epistola
562 863 712 956 positum
725 862 937 948 delectabat,
961 865 995 932 in
1018 875 1088 936 toto
1103 888 1205 959 opere

129 986 259 1079 saepius
281 985 460 1078 referitum
480 984 619 1056 fastidio
643 1007 723 1056 esse
742 985 853 1079 caepit.
884 985 946 1057 Uni
968 987 1082 1080 itaque
1102 988 1204 1059 relin-

128 1109 317 1202 quendum,
341 1108 384 1179 de
404 1107 544 1200 reliquis
563 1107 776 1179 eradendum
797 1108 870 1179 fuit.
886 1109 991 1180 Multa
1011 1112 1204 1203 quoquede

128 1229 354 1302 familiaribus
374 1230 467 1301 curis
494 1240 574 1301 tunc
599 1233 684 1301 forte
709 1230 792 1302 dum
815 1230 1047 1303 scriberentur
1065 1232 1204 1322 cognitu

129 1377 198 1425 non
224 1352 388 1444 indigna,
422 1374 513 1424 nunc
545 1352 706 1446 quamvis
739 1353 865 1444 cupido
901 1353 1032 1438 lectori,
1067 1354 1202 1445 gravia,

129 1476 277 1560 detraxi,
305 1498 436 1546 memor
461 1475 496 1545 in
528 1476 595 1547 hoc
621 1474 761 1546 irrisum
786 1499 807 1546 a
832 1477 961 1548 Seneca
989 1476 1203 1560 Ciceronem

128 1621 338 1692 quamquam
364 1598 398 1668 in
425 1598 480 1668 his
505 1598 660 1692 epistolis
693 1621 819 1690 magna
842 1621 889 1669 ex
914 1611 1010 1692 parte
1031 1599 1204 1672 Ciceronis

130 1721 244 1814 potius
265 1744 370 1814 quam
391 1722 531 1791 Senecae
548 1742 678 1790 morem
697 1743 833 1814 sequar.
848 1723 976 1793 Seneca
992 1721 1083 1793 enim
1103 1722 1205 1816 quid·

130 1844 214 1936 quid
247 1842 450 1915 moralitatis
476 1843 511 1912 in
537 1841 698 1915 omnibus
724 1845 794 1914 sere
825 1843 922 1915 libris
956 1845 1030 1916 suis
1053 1855 1141 1929 erat,
1169 1845 1204 1916 in

129 1965 284 2059 epistolis
305 1964 491 2056 congessit.
513 1965 631 2036 Cicero
651 1976 764 2036 autem
786 1966 1022 2059 philosophica
1047 1968 1082 2037 in
1106 1968 1203 2038 libris

130 2087 218 2179 agit:
235 2087 413 2159 familiaria
431 2099 467 2158 et
486 2110 542 2158 res
564 2111 673 2159 novas
695 2110 734 2159 ao
754 2088 872 2160 varios
893 2089 985 2160 iilius
1006 2090 1126 2161 sacculi
1146 2115 1205 2162 ru-

130 2231 245 2281 mores
256 2209 292 2280 in
304 2208 459 2301 epistolis
472 2208 683 2281 includitDe
694 2208 822 2301 quibus
836 2211 1055 2301 quidSeneca
1070 2212 1202 2296 sentiat,

131 2333 205 2426 ipse
226 2330 360 2403 viderit.
381 2331 465 2403 Mihi
488 2330 619 2427 (fateor)
641 2353 840 2424 perammna
858 2331 958 2403 lectio
977 2344 1041 2404 est.
1060 2335 1205 2404 Relaxat
1228 2343 1232 2350 ’

129 2455 222 2527 enim
243 2453 289 2526 ab
307 2454 493 2527 intentione
513 2455 570 2527 illa
589 2478 705 2526 rerum
723 2454 926 2539 difficilium,
942 2478 1022 2547 quae
1042 2467 1205 2549 perpetua

130 2580 269 2673 quidem
295 2578 422 2670 frangit
447 2577 614 2663 animum,
643 2577 840 2650 intermissa
864 2578 1018 2651 deiectat.
1045 2580 1131 2649 Nam
1151 2578 1205 2648 Si-

129 2702 222 2774 donii
244 2703 467 2774 temeritatem
485 2701 648 2773 admirari
665 2699 729 2772 vix
746 2701 893 2774 sufficio:
912 2702 979 2774 nisi
996 2706 1081 2776 sorte
1099 2714 1204 2775 teme-

131 2824 242 2897 rarius
276 2826 350 2918 ipse
384 2824 470 2910 sim,
506 2825 565 2918 qui
592 2825 810 2897 temerarium
844 2826 938 2896 illum
964 2826 1091 2911 dicam,
1118 2827 1203 2899 dum

131 2947 220 3018 sales
239 2946 316 3018 cius
338 2970 400 3019 seu
419 2947 587 3020 tarditatis
604 2970 705 3032 mere,
729 2971 791 3019 seu
812 2947 902 3018 illius
924 2947 992 3018 stili
1012 2947 1120 3032 obice,
1141 2971 1203 3018 seu

130 3065 287 3138 fortassis
313 3065 405 3161 (nam
431 3071 702 3162 unumquodque
727 3067 891 3161 possibile
922 3067 987 3159 est)
1022 3066 1202 3161 scripturae

132 3188 216 3260 vitio
240 3211 307 3261 non
334 3190 418 3262 satis
446 3191 607 3282 intelligo.
635 3191 747 3261 Unum
781 3189 899 3281 utique
924 3211 992 3259 non
1018 3212 1073 3260 me
1097 3189 1200 3279 sugit,

131 3313 271 3386 irrisum
303 3325 337 3386 et
368 3338 390 3387 a
422 3313 562 3386 Sidonio
594 3313 802 3385 Ciceronem.
837 3313 864 3382 Ο
897 3293 1053 3397 libertas,
1081 3335 1145 3396 ne,
1173 3312 1203 3385 si

129 3436 241 3508 dicam
260 3437 411 3523 audacia,
431 3459 519 3530 quos
538 3434 737 3508 temeritatis
756 3457 880 3507 nomen
896 3434 1037 3507 offendit
1055 3459 1203 3530 exaspe-

131 3581 229 3630 rem:
254 3558 430 3632 inventum
455 3583 535 3632 esse
560 3559 733 3633 hominem
758 3558 918 3644 latinum,
946 3560 1005 3652 qui
1030 3583 1098 3631 non
1124 3558 1202 3630 dico

129 3680 260 3774 aliquid
286 3680 394 3775 (utet
418 3685 597 3765 Senecam,
623 3693 659 3753 et
685 3681 752 3753 iam
778 3680 859 3752 hino
884 3681 1074 3772 meipsum
1095 3701 1202 3750 exou-

131 3826 225 3876 sem:
263 3805 325 3878 vix
356 3815 410 3876 est
448 3806 539 3876 enim
572 3805 762 3906 humanum
803 3803 897 3875 omni
937 3799 1202 3895 reprehensione

130 3924 313 4020 caruisse),
345 3927 408 3999 sed
438 3926 680 4021 eloquentiam,
716 3935 775 3998 aut
808 3925 937 4008 stilum,
972 3932 1031 3994 aut
1063 3919 1201 3991 omnino

129 4047 265 4119 dicendi
289 4071 400 4140 genus
427 4049 599 4122 Ciceronis
625 4049 774 4121 irrideat.
802 4046 915 4138 Atque
947 4045 1011 4116 hoo
1038 4040 1200 4113 Sidonius

130 4190 237 4241 ausus
261 4173 332 4242 est!
360 4171 534 4246 Alvernus
559 4184 674 4245 orator
700 4194 768 4242 non
793 4168 890 4240 Latio
916 4190 954 4238 se
980 4165 1149 4254 fingeres
1186 4204 1202 4215 -

131 4303 227 4379 trem,
255 4306 293 4367 ut
317 4295 365 4367 ait
385 4296 439 4366 ille
461 4296 566 4390 (quod
591 4295 706 4389 ipsum
732 4290 816 4364 satis
836 4299 910 4360 erat
935 4285 1117 4382 audaciae),
1139 4288 1201 4361 sed

129 4420 316 4502 aemulum,
343 4431 379 4490 et
405 4419 510 4513 (quod
541 4429 595 4490 est
620 4413 775 4509 gravius)
802 4412 991 4494 irrisorem,
1026 4422 1130 4504 atque
1154 4410 1200 4481 illi

128 4539 319 4626 detrahere,
333 4540 390 4613 cui
410 4563 529 4615 omnes
546 4541 704 4617 deferunt
719 4547 845 4632 prater
862 4556 989 4630 paucos
1007 4533 1098 4607 illius
1111 4554 1201 4606 ooae-
