2692 5024
388 678 481 728 nmnn
501 678 867 739 suenrus-urrerem
888 680 952 729 xnr.
1148 667 1207 731 235

134 832 300 920 spectum.
324 827 399 899 Heu
420 827 522 898 mihi!
546 827 693 900 laudans
713 825 856 909 defici03
878 849 943 899 nec
963 827 1103 901 invenio
1123 828 1208 924 quid

134 946 238 1018 tantis
263 946 449 1020 virtutibus
475 946 620 1042 dignum
641 952 775 1045 loquar.
811 949 881 1021 Aut
900 971 1018 1023 amore
1043 952 1206 1045 decipior,

131 1079 193 1142 aut
216 1078 318 1142 aetate
342 1071 408 1142 hac
436 1073 700 1166 praeradiantem
729 1083 765 1145 ct
794 1075 1019 1169 conspicuam
1044 1077 1127 1147 cleri
1156 1077 1209 1147 lu·
1321 1098 1324 1103 ·

131 1215 208 1265 cem
227 1193 401 1265 festinatae
420 1194 532 1266 nubes
558 1197 677 1269 mortis
702 1196 860 1268 obduxit.
882 1197 989 1269 Cuius
1010 1199 1131 1270 nuntio
1151 1221 1209 1272 ac·
1275 1242 1278 1247 -

132 1328 246 1412 cepto,
267 1328 396 1411 quanta
416 1341 471 1389 me
493 1319 658 1391 miserum
674 1298 937 1392 circumfuderit
956 1322 1106 1415 eclipsis,
1129 1345 1209 1394 sen-

132 1440 179 1510 sit
197 1461 257 1511 cor
275 1462 406 1524 meum;
428 1449 536 1513 testes
558 1451 640 1512 sunt
663 1441 757 1514 oculi
781 1442 861 1513 mei.
887 1443 1019 1515 Verum
1045 1455 1124 1539 post
1148 1467 1210 1539 pa-

132 1563 240 1634 rentis
270 1572 305 1633 et
336 1564 479 1633 fratrum
506 1564 680 1647 lacrimas,
710 1565 824 1636 nullas
856 1565 1035 1638 uberiores
1061 1567 1209 1640 arbitror

131 1706 226 1771 esse,
247 1707 353 1779 quam
379 1695 467 1758 tuas.
493 1688 565 1782 Hoc
589 1688 674 1758 mihi
699 1695 734 1760 et
758 1688 864 1759 animi
897 1689 947 1760 tui
980 1691 1209 1766 mansuetudo

132 1809 308 1901 suggerit,
334 1818 370 1880 et
398 1817 540 1881 vetusta
560 1811 716 1896 devotio,
744 1812 779 1881 in
804 1833 873 1906 qua
898 1812 1109 1887 hereditario
1133 1815 1208 1888 iure
1284 1888 1290 1897 ,

132 1931 340 2016 succedens,
372 1942 407 2005 et
438 1933 591 2025 paternis
617 1932 745 2005 tinibus
774 1924 1066 2022 non'ccntentus
1104 1939 1207 2030 longe

131 2056 267 2146 iateque
287 2074 518 2146 processeras.
540 2056 615 2125 Heu
648 2054 823 2147 quotiens,
858 2065 1055 2149 quantaque
1088 2058 1208 2130 dulce·

129 2176 211 2249 dine
229 2175 425 2268 cogitabam
445 2176 537 2248 diem
554 2178 668 2261 illum,
690 2199 793 2269 quem
811 2177 1010 2272 proximum
1027 2180 1206 2274 opinabar;

129 2322 200 2393 quc
221 2299 350 2372 scilicet
373 2297 567 2369 mitissimis
595 2297 671 2371 eius
708 2299 831 2372 litteris
867 2299 1074 2387 obsecutus,
1101 2313 1138 2374 et
1162 2304 1208 2377 ab

130 2419 333 2516 Appennino
358 2421 393 2491 in
417 2421 623 2517 Pyrenaeum
658 2431 917 2515 transgressus,
943 2425 1207 2521 exoptatissimo

129 2544 206 2643 eiu-s
225 2543 424 2639 conspectui
444 2543 655 2638 improvisus
675 2545 893 2631 adsisterem,
912 2547 1015 2641 eique
1031 2558 1068 2619 et
1083 2549 1208 2620 Roma-

129 2690 209 2740 nam
229 2669 391 2751 lauream,
413 2688 518 2760 quam
538 2668 660 2741 vertici
684 2691 772 2755 meo,
791 2671 870 2742 iicet
889 2670 1063 2763 indignus,
1090 2671 1207 2766 impri-

132 2813 202 2875 mo,
229 2809 378 2883 quaeque
399 2791 466 2862 iam
484 2800 563 2864 ante
581 2794 636 2865 vel
656 2791 775 2864 auditu
797 2796 872 2866 soto
896 2805 1038 2889 quantae
1064 2794 1130 2867 sibi
1154 2795 1208 2868 iu·

132 2916 315 2989 cunditatis
340 2938 361 2987 e
385 2918 572 3011 longinquo
597 2919 777 2990 materiam
803 2918 1032 3013 praemisisset
1067 2919 1207 3008 elegan-

133 3039 303 3111 tissimum
325 3060 450 3111 manus
468 3049 505 3111 et
524 3040 651 3132 ingenii
670 3041 724 3112 sui
740 3064 881 3113 carmen
901 3040 1043 3123 indicat3
1064 3040 1207 3133 insuper

131 3173 167 3234 et
184 3183 276 3234 nova
302 3165 426 3254 Africo
451 3183 539 3233 meae
564 3164 800 3249 fundamenta,
827 3163 898 3234 duo
926 3184 1036 3257 parva
1064 3162 1206 3256 quidem

131 3287 194 3360 sed
213 3288 342 3359 devota
368 3287 584 3370 munuscula,
607 3285 877 3359 venerabundus
912 3285 1083 3357 offerrem.
1113 3287 1206 3358 Prae-

129 3410 236 3481 vertit
259 3410 483 3503 Omnipotens
506 3408 719 3482 desiderium
745 3431 884 3481 meum:
916 3432 981 3482 nec
1005 3409 1132 3503 dignus
1156 3410 1206 3482 fui

128 3541 198 3605 tam
218 3534 336 3604 laetum
363 3541 399 3604 et
437 3542 506 3605 tam
532 3533 667 3605 felicem
694 3531 787 3603 diem
820 3554 971 3605 eernere.
1005 3533 1097 3619 Quid
1123 3554 1206 3605 vero

130 3678 223 3726 nunc
241 3656 374 3727 consilii
394 3658 559 3753 capiam?
577 3657 669 3743 Quid
688 3658 734 3729 de
753 3678 808 3729 me
827 3657 903 3750 ipso
923 3658 1098 3728 statuam?
1114 3653 1206 3738 Quid

131 3781 264 3868 agam?
288 3780 388 3873 Saepe
423 3803 557 3852 mecum
590 3781 667 3853 haec
690 3803 770 3853 cum
797 3780 946 3852 lacrimis
971 3779 1104 3871 loquor.
1129 3777 1205 3861 Quo

133 3898 182 3970 ire
199 3920 313 3992 paras,
340 3902 678 3997 infelix‘?1squem
703 3903 859 3997 petebas,
886 3900 981 3972 abiit.
1007 3899 1119 3983 Quem
1148 3918 1205 3971 se-

132 4022 280 4115 queris?
309 4024 479 4096 Aulamne
506 4027 622 4098 fratris
646 4024 814 4108 flebilem,
841 4033 877 4095 et
901 4030 996 4095 tanto
1021 4021 1204 4115 splendore

130 4145 339 4219 viduatam?
363 4147 416 4219 An
441 4147 584 4219 bustum
609 4147 669 4219 ubi
701 4149 846 4240 sepultae
885 4157 967 4218 sunt
1001 4166 1083 4240 spes
1113 4148 1204 4216 tuae‘i

131 4269 320 4364 Utmbique
363 4269 542 4342 molestiae.
580 4271 751 4341 Parumne
794 4267 855 4340 tibi
896 4267 1055 4340 moeroris
1091 4267 1204 4340 attulit

129 4410 247 4477 casus,
283 4392 349 4463 nisi
385 4390 574 4484 gemitibus
600 4391 668 4463 tuis
700 4390 839 4463 obviam
869 4394 1027 4486 pergasi
1062 4391 1113 4462 Et,
1144 4393 1203 4463 vel

130 4512 211 4585 hine
235 4522 270 4584 te
295 4524 501 4587 moerentum
527 4513 657 4608 agmini
681 4525 827 4590 moestus
852 4515 1059 4603 immisceas,
1080 4517 1139 4589 vei
1162 4515 1202 4587 it-
