2692 5024
397 663 488 710 tinen
511 664 858 717 sexsus—errsront
881 669 942 718 vul.
1149 658 1203 720 351

130 806 294 878 dimoveas
317 816 403 898 peto.
430 807 514 878 Erat
538 808 630 879 enim
657 808 804 904 hyems3
831 822 866 881 et
891 816 979 884 lorte
1002 825 1082 884 tunc
1102 814 1209 889 fundo
1284 834 1288 844 ·

131 940 230 1002 testae
251 930 342 1002 illins
362 927 634 1024 adequitantem
659 932 825 1017 obverso,
853 956 913 1006 ore
938 946 1054 1008 autem
1072 937 1117 1009 ad
1137 959 1211 1008 me-

129 1054 261 1137 ridiem,
280 1053 500 1148 apricabatur
520 1055 736 1141 seminudus
757 1056 821 1127 sed
837 1059 976 1129 fervens
988 1059 1103 1144 animi,
1120 1061 1212 1131 seni-

129 1179 240 1249 culus.
264 1177 426 1248 Facetum
448 1177 523 1250 hoc.
546 1177 674 1249 Durius
694 1189 731 1250 et
750 1201 856 1273 prope
877 1182 1067 1274 superbum
1088 1184 1213 1255 Deme-

131 1300 185 1371 trii
205 1321 424 1394 responsum,
439 1300 498 1393 qni
518 1299 663 1371 missum
682 1300 749 1372 sibi
766 1301 812 1372 ab
828 1303 1040 1398 Imperatore
1056 1305 1213 1377 Romano

132 1443 255 1494 aurum
274 1423 420 1495 ridendo
436 1423 484 1496 ita
500 1423 717 1516 contempsit,
737 1435 775 1496 ut
791 1426 939 1498 diceret:
964 1423 1007 1497 Si
1022 1438 1147 1498 tentore
1164 1449 1215 1496 me

131 1548 253 1629 votuit,
289 1556 353 1615 toto
388 1548 441 1615 itti
466 1550 595 1636 sueram
629 1546 850 1641 cooperiendos
884 1551 1032 1642 imperio.
1064 1551 1214 1622 Calenus

133 1670 255 1753 lndus,
278 1668 361 1740 dnm
385 1670 512 1761 ingenti
540 1671 713 1763 lignorum
739 1673 900 1764 congerie
926 1682 1086 1746 extructa
1108 1684 1144 1746 et
1163 1675 1215 1747 in-

131 1813 249 1876 censa,
268 1814 363 1864 mure
382 1793 502 1886 patrio,
524 1795 639 1868 nudus
657 1797 703 1867 ad
722 1799 951 1869 voluntariam
971 1806 1116 1870 mortem
1134 1797 1214 1882 iret3

132 1915 333 1987 Alexandro
353 1917 533 1988 Macedoni
553 1917 658 1990 obvio
678 1930 714 1990 et
732 1920 900 2013 quaerenti
919 1919 1075 1991 similiter
1094 1944 1216 1993 numa

133 2060 172 2109 se
190 2037 320 2131 aliquid
334 2039 452 2123 vellet,
467 2039 569 2123 Nihil,
590 2041 712 2133 inquit,
735 2053 780 2112 cst
803 2065 906 2134 opus;
929 2043 1069 2113 brevite
1090 2041 1214 2113 videbo.

135 2161 204 2233 Sed
222 2160 277 2231 hic
299 2161 440 2255 quidem
461 2162 537 2233 miri
560 2163 666 2232 nihil:
687 2163 772 2255 quid
788 2166 880 2237 enim
899 2186 967 2235 non
984 2174 1137 2259 spernat,
1156 2166 1217 2258 qui

135 2286 256 2381 ipsam,
275 2297 416 2380 propter
432 2307 536 2378 quam
554 2293 682 2356 caetera
696 2286 982 2382 concupiscimus,
998 2289 1105 2360 vitam
1119 2310 1217 2383 spre-

135 2412 212 2480 vit?
242 2410 466 2503 Contemptus
500 2429 584 2480 sane
617 2408 818 2481 miraculum
853 2411 1028 2505 supplevit
1062 2410 1216 2495 vaticinii

84 2523 89 2533 ’
135 2544 229 2604 certa
247 2532 344 2605 fides.
365 2531 541 2624 Siquidem
560 2532 649 2603 intra
666 2531 741 2604 dies
759 2555 887 2626 paucos
906 2533 1104 2607 Alexander
1123 2533 1216 2625 apud

135 2657 312 2752 Babylona
332 2666 465 2727 cratere
486 2655 543 2727 illo
563 2656 747 2726 Persarum
769 2667 803 2727 et
824 2657 987 2729 Indorum
1007 2660 1117 2729 ultore
1133 2680 1216 2730 con-

136 2788 296 2872 sumptus
322 2787 387 2848 est.
414 2776 588 2849 Urbanius
609 2778 784 2870 aliquanto
811 2778 1024 2874 Dindymus,
1047 2779 1092 2852 ad
1111 2802 1215 2871 quem

135 2902 267 2973 nudum
285 2923 362 2971 curn
382 2897 582 2971 Alexander
599 2901 698 2984 idern,
717 2900 809 2973 omni
828 2903 916 2971 lastn
936 2902 1033 2992 regio
1049 2901 1213 2994 deposit0,

138 3023 306 3107 venisset,
330 3023 364 3092 in
385 3034 543 3093 extrema
567 3022 789 3093 solitudinum
812 3046 831 3093 e
854 3023 987 3094 cunctis
1013 3021 1215 3093 muneribus

136 3144 181 3215 ab
207 3145 472 3238 opulentissimo
497 3166 582 3234 rege
609 3141 674 3213 sibi
700 3142 828 3224 allatis,
855 3143 991 3214 nonnisi
1015 3142 1156 3213 minima
1181 3155 1217 3214 et

137 3268 306 3339 vilissima
328 3291 443 3340 rerum
467 3264 626 3358 sumpsit,
649 3287 693 3335 ne
713 3273 931 3359 contemptus
951 3265 1106 3360 asperior
1123 3265 1216 3337 inso-

137 3392 253 3464 lentiae
278 3400 463 3462 notaretur.
495 3388 565 3460 Sed
591 3387 667 3460 haec
694 3387 907 3479 singulorum
934 3389 1135 3461 hominum:
1160 3389 1216 3461 illa

138 3513 273 3607 publica
300 3513 491 3583 animorum
523 3522 558 3583 et
590 3509 868 3604 incomparabilis
897 3512 1062 3594 altitudo;
1094 3508 1215 3605 Pyrrhi

140 3639 245 3729 regis,
267 3638 367 3709 cuius
389 3658 492 3729 snpra
514 3635 668 3719 memini,
686 3636 823 3726 legatus
841 3634 985 3718 Cineas,
1009 3634 1064 3704 vir
1080 3632 1217 3723 ingenio

136 3774 172 3833 et
199 3760 364 3855 sapientia
389 3761 579 3842 excellens,
607 3756 786 3829 immensis
809 3782 888 3831 cum
919 3753 1120 3827 muneribus
1150 3756 1218 3826 no-

138 3907 231 3955 mam
259 3884 403 3967 missuS,
432 3894 553 3954 senatu
580 3882 729 3975 primum
754 3891 857 3973 atque
882 3878 1062 3952 ordinibus
1085 3876 1216 3949 cunctis

138 4029 185 4078 ex
201 4005 322 4078 ordine
339 4005 575 4098 nequidquam
594 4003 746 4087 tentatis,
762 4016 936 4098 postremo
953 4001 1087 4096 plebem
1107 4002 1215 4097 ipsam

139 4131 266 4202 trustra
300 4128 404 4200 etiam
438 4150 642 4220 aggressus,
665 4150 706 4199 ac
730 4126 866 4200 nemine
890 4148 1034 4222 prorsus
1059 4126 1214 4210 invento,

138 4253 239 4324 cuius
260 4252 387 4324 dumus
410 4261 471 4323 aut
491 4272 588 4321 mens
610 4248 813 4322 muneribus
835 4250 940 4341 regiis
964 4258 1117 4344 pateret3
1138 4271 1216 4322 curn

140 4397 182 4448 eo
214 4377 290 4470 ipso
313 4373 406 4468 quod
439 4385 605 4445 avexerat
636 4393 736 4456 auro,
775 4372 820 4444 ad
853 4383 1048 4465 stupentem
1082 4374 1214 4466 regem,

142 4510 286 4601 stupens
307 4501 395 4591 ipse,
420 4516 584 4568 reversus
605 4505 669 4568 est
692 4495 865 4567 Caeterum
882 4495 918 4568 tri
943 4518 1065 4573 omnes
1089 4509 1149 4572 aut
1172 4495 1218 4568 ab
