2692 5024
227 632 261 691 lii
479 640 642 691 suauclscl
663 638 837 687 Pauulacffl
859 638 1033 687 efflatum.

223 791 303 862 bato
322 801 440 861 nostro
458 788 603 860 cederet.
625 786 681 857 Sic
698 784 790 857 enim
810 797 844 855 et
869 806 933 855 vos
959 783 1040 854 olim
1064 794 1184 875 optare
1210 787 1291 857 soli-

223 922 290 995 tos,
316 920 351 982 et
374 931 429 980 me
453 908 637 1002 pollicitum
661 886 752 979 esse⁸
767 905 999 976 memineram.
1026 905 1144 996 ltaque
1168 917 1291 980 cuncta

222 1032 352 1127 passim
371 1031 586 1104 occursantia
607 1054 675 1101 nno
691 1031 819 1122 impetu
838 1026 1002 1112 vastanti,
1023 1038 1058 1097 et
1076 1051 1121 1098 ne
1139 1029 1196 1099 his
1217 1031 1294 1122 qui-

222 1156 312 1238 dem,
335 1166 374 1226 ut
393 1166 473 1226 tunc
491 1163 566 1225 erat
591 1153 741 1235 animus,
769 1171 929 1244 parsum,
956 1160 1113 1220 vestrum
1138 1152 1224 1222 alter
1248 1151 1292 1223 ad

222 1281 359 1360 laevam,
381 1278 465 1347 alter
484 1274 528 1347 ad
548 1273 727 1345 dexteram
748 1272 872 1345 adesse
892 1272 1008 1356 visus,
1026 1283 1061 1343 et
1077 1274 1293 1366 apprehensa

221 1423 339 1484 manu,
362 1421 405 1469 ne
424 1397 528 1469 fidem
549 1419 661 1468 meam
679 1407 716 1467 et
733 1417 812 1488 spes
830 1407 967 1467 vestras
985 1416 1055 1465 uno
1072 1395 1152 1487 igne
1166 1417 1293 1467 consu·

221 1543 357 1604 merem,
376 1518 585 1591 familiarite-r
605 1519 800 1591 admonere.
822 1518 905 1589 Haec
925 1517 991 1588 illis
1011 1517 1183 1590 evadendi
1203 1540 1294 1612 prae-

220 1645 320 1735 cipua
352 1663 458 1713 causa
482 1640 567 1712 fuit:
594 1641 744 1734 alioquin
775 1641 893 1734 (crede
918 1640 1019 1733 mihi)
1046 1663 1125 1711 cum
1152 1640 1292 1733 reliquis

224 1764 402 1835 arsissent.
425 1764 508 1833 llaec
532 1784 617 1854 ergo
641 1784 722 1856 quae
747 1786 838 1835 nunc
863 1762 924 1835 tihi
950 1764 993 1835 de
1014 1763 1108 1833 uirili
1134 1765 1294 1857 reliquia·

225 1908 300 1956 rum
322 1884 457 1956 illarum
478 1894 578 1978 parte
595 1883 798 1969 obveniunt,
820 1885 1082 1979 qualiacumque
1102 1897 1197 1971 sunt,
1224 1909 1291 1958 non

222 2010 332 2081 solum
353 2032 479 2101 aequo,
502 2009 746 2081 verumetiam
768 2007 871 2080 avido
891 2009 1006 2081 animo
1026 2010 1192 2102 perleges.
1217 2011 1293 2081 Non

221 2131 331 2203 audeo
350 2130 434 2202 illud
454 2131 589 2225 Apuleii
615 2130 853 2204 Medaumnsis
879 2131 914 2202 in
939 2154 1121 2203 commune
1144 2131 1290 2202 iactare:

220 2254 342 2339 Lector,
369 2253 526 2325 intende:
553 2256 722 2325 letabaris.
745 2253 841 2325 Unde
865 2254 958 2324 enim
978 2253 1063 2323 mihi
1083 2252 1119 2323 id
1138 2251 1290 2337 fiduciae,

221 2387 257 2447 ut
288 2379 402 2449 lectori
437 2377 695 2449 delectationem
731 2376 929 2446 laetitiamve
962 2374 1150 2466 pollicear?
1181 2376 1291 2467 Leges

221 2510 333 2570 tamen
360 2499 441 2583 ista,
469 2499 515 2568 mi
543 2501 721 2581 Socratae,
747 2508 783 2567 et
806 2509 845 2568 ut
868 2519 907 2567 es
933 2495 1192 2568 amantissimus
1219 2509 1291 2568 tue

220 2645 313 2705 rum,
355 2624 502 2691 fortasse
541 2619 724 2704 laetabere,
767 2619 936 2712 cuiusque
975 2619 1127 2690 animum
1167 2620 1292 2712 pmhas

220 2742 440 2814 delectaberis
463 2743 550 2812 stilo.
572 2741 663 2826 Quid
682 2742 775 2812 enim
796 2744 920 2827 refert,
947 2751 1077 2834 quanta
1102 2740 1147 2811 sit
1169 2744 1290 2827 forma,

219 2866 356 2936 nonnisi
376 2863 523 2937 amantis
546 2863 704 2936 subitura
724 2863 919 2935 iudicium?
944 2865 1165 2956 Supervacua
1189 2865 1294 2936 comi-

221 2999 286 3073 tur,
313 3011 392 3081 quae
417 2988 484 3059 iam
512 2991 631 3081 placet.
659 2986 803 3080 Siquid
829 2989 884 3060 hic
910 3010 993 3060 sane
1018 3012 1134 3059 meum
1166 2993 1289 3082 placet,

220 3133 287 3179 non
312 3110 348 3182 id
372 3134 485 3182 meum
512 3113 632 3194 fateor,
660 3112 722 3182 sed
749 3121 867 3182 tuum:
893 3111 959 3183 hoo
994 3121 1048 3182 est
1073 3132 1141 3181 non
1165 3111 1291 3203 ingenii

220 3233 298 3313 mei,
333 3234 394 3303 sed
426 3235 586 3307 amicitiae
620 3246 690 3306 tuae
721 3238 797 3306 lans
823 3246 886 3308 est.
913 3236 1013 3306 Nulla
1045 3234 1102 3305 hic
1132 3235 1290 3327 equidem

219 3374 342 3441 magna
376 3355 431 3423 vis
464 3356 622 3428 dicendi:
657 3358 785 3451 quippe
809 3379 890 3450 quae
916 3380 979 3428 nec
1003 3357 1087 3426 mihi
1120 3357 1227 3440 adest,
1256 3369 1292 3428 et

218 3499 334 3568 quam,
356 3478 383 3547 si
405 3481 504 3570 plane
525 3481 656 3566 afforet,
681 3482 782 3554 stilus
804 3481 868 3553 iste
888 3503 956 3552 non
976 3481 1112 3574 recipit:
1132 3492 1290 3574 utquam

219 3621 281 3669 nec
302 3598 418 3670 Cicero
440 3603 513 3694 ipsc
534 3604 568 3672 in
588 3626 629 3675 ea
649 3608 806 3677 facultate
827 3603 1138 3697 praestantissimus
1163 3605 1291 3697 episto

219 3722 259 3794 lis
281 3724 353 3793 suis
375 3726 520 3797 inseruit
544 3739 657 3812 certe,
685 3750 747 3798 nec
766 3727 862 3797 libris
889 3727 925 3795 in
952 3726 1079 3819 quibus
1099 3737 1154 3796 est
1172 3749 1290 3819 aequa·

218 3844 283 3916 hile
315 3848 488 3940 quoddam
523 3852 573 3943 (ut
607 3852 680 3943 ipse
713 3849 772 3941 ait)
807 3861 841 3921 et
865 3860 1089 3940 temperatum
1125 3850 1289 3920 orationis

218 3989 337 4057 genus.
359 3970 531 4042 Eximiam
553 3974 644 4045 illam
665 3972 749 4055 vim,
777 3972 1000 4064 lucidumque
1019 3982 1054 4042 et
1074 3970 1230 4063 rapidum
1255 3982 1290 4041 et

122 4156 128 4169 ,
216 4094 397 4165 exundans
418 4094 545 4166 llumen
563 4095 767 4188 eloquentiae
793 4095 828 4166 in
854 4097 1066 4168 orationibus
1095 4095 1167 4167 suis
1187 4117 1289 4165 exer-

216 4214 298 4281 cuit:
319 4240 387 4307 quo
409 4241 532 4309 genere
557 4242 619 4312 pro
639 4219 759 4290 amicis
787 4241 881 4312 saepe
907 4219 1076 4292 adversus
1103 4218 1288 4312 rempubli-

216 4355 291 4402 cam
326 4359 475 4432 suosque
508 4344 626 4412 hostes
654 4364 743 4412 usus
768 4354 823 4413 est
848 4342 988 4423 Cicer03
1020 4365 1090 4435 quo
1125 4366 1187 4436 pro
1212 4341 1286 4413 aliis

217 4474 325 4546 stepo,
349 4482 410 4548 pro
432 4485 468 4530 se
488 4476 608 4552 qnater
629 4475 663 4534 et
682 4464 890 4556 quadragies
911 4466 1002 4533 Cato.
1023 4465 1122 4545 Quod
1147 4465 1285 4558 quidem
