2692 5024
394 664 878 724 umnnousnrus.-nr1srous
900 669 950 716 vu.
1149 656 1206 721 tlt

134 812 230 882 ritur.
252 807 473 901 Iniquissima
494 830 580 880 vero
596 809 720 881 horum
738 810 882 881 intentio
898 820 963 883 est.
981 813 1101 906 Neque
1116 815 1211 889 eninr

133 933 169 1005 id
181 940 302 1023 agunt,
319 941 357 1003 ut
374 930 549 1003 interitum
568 933 787 1005 scientiarum
806 933 971 1019 defleant,
990 956 1078 1028 quas
1095 939 1210 1010 extin-

131 1067 206 1129 ctas
226 1077 267 1127 ao
288 1041 441 1147 sepultas
462 1056 618 1149 cupiunt
640 1055 704 1128 sed
727 1067 765 1128 ut
784 1067 983 1130 coaetaneos
999 1070 1093 1144 snos,
1120 1083 1209 1153 qnos

129 1178 257 1250 imitari
290 1188 475 1270 nequeunt,
511 1180 758 1271 desperatione
787 1181 996 1252 deterreant.
1022 1183 1113 1253 Sane
1133 1183 1209 1255 illos

129 1301 330 1394 desperatio
359 1322 422 1372 sua
450 1302 616 1388 retrahat,
651 1324 716 1374 nos
750 1303 920 1396 impellat;
952 1314 988 1375 et
1020 1305 1113 1376 unde
1142 1304 1208 1376 illis

92 1440 97 1449 ·
129 1427 266 1496 frenum
292 1445 333 1495 ac
357 1425 509 1510 vincula,
532 1425 632 1497 nobis
659 1425 810 1521 impetus
832 1448 873 1498 ac
898 1426 1029 1499 stimuli
1050 1448 1209 1500 aooesse

130 1549 213 1629 rint;
234 1557 272 1618 ut
292 1548 496 1619 studeamus
518 1548 608 1634 fieri,
632 1551 771 1641 qualem
793 1550 839 1621 illi
861 1551 993 1621 nullum
1011 1551 1206 1644 opinantur,

130 1669 199 1742 nisi
211 1693 315 1763 quem
332 1671 520 1764 antiquitas
537 1671 735 1744 illustravit.
753 1672 834 1744 Rari
853 1681 947 1757 sunt,
965 1676 1089 1757 fateor,
1108 1674 1210 1766 pauci

130 1802 223 1877 sunt,
246 1793 309 1865 sed
326 1795 432 1887 aliqui
449 1806 540 1865 sunt.
559 1796 651 1880 Quid
667 1805 784 1867 autem
801 1805 896 1868 vetat
911 1818 959 1868 ex
976 1796 1096 1889 paucis
1113 1794 1210 1867 fierit

129 1916 165 1985 Si
184 1936 307 1987 omnes
329 1918 451 1988 raritas
473 1918 549 2010 ipsa
566 1918 742 2002 terruerit,
762 1918 860 1989 brevi
878 1917 1017 2014 quidem
1031 1939 1100 1988 non
1108 1920 1208 2014 pauci

128 2048 232 2109 erunt
251 2040 315 2110 sed
335 2041 429 2111 nulli,
447 2041 643 2126 Enitamur,
659 2064 856 2135 speremus;
874 2041 1013 2114 dabitur
1029 2044 1146 2112 forsan
1163 2041 1208 2114 ad

128 2160 195 2231 ista
213 2160 423 2253 pertingere.
444 2163 540 2232 ltlaro
558 2163 634 2257 ipse
651 2163 713 2233 ait:
727 2173 874 2255 possunt,
891 2163 969 2253 quia
981 2183 1077 2254 posse
1093 2158 1209 2230 videu-

130 2295 193 2354 tur.
214 2284 260 2354 Et
279 2306 353 2369 nos,
376 2283 595 2369 mihicrede,
619 2284 824 2380 poterimus,
844 2285 875 2355 si
892 2305 956 2355 nos
973 2304 1079 2378 posse
1095 2282 1209 2354 credi-

128 2408 295 2481 derimus.
329 2408 421 2491 Quid
449 2409 541 2479 enim
567 2412 693 2501 putas?
717 2409 861 2479 Plautus
882 2428 962 2478 eoae
983 2427 1083 2477 suam
1103 2405 1209 2480 deflet

128 2541 284 2616 aetatem,
303 2531 404 2602 Ennii
421 2533 509 2603 sorte
528 2553 590 2602 seu
608 2531 718 2604 Naevii
735 2540 881 2602 mortem
898 2531 1033 2611 dolens,
1051 2528 1206 2623 ipsorum

128 2678 268 2750 quoquo
288 2656 440 2726 lllaronis
462 2677 503 2725 ao
523 2654 634 2725 Flaoci
655 2666 742 2726 aetas
763 2677 832 2725 non
853 2675 956 2748 aequa
983 2652 1086 2723 tantis
1107 2652 1207 2743 inge-

129 2779 196 2848 niis
216 2778 293 2862 luit,
316 2801 463 2871 quorum
484 2781 570 2849 alter
590 2778 699 2850 divini
720 2778 861 2874 spiritus
879 2787 982 2872 poeta
998 2779 1082 2850 dum
1099 2775 1204 2860 vixit,

130 2902 335 2971 aemulorum
356 2901 455 2972 bellis
478 2901 552 2971 sine
579 2900 647 2971 fine
669 2911 835 2985 vexatuS,
857 2913 896 2972 ut
916 2903 1105 2972 alienorum
1126 2920 1208 2990 ope-

131 3046 208 3093 rum
228 3023 413 3095 defloratos
433 3024 598 3115 carpitur,
621 3024 721 3094 alteri
742 3025 826 3094 vitio
845 3023 962 3108 datur,
989 3022 1085 3114 quod
1104 3021 1205 3091 visus

129 3157 224 3218 esset
243 3147 403 3240 antiquos
424 3148 561 3238 parcius
582 3146 755 3217 admirari.
777 3144 855 3215 Fuit
874 3145 952 3229 hoo,
975 3143 1109 3236 eritque
1127 3164 1207 3237 per·
1308 3243 1310 3247 Ι

129 3280 282 3362 petuum,
310 3280 349 3340 ιιι
374 3269 551 3340 veneratio
570 3277 795 3351 vetustatem,
818 3266 1040 3359 praesentiam
1064 3264 1206 3336 comite-

130 3401 185 3463 tur
205 3392 345 3464 invidia.
368 3392 444 3461 Tibi
465 3413 561 3477 vero,
584 3413 707 3483 regum
724 3388 862 3482 optime,
883 3411 945 3460 nec
962 3389 1077 3460 minus
1095 3389 1206 3482 philo-

129 3515 318 3607 sophorum
336 3538 375 3586 ae
393 3527 582 3608 poetarum,
605 3514 757 3586 maxime
779 3513 830 3609 (ut
848 3536 894 3585 ex
916 3524 949 3584 te
965 3511 1099 3606 didici),
1121 3510 1206 3581 illud

127 3638 285 3709 eiusdem
307 3637 471 3732 principis
493 3637 597 3710 altius
617 3637 758 3721 insedit,
780 3637 873 3730 quod
895 3633 1113 3728 Tranquillus
1134 3632 1203 3702 ait:

129 3761 264 3850 r'npeuia
300 3762 414 3829 soecrrli
443 3762 496 3830 sui
527 3763 679 3831 omatibus
703 3758 805 3830 modis
827 3761 919 3850 fovit.
947 3758 991 3828 Et
1023 3767 1059 3826 tu
1092 3752 1204 3823 modis

129 3879 291 3952 omnihus
306 3883 424 3953 saeculi
444 3882 493 3953 tui
509 3885 607 3954 loves
624 3880 775 3974 ingenia,
793 3880 915 3974 eisque
935 3874 1148 3948 humanitate
1170 3884 1205 3943 et

129 4005 310 4077 clementia
332 4014 390 4076 tua
409 4008 520 4075 faves.
542 4006 720 4097 Expertus
740 4006 877 4095 loquor;
893 4000 1076 4071 recitantes
1093 4007 1129 4066 et
1145 3994 1204 4066 be
1334 4047 1335 4051 η

129 4128 235 4218 nigne
252 4139 287 4199 et
307 4128 475 4221 patienter
488 4125 603 4211 audis,
622 4148 685 4197 neo
702 4134 833 4196 tantum
851 4122 1016 4206 carmina,
1042 4130 1077 4190 et
1095 4119 1204 4189 histo

128 4251 212 4336 riaS,
236 4251 298 4323 sed
318 4264 353 4322 et
372 4250 545 4322 orationes
573 4258 608 4318 et
632 4249 799 4337 dialogos.
822 4242 987 4336 Componi
1009 4253 1122 4314 tamen
1142 4240 1204 4315 ali-

128 4375 214 4466 quid
230 4375 275 4446 de
293 4386 337 4460 te,
353 4373 419 4443 nisi
437 4380 473 4442 et
490 4369 581 4441 serio
597 4379 669 4443 eta
685 4367 992 4463 praestantissimis
1007 4366 1201 4451 offenderis,

129 4498 164 4566 in
184 4498 345 4569 omnibus
357 4494 412 4567 his
425 4494 623 4587 Augustum
642 4490 811 4580 imitatus,
830 4502 1015 4565 aversatus
1032 4500 1146 4565 autern
1162 4490 1203 4560 il-
