<?xml version="1.0" encoding="UTF-8"?>
<!DOCTYPE html PUBLIC "-//W3C//DTD XHTML 1.0 Transitional//EN"
    "http://www.w3.org/TR/xhtml1/DTD/xhtml1-transitional.dtd">
<html xmlns="http://www.w3.org/1999/xhtml" xml:lang="en" lang="en">
 <head>
  <title>
</title>
<meta http-equiv="Content-Type" content="text/html;charset=utf-8" />
  <meta name='ocr-system' content='tesseract 3.04.00' />
  <meta name='ocr-capabilities' content='ocr_page ocr_carea ocr_par ocr_line ocrx_word'/>
</head>
<body>
  <div class='ocr_page' id='page_1' title='image "./epistolaederebu00fracgoog_0443.png"; bbox 0 0 2692 5024; ppageno 0'>
   <div class='ocr_carea' id='block_1_1' title="bbox 132 778 920 841">
    <p class='ocr_par' dir='ltr' id='par_1_1' title="bbox 132 778 920 841">
     <span class='ocr_line' id='line_1_1' title="bbox 132 778 920 841; baseline 0 -3"><span class='ocrx_word' id='word_1_1' title='bbox 132 778 193 841; x_wconf 68' lang='lat'><strong>280</strong></span> <span class='ocrx_word' id='word_1_2' title='bbox 472 792 513 840; x_wconf 87' lang='grc'><strong>11</strong></span> <span class='ocrx_word' id='word_1_3' title='bbox 535 792 635 841; x_wconf 82' lang='lat' dir='ltr'><strong>asans</strong></span> <span class='ocrx_word' id='word_1_4' title='bbox 657 789 880 839; x_wconf 76' lang='grc'><strong>11111111111</strong></span> <span class='ocrx_word' id='word_1_5' title='bbox 910 790 920 801; x_wconf 80' lang='grc'><em>·</em></span> 
     </span>
    </p>
   </div>
   <div class='ocr_carea' id='block_1_2' title="bbox 130 932 1224 2374">
    <p class='ocr_par' dir='ltr' id='par_1_2' title="bbox 130 932 1224 2374">
     <span class='ocr_line' id='line_1_2' title="bbox 132 932 1224 1026; baseline 0.006 -21"><span class='ocrx_word' id='word_1_6' title='bbox 132 956 203 1026; x_wconf 77' lang='lat' dir='ltr'><strong>gno</strong></span> <span class='ocrx_word' id='word_1_7' title='bbox 219 935 299 1006; x_wconf 89' lang='lat' dir='ltr'><strong>licet</strong></span> <span class='ocrx_word' id='word_1_8' title='bbox 314 935 465 1006; x_wconf 87' lang='lat' dir='ltr'><strong>clamore</strong></span> <span class='ocrx_word' id='word_1_9' title='bbox 477 934 657 1017; x_wconf 73' lang='lat' dir='ltr'>desaeviat,</span> <span class='ocrx_word' id='word_1_10' title='bbox 672 952 781 1025; x_wconf 90' lang='lat' dir='ltr'><strong>seque</strong></span> <span class='ocrx_word' id='word_1_11' title='bbox 797 932 1016 1005; x_wconf 87' lang='lat' dir='ltr'><strong>tumultuose</strong></span> <span class='ocrx_word' id='word_1_12' title='bbox 1029 934 1068 1006; x_wconf 91' lang='lat' dir='ltr'><strong>in</strong></span> <span class='ocrx_word' id='word_1_13' title='bbox 1081 937 1224 1011; x_wconf 88' lang='lat' dir='ltr'><strong>liberta-</strong></span> 
     </span>
     <span class='ocr_line' id='line_1_3' title="bbox 133 1054 1222 1149; baseline 0.008 -23"><span class='ocrx_word' id='word_1_14' title='bbox 133 1066 203 1129; x_wconf 88' lang='lat' dir='ltr'><strong>tem</strong></span> <span class='ocrx_word' id='word_1_15' title='bbox 215 1065 358 1141; x_wconf 75' lang='lat' dir='ltr'><strong>asserat</strong></span> <span class='ocrx_word' id='word_1_16' title='bbox 371 1077 447 1149; x_wconf 82' lang='lat' dir='ltr'><strong>ego,</strong></span> <span class='ocrx_word' id='word_1_17' title='bbox 463 1057 493 1127; x_wconf 93' lang='lat' dir='ltr'><strong>si</strong></span> <span class='ocrx_word' id='word_1_18' title='bbox 506 1056 614 1127; x_wconf 85' lang='lat' dir='ltr'><strong>index</strong></span> <span class='ocrx_word' id='word_1_19' title='bbox 627 1055 702 1139; x_wconf 89' lang='lat' dir='ltr'><strong>sim,</strong></span> <span class='ocrx_word' id='word_1_20' title='bbox 717 1054 911 1126; x_wconf 89' lang='lat' dir='ltr'><strong>secundum</strong></span> <span class='ocrx_word' id='word_1_21' title='bbox 924 1076 1094 1130; x_wconf 86' lang='lat' dir='ltr'><strong>murmur</strong></span> <span class='ocrx_word' id='word_1_22' title='bbox 1106 1063 1222 1135; x_wconf 87' lang='lat' dir='ltr'><strong>anicu-</strong></span> 
     </span>
     <span class='ocr_line' id='line_1_4' title="bbox 132 1174 1220 1275; baseline 0.006 -26"><span class='ocrx_word' id='word_1_23' title='bbox 132 1183 176 1252; x_wconf 89' lang='lat' dir='ltr'><strong>lae</strong></span> <span class='ocrx_word' id='word_1_24' title='bbox 190 1183 225 1253; x_wconf 93' lang='lat' dir='ltr'><strong>in</strong></span> <span class='ocrx_word' id='word_1_25' title='bbox 238 1180 442 1252; x_wconf 87' lang='lat' dir='ltr'><strong>servitutem</strong></span> <span class='ocrx_word' id='word_1_26' title='bbox 456 1179 657 1262; x_wconf 88' lang='lat' dir='ltr'><strong>asserentis,</strong></span> <span class='ocrx_word' id='word_1_27' title='bbox 672 1176 844 1249; x_wconf 86' lang='lat' dir='ltr'><strong>vindicias</strong></span> <span class='ocrx_word' id='word_1_28' title='bbox 856 1174 960 1248; x_wconf 86' lang='lat' dir='ltr'><strong>dabo.</strong></span> <span class='ocrx_word' id='word_1_29' title='bbox 974 1178 1058 1265; x_wconf 85' lang='lat' dir='ltr'><strong>Cur,</strong></span> <span class='ocrx_word' id='word_1_30' title='bbox 1073 1188 1220 1275; x_wconf 85' lang='lat' dir='ltr'><strong>quaeso?</strong></span> 
     </span>
     <span class='ocr_line' id='line_1_5' title="bbox 132 1298 1220 1399; baseline 0.004 -24"><span class='ocrx_word' id='word_1_31' title='bbox 132 1303 221 1387; x_wconf 85' lang='lat' dir='ltr'><strong>Quia</strong></span> <span class='ocrx_word' id='word_1_32' title='bbox 240 1302 323 1374; x_wconf 91' lang='lat' dir='ltr'><strong>novi</strong></span> <span class='ocrx_word' id='word_1_33' title='bbox 346 1298 519 1395; x_wconf 90' lang='lat' dir='ltr'><strong>quamsit</strong></span> <span class='ocrx_word' id='word_1_34' title='bbox 543 1298 626 1371; x_wconf 92' lang='lat' dir='ltr'><strong>illud</strong></span> <span class='ocrx_word' id='word_1_35' title='bbox 647 1320 806 1372; x_wconf 89' lang='lat' dir='ltr'><strong>murmur</strong></span> <span class='ocrx_word' id='word_1_36' title='bbox 825 1298 892 1369; x_wconf 91' lang='lat' dir='ltr'><strong>boc</strong></span> <span class='ocrx_word' id='word_1_37' title='bbox 916 1300 1073 1374; x_wconf 83' lang='lat' dir='ltr'><strong>clamore</strong></span> <span class='ocrx_word' id='word_1_38' title='bbox 1098 1316 1220 1399; x_wconf 88' lang='lat' dir='ltr'><strong>poten·</strong></span> 
     </span>
     <span class='ocr_line' id='line_1_6' title="bbox 132 1420 1218 1519; baseline 0.006 -24"><span class='ocrx_word' id='word_1_39' title='bbox 132 1427 211 1510; x_wconf 83' lang='lat' dir='ltr'><strong>tius,</strong></span> <span class='ocrx_word' id='word_1_40' title='bbox 232 1432 448 1519; x_wconf 86' lang='lat' dir='ltr'><strong>quantumve</strong></span> <span class='ocrx_word' id='word_1_41' title='bbox 464 1430 559 1494; x_wconf 89' lang='lat' dir='ltr'><strong>artes</strong></span> <span class='ocrx_word' id='word_1_42' title='bbox 578 1420 712 1495; x_wconf 87' lang='lat' dir='ltr'><strong>artibus</strong></span> <span class='ocrx_word' id='word_1_43' title='bbox 733 1422 947 1494; x_wconf 73' lang='lat' dir='ltr'><strong>antecellant.</strong></span> <span class='ocrx_word' id='word_1_44' title='bbox 969 1421 1077 1496; x_wconf 90' lang='lat' dir='ltr'><strong>Nulla</strong></span> <span class='ocrx_word' id='word_1_45' title='bbox 1102 1450 1218 1501; x_wconf 86' lang='grc'><strong>111111</strong></span> 
     </span>
     <span class='ocr_line' id='line_1_7' title="bbox 130 1544 1217 1643; baseline 0.005 -25"><span class='ocrx_word' id='word_1_46' title='bbox 130 1547 279 1643; x_wconf 86' lang='lat' dir='ltr'><strong>paritas,</strong></span> <span class='ocrx_word' id='word_1_47' title='bbox 299 1547 395 1617; x_wconf 88' lang='lat' dir='ltr'><strong>nulla</strong></span> <span class='ocrx_word' id='word_1_48' title='bbox 413 1545 591 1639; x_wconf 83' lang='lat' dir='ltr'>proportio</span> <span class='ocrx_word' id='word_1_49' title='bbox 611 1552 677 1617; x_wconf 91' lang='lat' dir='ltr'><strong>est.</strong></span> <span class='ocrx_word' id='word_1_50' title='bbox 699 1544 783 1616; x_wconf 90' lang='lat' dir='ltr'><strong>Inde</strong></span> <span class='ocrx_word' id='word_1_51' title='bbox 803 1545 950 1629; x_wconf 83' lang='lat' dir='ltr'><strong>serrum,</strong></span> <span class='ocrx_word' id='word_1_52' title='bbox 978 1545 1065 1619; x_wconf 91' lang='lat' dir='ltr'><strong>hinc</strong></span> <span class='ocrx_word' id='word_1_53' title='bbox 1084 1549 1217 1635; x_wconf 88' lang='lat' dir='ltr'><strong>lutnm;</strong></span> 
     </span>
     <span class='ocr_line' id='line_1_8' title="bbox 132 1664 1217 1759; baseline 0.009 -23"><span class='ocrx_word' id='word_1_54' title='bbox 132 1668 212 1741; x_wconf 93' lang='lat' dir='ltr'><strong>inde</strong></span> <span class='ocrx_word' id='word_1_55' title='bbox 231 1668 338 1759; x_wconf 82' lang='lat' dir='ltr'><strong>ignis,</strong></span> <span class='ocrx_word' id='word_1_56' title='bbox 365 1666 446 1739; x_wconf 92' lang='lat' dir='ltr'><strong>hinc</strong></span> <span class='ocrx_word' id='word_1_57' title='bbox 472 1668 620 1759; x_wconf 89' lang='lat' dir='ltr'><strong>stipula;</strong></span> <span class='ocrx_word' id='word_1_58' title='bbox 646 1666 727 1738; x_wconf 92' lang='lat' dir='ltr'><strong>inde</strong></span> <span class='ocrx_word' id='word_1_59' title='bbox 751 1664 907 1758; x_wconf 80' lang='lat' dir='ltr'><strong>fingendi</strong></span> <span class='ocrx_word' id='word_1_60' title='bbox 932 1669 1114 1757; x_wconf 88' lang='lat' dir='ltr'><strong>celeritas,</strong></span> <span class='ocrx_word' id='word_1_61' title='bbox 1143 1674 1217 1746; x_wconf 87' lang='lat' dir='ltr'><strong>binc</strong></span> 
     </span>
     <span class='ocr_line' id='line_1_9' title="bbox 131 1787 1215 1874; baseline 0.008 -14"><span class='ocrx_word' id='word_1_62' title='bbox 131 1790 275 1862; x_wconf 81' lang='lat' dir='ltr'><strong>facilitas</strong></span> <span class='ocrx_word' id='word_1_63' title='bbox 292 1788 470 1873; x_wconf 60' lang='lat' dir='ltr'><strong>credendo</strong></span> <span class='ocrx_word' id='word_1_64' title='bbox 488 1790 569 1862; x_wconf 91' lang='lat' dir='ltr'><strong>inde</strong></span> <span class='ocrx_word' id='word_1_65' title='bbox 582 1790 662 1861; x_wconf 89' lang='lat' dir='ltr'><strong>unci</strong></span> <span class='ocrx_word' id='word_1_66' title='bbox 675 1787 956 1874; x_wconf 89' lang='lat' dir='ltr'><strong>innumerabiles,</strong></span> <span class='ocrx_word' id='word_1_67' title='bbox 976 1789 1062 1864; x_wconf 91' lang='lat' dir='ltr'><strong>binc</strong></span> <span class='ocrx_word' id='word_1_68' title='bbox 1074 1795 1215 1869; x_wconf 89' lang='lat' dir='ltr'><strong>totidem</strong></span> 
     </span>
     <span class='ocr_line' id='line_1_10' title="bbox 131 1910 1214 2004; baseline 0.009 -20"><span class='ocrx_word' id='word_1_69' title='bbox 131 1934 228 1985; x_wconf 86' lang='lat' dir='ltr'><strong>ansae</strong></span> <span class='ocrx_word' id='word_1_70' title='bbox 247 1922 338 1985; x_wconf 88' lang='lat' dir='ltr'><strong>sunt.</strong></span> <span class='ocrx_word' id='word_1_71' title='bbox 356 1912 455 1985; x_wconf 91' lang='lat' dir='ltr'><strong>Nosti</strong></span> <span class='ocrx_word' id='word_1_72' title='bbox 475 1912 606 1996; x_wconf 89' lang='lat' dir='ltr'><strong>omnia,</strong></span> <span class='ocrx_word' id='word_1_73' title='bbox 628 1921 665 1981; x_wconf 89' lang='lat' dir='ltr'><strong>et</strong></span> <span class='ocrx_word' id='word_1_74' title='bbox 683 1930 896 2004; x_wconf 87' lang='lat' dir='ltr'><strong>quamquam</strong></span> <span class='ocrx_word' id='word_1_75' title='bbox 917 1910 964 1983; x_wconf 88' lang='lat' dir='ltr'><strong>ab</strong></span> <span class='ocrx_word' id='word_1_76' title='bbox 981 1912 1039 1985; x_wconf 92' lang='lat' dir='ltr'><strong>his</strong></span> <span class='ocrx_word' id='word_1_77' title='bbox 1061 1925 1099 1989; x_wconf 86' lang='lat' dir='ltr'><strong>te</strong></span> <span class='ocrx_word' id='word_1_78' title='bbox 1127 1920 1214 1992; x_wconf 88' lang='lat' dir='ltr'><strong>curis</strong></span> 
     </span>
     <span class='ocr_line' id='line_1_11' title="bbox 131 2032 1216 2130; baseline 0.006 -24"><span class='ocrx_word' id='word_1_79' title='bbox 131 2044 218 2106; x_wconf 89' lang='lat' dir='ltr'><strong>aetas</strong></span> <span class='ocrx_word' id='word_1_80' title='bbox 244 2034 469 2118; x_wconf 76' lang='lat' dir='ltr'><strong>abstraxerit,</strong></span> <span class='ocrx_word' id='word_1_81' title='bbox 500 2033 547 2104; x_wconf 90' lang='lat' dir='ltr'><strong>nil</strong></span> <span class='ocrx_word' id='word_1_82' title='bbox 573 2032 634 2104; x_wconf 90' lang='lat' dir='ltr'><strong>tibi</strong></span> <span class='ocrx_word' id='word_1_83' title='bbox 662 2043 778 2107; x_wconf 89' lang='lat' dir='ltr'><strong>tamen</strong></span> <span class='ocrx_word' id='word_1_84' title='bbox 803 2032 961 2123; x_wconf 79' lang='lat' dir='ltr'><strong>ignotum</strong></span> <span class='ocrx_word' id='word_1_85' title='bbox 991 2037 1132 2130; x_wconf 88' lang='lat' dir='ltr'><strong>loquor.</strong></span> <span class='ocrx_word' id='word_1_86' title='bbox 1159 2042 1216 2112; x_wconf 87' lang='lat' dir='ltr'><strong>Pa·</strong></span> 
     </span>
     <span class='ocr_line' id='line_1_12' title="bbox 131 2154 1214 2232; baseline 0.006 -6"><span class='ocrx_word' id='word_1_87' title='bbox 131 2180 209 2228; x_wconf 91' lang='lat' dir='ltr'><strong>rum</strong></span> <span class='ocrx_word' id='word_1_88' title='bbox 222 2178 267 2228; x_wconf 89' lang='grc'><strong>11</strong></span> <span class='ocrx_word' id='word_1_89' title='bbox 280 2154 334 2228; x_wconf 93' lang='lat' dir='ltr'><strong>his</strong></span> <span class='ocrx_word' id='word_1_90' title='bbox 348 2156 458 2228; x_wconf 91' lang='lat' dir='ltr'><strong>fidere</strong></span> <span class='ocrx_word' id='word_1_91' title='bbox 469 2155 626 2228; x_wconf 88' lang='lat' dir='ltr'><strong>Plautina</strong></span> <span class='ocrx_word' id='word_1_92' title='bbox 640 2154 701 2226; x_wconf 90' lang='lat' dir='ltr'><strong>tibi</strong></span> <span class='ocrx_word' id='word_1_93' title='bbox 713 2155 854 2227; x_wconf 88' lang='lat' dir='ltr'><strong>videtur</strong></span> <span class='ocrx_word' id='word_1_94' title='bbox 871 2176 961 2227; x_wconf 88' lang='lat' dir='ltr'><strong>anus</strong></span> <span class='ocrx_word' id='word_1_95' title='bbox 978 2156 1015 2229; x_wconf 88' lang='lat' dir='ltr'><strong>in</strong></span> <span class='ocrx_word' id='word_1_96' title='bbox 1032 2157 1214 2232; x_wconf 75' lang='lat' dir='ltr'><strong>Asiaene?</strong></span> 
     </span>
     <span class='ocr_line' id='line_1_13' title="bbox 130 2275 1212 2374; baseline 0.003 -25"><span class='ocrx_word' id='word_1_97' title='bbox 130 2277 218 2361; x_wconf 84' lang='lat' dir='ltr'><strong>Quae</strong></span> <span class='ocrx_word' id='word_1_98' title='bbox 240 2278 411 2350; x_wconf 90' lang='lat' dir='ltr'><strong>tumidum</strong></span> <span class='ocrx_word' id='word_1_99' title='bbox 431 2289 467 2350; x_wconf 92' lang='grc'><strong>11</strong></span> <span class='ocrx_word' id='word_1_100' title='bbox 482 2279 652 2350; x_wconf 85' lang='lat' dir='ltr'><strong>minacem</strong></span> <span class='ocrx_word' id='word_1_101' title='bbox 670 2275 926 2348; x_wconf 82' lang='lat' dir='ltr'><strong>adolescentem</strong></span> <span class='ocrx_word' id='word_1_102' title='bbox 943 2277 995 2364; x_wconf 81' lang='lat' dir='ltr'><strong>sic</strong></span> <span class='ocrx_word' id='word_1_103' title='bbox 1013 2281 1212 2374; x_wconf 88' lang='lat' dir='ltr'><strong>alloquitur:</strong></span> 
     </span>
    </p>
   </div>
   <div class='ocr_carea' id='block_1_3' title="bbox 130 2473 1211 2755">
    <p class='ocr_par' dir='ltr' id='par_1_3' title="bbox 130 2473 1211 2755">
     <span class='ocr_line' id='line_1_14' title="bbox 130 2473 1032 2556; baseline 0.01 -22"><span class='ocrx_word' id='word_1_104' title='bbox 130 2473 223 2537; x_wconf 80' lang='lat' dir='ltr'><strong>Fixus</strong></span> <span class='ocrx_word' id='word_1_105' title='bbox 240 2481 285 2536; x_wconf 91' lang='lat' dir='ltr'><strong>est</strong></span> <span class='ocrx_word' id='word_1_106' title='bbox 301 2476 349 2537; x_wconf 82' lang='lat' dir='ltr'><strong>liic</strong></span> <span class='ocrx_word' id='word_1_107' title='bbox 366 2476 445 2556; x_wconf 90' lang='lat' dir='ltr'><strong>apud</strong></span> <span class='ocrx_word' id='word_1_108' title='bbox 462 2492 516 2537; x_wconf 91' lang='lat' dir='ltr'><strong>nos</strong></span> <span class='ocrx_word' id='word_1_109' title='bbox 534 2477 654 2538; x_wconf 89' lang='lat' dir='ltr'><strong>animus</strong></span> <span class='ocrx_word' id='word_1_110' title='bbox 672 2483 743 2538; x_wconf 90' lang='lat' dir='ltr'><strong>tuus</strong></span> <span class='ocrx_word' id='word_1_111' title='bbox 758 2476 845 2539; x_wconf 89' lang='lat' dir='ltr'><strong>clavo</strong></span> <span class='ocrx_word' id='word_1_112' title='bbox 861 2477 1032 2556; x_wconf 86' lang='lat' dir='ltr'><strong>cupidinis:</strong></span> 
     </span>
     <span class='ocr_line' id='line_1_15' title="bbox 131 2571 991 2654; baseline 0.005 -21"><span class='ocrx_word' id='word_1_113' title='bbox 131 2571 268 2649; x_wconf 82' lang='lat' dir='ltr'><strong>Remigio</strong></span> <span class='ocrx_word' id='word_1_114' title='bbox 287 2572 417 2651; x_wconf 87' lang='lat' dir='ltr'><strong>veloque</strong></span> <span class='ocrx_word' id='word_1_115' title='bbox 434 2580 583 2651; x_wconf 89' lang='lat' dir='ltr'><strong>quantum</strong></span> <span class='ocrx_word' id='word_1_116' title='bbox 599 2575 715 2653; x_wconf 89' lang='lat' dir='ltr'><strong>poteris</strong></span> <span class='ocrx_word' id='word_1_117' title='bbox 732 2576 839 2638; x_wconf 77' lang='lat' dir='ltr'><strong>lest-ina</strong></span> <span class='ocrx_word' id='word_1_118' title='bbox 857 2581 888 2637; x_wconf 90' lang='lat' dir='ltr'><strong>et</strong></span> <span class='ocrx_word' id='word_1_119' title='bbox 904 2575 991 2654; x_wconf 80' lang='lat' dir='ltr'><strong>fuge;</strong></span> 
     </span>
     <span class='ocr_line' id='line_1_16' title="bbox 131 2670 1211 2755; baseline 0.015 -23"><span class='ocrx_word' id='word_1_120' title='bbox 131 2671 228 2741; x_wconf 89' lang='lat' dir='ltr'><strong>Quam</strong></span> <span class='ocrx_word' id='word_1_121' title='bbox 242 2672 339 2746; x_wconf 80' lang='lat' dir='ltr'><strong>magis</strong></span> <span class='ocrx_word' id='word_1_122' title='bbox 349 2678 378 2733; x_wconf 91' lang='lat' dir='ltr'><strong>te</strong></span> <span class='ocrx_word' id='word_1_123' title='bbox 389 2672 420 2732; x_wconf 94' lang='lat' dir='ltr'><strong>in</strong></span> <span class='ocrx_word' id='word_1_124' title='bbox 431 2670 526 2734; x_wconf 92' lang='lat' dir='ltr'><strong>altum</strong></span> <span class='ocrx_word' id='word_1_125' title='bbox 536 2673 680 2751; x_wconf 85' lang='lat' dir='ltr'><strong>capessis,</strong></span> <span class='ocrx_word' id='word_1_126' title='bbox 693 2680 754 2737; x_wconf 91' lang='lat' dir='ltr'><strong>tam</strong></span> <span class='ocrx_word' id='word_1_127' title='bbox 766 2679 858 2736; x_wconf 86' lang='lat' dir='ltr'><strong>aestus</strong></span> <span class='ocrx_word' id='word_1_128' title='bbox 869 2681 897 2736; x_wconf 89' lang='lat' dir='ltr'><strong>te</strong></span> <span class='ocrx_word' id='word_1_129' title='bbox 908 2675 940 2738; x_wconf 94' lang='lat' dir='ltr'><strong>in</strong></span> <span class='ocrx_word' id='word_1_130' title='bbox 951 2682 1081 2755; x_wconf 90' lang='lat' dir='ltr'><strong>portum</strong></span> <span class='ocrx_word' id='word_1_131' title='bbox 1095 2683 1211 2747; x_wconf 85' lang='grc'><strong>1111111.</strong></span> 
     </span>
    </p>
   </div>
   <div class='ocr_carea' id='block_1_4' title="bbox 126 2879 1218 4195">
    <p class='ocr_par' dir='ltr' id='par_1_4' title="bbox 126 2879 1218 4195">
     <span class='ocr_line' id='line_1_17' title="bbox 130 2879 1214 2975; baseline 0.017 -28"><span class='ocrx_word' id='word_1_132' title='bbox 130 2880 260 2951; x_wconf 89' lang='lat' dir='ltr'><strong>Secura</strong></span> <span class='ocrx_word' id='word_1_133' title='bbox 284 2889 359 2950; x_wconf 92' lang='grc'><strong>1111</strong></span> <span class='ocrx_word' id='word_1_134' title='bbox 384 2879 485 2952; x_wconf 91' lang='lat' dir='ltr'><strong>valde</strong></span> <span class='ocrx_word' id='word_1_135' title='bbox 512 2882 634 2953; x_wconf 90' lang='lat' dir='ltr'><strong>mulier</strong></span> <span class='ocrx_word' id='word_1_136' title='bbox 660 2880 830 2965; x_wconf 87' lang='lat' dir='ltr'><strong>venefica,</strong></span> <span class='ocrx_word' id='word_1_137' title='bbox 862 2905 944 2975; x_wconf 89' lang='lat' dir='ltr'><strong>quae</strong></span> <span class='ocrx_word' id='word_1_138' title='bbox 975 2886 1108 2961; x_wconf 87' lang='lat' dir='ltr'><strong>talibus</strong></span> <span class='ocrx_word' id='word_1_139' title='bbox 1136 2891 1214 2964; x_wconf 81' lang='lat' dir='ltr'><strong>ado</strong></span> 
     </span>
     <span class='ocr_line' id='line_1_18' title="bbox 129 3002 1215 3099; baseline 0.01 -28"><span class='ocrx_word' id='word_1_140' title='bbox 129 3003 333 3074; x_wconf 90' lang='lat' dir='ltr'><strong>lescentinm</strong></span> <span class='ocrx_word' id='word_1_141' title='bbox 356 3003 579 3075; x_wconf 88' lang='lat' dir='ltr'><strong>successibus</strong></span> <span class='ocrx_word' id='word_1_142' title='bbox 600 3006 736 3097; x_wconf 89' lang='lat' dir='ltr'><strong>plenam</strong></span> <span class='ocrx_word' id='word_1_143' title='bbox 760 3002 867 3074; x_wconf 88' lang='lat' dir='ltr'><strong>vitam</strong></span> <span class='ocrx_word' id='word_1_144' title='bbox 886 3009 1107 3099; x_wconf 85' lang='lat' dir='ltr'><strong>experiendo</strong></span> <span class='ocrx_word' id='word_1_145' title='bbox 1129 3014 1215 3086; x_wconf 90' lang='lat' dir='ltr'><strong>didi-</strong></span> 
     </span>
     <span class='ocr_line' id='line_1_19' title="bbox 128 3125 1214 3218; baseline 0.01 -22"><span class='ocrx_word' id='word_1_146' title='bbox 128 3127 310 3198; x_wconf 81' lang='grc' dir='ltr'><strong>11111.Αά</strong></span> <span class='ocrx_word' id='word_1_147' title='bbox 335 3128 412 3199; x_wconf 85' lang='lat' dir='ltr'><strong>haec</strong></span> <span class='ocrx_word' id='word_1_148' title='bbox 437 3150 505 3218; x_wconf 82' lang='lat' dir='ltr'><strong>ego</strong></span> <span class='ocrx_word' id='word_1_149' title='bbox 530 3125 591 3196; x_wconf 93' lang='lat' dir='ltr'><strong>tibi</strong></span> <span class='ocrx_word' id='word_1_150' title='bbox 611 3149 703 3197; x_wconf 92' lang='lat' dir='ltr'><strong>nunc</strong></span> <span class='ocrx_word' id='word_1_151' title='bbox 729 3125 812 3196; x_wconf 92' lang='lat' dir='ltr'><strong>nihil</strong></span> <span class='ocrx_word' id='word_1_152' title='bbox 836 3126 1040 3213; x_wconf 89' lang='lat' dir='ltr'><strong>adiecerim,</strong></span> <span class='ocrx_word' id='word_1_153' title='bbox 1062 3133 1135 3204; x_wconf 92' lang='lat' dir='ltr'><strong>nisi</strong></span> <span class='ocrx_word' id='word_1_154' title='bbox 1153 3133 1214 3207; x_wconf 90' lang='lat' dir='ltr'><strong>boc</strong></span> 
     </span>
     <span class='ocr_line' id='line_1_20' title="bbox 129 3247 1213 3343; baseline 0.013 -28"><span class='ocrx_word' id='word_1_155' title='bbox 129 3270 259 3317; x_wconf 89' lang='lat' dir='ltr'><strong>unum:</strong></span> <span class='ocrx_word' id='word_1_156' title='bbox 285 3257 323 3317; x_wconf 93' lang='grc'><strong>11</strong></span> <span class='ocrx_word' id='word_1_157' title='bbox 342 3249 474 3338; x_wconf 78' lang='lat' dir='ltr'><strong>cogites</strong></span> <span class='ocrx_word' id='word_1_158' title='bbox 495 3250 595 3343; x_wconf 89' lang='lat' dir='ltr'><strong>lapsu</strong></span> <span class='ocrx_word' id='word_1_159' title='bbox 616 3247 782 3342; x_wconf 88' lang='lat' dir='ltr'><strong>temporis</strong></span> <span class='ocrx_word' id='word_1_160' title='bbox 799 3270 902 3318; x_wconf 90' lang='lat' dir='ltr'><strong>ruere</strong></span> <span class='ocrx_word' id='word_1_161' title='bbox 922 3248 1067 3342; x_wconf 90' lang='lat' dir='ltr'><strong>quidem</strong></span> <span class='ocrx_word' id='word_1_162' title='bbox 1093 3255 1213 3339; x_wconf 86' lang='lat' dir='ltr'><strong>urbes,</strong></span> 
     </span>
     <span class='ocr_line' id='line_1_21' title="bbox 129 3369 1215 3470; baseline 0.015 -36"><span class='ocrx_word' id='word_1_163' title='bbox 129 3388 239 3459; x_wconf 79' lang='lat' dir='ltr'><strong>regna</strong></span> <span class='ocrx_word' id='word_1_164' title='bbox 259 3371 455 3453; x_wconf 78' lang='lat' dir='ltr'><strong>transferri,</strong></span> <span class='ocrx_word' id='word_1_165' title='bbox 480 3369 605 3441; x_wconf 91' lang='lat' dir='ltr'><strong>variari</strong></span> <span class='ocrx_word' id='word_1_166' title='bbox 632 3369 787 3452; x_wconf 92' lang='lat' dir='ltr'><strong>babitus,</strong></span> <span class='ocrx_word' id='word_1_167' title='bbox 810 3369 969 3441; x_wconf 90' lang='lat' dir='ltr'><strong>innovari</strong></span> <span class='ocrx_word' id='word_1_168' title='bbox 989 3372 1116 3464; x_wconf 79' lang='lat' dir='ltr'><strong>leges:</strong></span> <span class='ocrx_word' id='word_1_169' title='bbox 1136 3400 1215 3470; x_wconf 83' lang='lat' dir='ltr'><strong>quae</strong></span> 
     </span>
     <span class='ocr_line' id='line_1_22' title="bbox 128 3491 1216 3575; baseline 0.009 -14"><span class='ocrx_word' id='word_1_170' title='bbox 128 3512 214 3561; x_wconf 87' lang='lat' dir='ltr'><strong>vero</strong></span> <span class='ocrx_word' id='word_1_171' title='bbox 234 3492 439 3562; x_wconf 87' lang='lat' dir='ltr'><strong>naturaliter</strong></span> <span class='ocrx_word' id='word_1_172' title='bbox 460 3499 554 3574; x_wconf 92' lang='lat' dir='ltr'><strong>sunt,</strong></span> <span class='ocrx_word' id='word_1_173' title='bbox 573 3513 642 3560; x_wconf 90' lang='lat' dir='ltr'><strong>non</strong></span> <span class='ocrx_word' id='word_1_174' title='bbox 660 3493 798 3575; x_wconf 89' lang='lat' dir='ltr'><strong>mutari,</strong></span> <span class='ocrx_word' id='word_1_175' title='bbox 821 3501 856 3561; x_wconf 92' lang='lat' dir='ltr'><strong>et</strong></span> <span class='ocrx_word' id='word_1_176' title='bbox 876 3491 1010 3563; x_wconf 90' lang='lat' dir='ltr'><strong>animos</strong></span> <span class='ocrx_word' id='word_1_177' title='bbox 1031 3493 1216 3571; x_wconf 90' lang='lat' dir='ltr'><strong>hominum</strong></span> 
     </span>
     <span class='ocr_line' id='line_1_23' title="bbox 127 3611 1216 3716; baseline 0.011 -35"><span class='ocrx_word' id='word_1_178' title='bbox 127 3622 163 3681; x_wconf 92' lang='lat' dir='ltr'><strong>et</strong></span> <span class='ocrx_word' id='word_1_179' title='bbox 188 3613 381 3683; x_wconf 90' lang='lat' dir='ltr'><strong>animorum</strong></span> <span class='ocrx_word' id='word_1_180' title='bbox 409 3611 548 3683; x_wconf 89' lang='lat' dir='ltr'><strong>morbos</strong></span> <span class='ocrx_word' id='word_1_181' title='bbox 572 3633 679 3706; x_wconf 92' lang='lat' dir='ltr'><strong>prope</strong></span> <span class='ocrx_word' id='word_1_182' title='bbox 702 3635 822 3684; x_wconf 88' lang='lat' dir='ltr'><strong>omnes</strong></span> <span class='ocrx_word' id='word_1_183' title='bbox 848 3614 991 3686; x_wconf 90' lang='lat' dir='ltr'><strong>eosdem</strong></span> <span class='ocrx_word' id='word_1_184' title='bbox 1019 3638 1119 3706; x_wconf 91' lang='lat' dir='ltr'><strong>esse,</strong></span> <span class='ocrx_word' id='word_1_185' title='bbox 1158 3625 1216 3716; x_wconf 91' lang='lat' dir='ltr'><strong>qni</strong></span> 
     </span>
     <span class='ocr_line' id='line_1_24' title="bbox 126 3732 1217 3825; baseline 0.014 -23"><span class='ocrx_word' id='word_1_186' title='bbox 126 3733 256 3805; x_wconf 86' lang='lat' dir='ltr'><strong>suerint</strong></span> <span class='ocrx_word' id='word_1_187' title='bbox 284 3735 367 3807; x_wconf 90' lang='lat' dir='ltr'><strong>dum</strong></span> <span class='ocrx_word' id='word_1_188' title='bbox 395 3734 537 3804; x_wconf 89' lang='lat' dir='ltr'><strong>Plautus</strong></span> <span class='ocrx_word' id='word_1_189' title='bbox 567 3733 635 3803; x_wconf 89' lang='lat' dir='ltr'><strong>ista</strong></span> <span class='ocrx_word' id='word_1_190' title='bbox 658 3732 820 3825; x_wconf 82' lang='lat' dir='ltr'><strong>fingebat.</strong></span> <span class='ocrx_word' id='word_1_191' title='bbox 855 3737 956 3820; x_wconf 88' lang='lat' dir='ltr'><strong>Quod</strong></span> <span class='ocrx_word' id='word_1_192' title='bbox 976 3736 1111 3812; x_wconf 90' lang='lat' dir='ltr'><strong>abhoc</strong></span> <span class='ocrx_word' id='word_1_193' title='bbox 1131 3765 1217 3816; x_wconf 91' lang='lat' dir='ltr'><strong>sane</strong></span> 
     </span>
     <span class='ocr_line' id='line_1_25' title="bbox 127 3847 1218 3950; baseline 0.012 -24"><span class='ocrx_word' id='word_1_194' title='bbox 127 3856 250 3927; x_wconf 92' lang='lat' dir='ltr'><strong>crebro</strong></span> <span class='ocrx_word' id='word_1_195' title='bbox 270 3856 391 3927; x_wconf 89' lang='lat' dir='ltr'><strong>iactari</strong></span> <span class='ocrx_word' id='word_1_196' title='bbox 413 3847 552 3926; x_wconf 89' lang='lat' dir='ltr'><strong>solitu&#39;m</strong></span> <span class='ocrx_word' id='word_1_197' title='bbox 573 3856 636 3939; x_wconf 89' lang='lat' dir='ltr'><strong>ais,</strong></span> <span class='ocrx_word' id='word_1_198' title='bbox 665 3857 796 3929; x_wconf 89' lang='lat' dir='ltr'><strong>arsisse</strong></span> <span class='ocrx_word' id='word_1_199' title='bbox 817 3880 855 3929; x_wconf 91' lang='lat' dir='ltr'><strong>se</strong></span> <span class='ocrx_word' id='word_1_200' title='bbox 881 3857 1037 3950; x_wconf 90' lang='lat' dir='ltr'><strong>quidem,</strong></span> <span class='ocrx_word' id='word_1_201' title='bbox 1054 3864 1122 3936; x_wconf 91' lang='lat' dir='ltr'><strong>sed</strong></span> <span class='ocrx_word' id='word_1_202' title='bbox 1142 3888 1218 3937; x_wconf 90' lang='lat' dir='ltr'><strong>am-</strong></span> 
     </span>
     <span class='ocr_line' id='line_1_26' title="bbox 126 3976 1217 4073; baseline 0.013 -25"><span class='ocrx_word' id='word_1_203' title='bbox 126 3981 218 4070; x_wconf 90' lang='lat' dir='ltr'><strong>plius</strong></span> <span class='ocrx_word' id='word_1_204' title='bbox 239 4000 308 4048; x_wconf 91' lang='lat' dir='ltr'><strong>non</strong></span> <span class='ocrx_word' id='word_1_205' title='bbox 328 3978 466 4062; x_wconf 86' lang='lat' dir='ltr'><strong>ardere,</strong></span> <span class='ocrx_word' id='word_1_206' title='bbox 490 3977 520 4049; x_wconf 89' lang='lat' dir='ltr'><strong>si</strong></span> <span class='ocrx_word' id='word_1_207' title='bbox 540 3976 575 4048; x_wconf 91' lang='lat' dir='ltr'><strong>id</strong></span> <span class='ocrx_word' id='word_1_208' title='bbox 596 3978 728 4071; x_wconf 89' lang='lat' dir='ltr'><strong>passim</strong></span> <span class='ocrx_word' id='word_1_209' title='bbox 743 3980 921 4073; x_wconf 84' lang='lat' dir='ltr'><strong>praedicat,</strong></span> <span class='ocrx_word' id='word_1_210' title='bbox 942 3981 1084 4073; x_wconf 79' lang='lat' dir='ltr'><strong>signum</strong></span> <span class='ocrx_word' id='word_1_211' title='bbox 1100 3988 1136 4059; x_wconf 91' lang='lat' dir='ltr'><strong>in</strong></span> <span class='ocrx_word' id='word_1_212' title='bbox 1150 3989 1217 4062; x_wconf 91' lang='lat' dir='ltr'><strong>hcc</strong></span> 
     </span>
     <span class='ocr_line' id='line_1_27' title="bbox 127 4100 1158 4195; baseline 0.012 -25"><span class='ocrx_word' id='word_1_213' title='bbox 127 4101 249 4173; x_wconf 91' lang='lat' dir='ltr'><strong>morbo</strong></span> <span class='ocrx_word' id='word_1_214' title='bbox 267 4102 482 4173; x_wconf 87' lang='lat' dir='ltr'><strong>mortiferum</strong></span> <span class='ocrx_word' id='word_1_215' title='bbox 496 4111 561 4172; x_wconf 92' lang='lat' dir='ltr'><strong>est.</strong></span> <span class='ocrx_word' id='word_1_216' title='bbox 576 4100 689 4173; x_wconf 89' lang='lat' dir='ltr'><strong>Scitus</strong></span> <span class='ocrx_word' id='word_1_217' title='bbox 707 4113 762 4174; x_wconf 90' lang='lat' dir='ltr'><strong>est</strong></span> <span class='ocrx_word' id='word_1_218' title='bbox 778 4104 926 4176; x_wconf 90' lang='lat' dir='ltr'><strong>Nasonis</strong></span> <span class='ocrx_word' id='word_1_219' title='bbox 940 4108 1158 4195; x_wconf 90' lang='lat' dir='ltr'><strong>versiculus,</strong></span> 
     </span>
    </p>
   </div>
   <div class='ocr_carea' id='block_1_5' title="bbox 288 4285 1055 4368">
    <p class='ocr_par' dir='ltr' id='par_1_5' title="bbox 288 4285 1055 4368">
     <span class='ocr_line' id='line_1_28' title="bbox 288 4285 1055 4368; baseline 0.013 -21"><span class='ocrx_word' id='word_1_220' title='bbox 288 4285 346 4359; x_wconf 86' lang='lat' dir='ltr'><strong>Qui</strong></span> <span class='ocrx_word' id='word_1_221' title='bbox 364 4286 495 4350; x_wconf 91' lang='lat' dir='ltr'><strong>nimium</strong></span> <span class='ocrx_word' id='word_1_222' title='bbox 512 4288 616 4351; x_wconf 89' lang='lat' dir='ltr'><strong>multis</strong></span> <span class='ocrx_word' id='word_1_223' title='bbox 637 4305 722 4352; x_wconf 83' lang='lat' dir='ltr'><strong>«non</strong></span> <span class='ocrx_word' id='word_1_224' title='bbox 740 4305 836 4353; x_wconf 82' lang='lat' dir='ltr'><strong>amo»</strong></span> <span class='ocrx_word' id='word_1_225' title='bbox 857 4292 944 4368; x_wconf 90' lang='lat' dir='ltr'><strong>dicit,</strong></span> <span class='ocrx_word' id='word_1_226' title='bbox 963 4302 1055 4357; x_wconf 90' lang='lat' dir='ltr'><strong>amat.</strong></span> 
     </span>
    </p>
   </div>
   <div class='ocr_carea' id='block_1_6' title="bbox 125 4460 1218 4674">
    <p class='ocr_par' dir='ltr' id='par_1_6' title="bbox 125 4460 1218 4674">
     <span class='ocr_line' id='line_1_29' title="bbox 125 4460 1218 4561; baseline 0.019 -33"><span class='ocrx_word' id='word_1_227' title='bbox 125 4460 200 4530; x_wconf 93' lang='lat' dir='ltr'><strong>Non</strong></span> <span class='ocrx_word' id='word_1_228' title='bbox 214 4460 345 4544; x_wconf 89' lang='lat' dir='ltr'><strong>verbis,</strong></span> <span class='ocrx_word' id='word_1_229' title='bbox 370 4461 432 4535; x_wconf 89' lang='lat' dir='ltr'><strong>sed</strong></span> <span class='ocrx_word' id='word_1_230' title='bbox 444 4464 609 4557; x_wconf 86' lang='lat' dir='ltr'><strong>operibns</strong></span> <span class='ocrx_word' id='word_1_231' title='bbox 629 4467 750 4538; x_wconf 89' lang='lat' dir='ltr'><strong>credo:</strong></span> <span class='ocrx_word' id='word_1_232' title='bbox 767 4466 894 4561; x_wconf 91' lang='lat' dir='ltr'><strong>bisque</strong></span> <span class='ocrx_word' id='word_1_233' title='bbox 914 4489 984 4538; x_wconf 91' lang='lat' dir='ltr'><strong>non</strong></span> <span class='ocrx_word' id='word_1_234' title='bbox 998 4473 1136 4560; x_wconf 88' lang='lat' dir='ltr'><strong>statim,</strong></span> <span class='ocrx_word' id='word_1_235' title='bbox 1152 4477 1218 4549; x_wconf 88' lang='lat' dir='ltr'><strong>sed</strong></span> 
     </span>
     <span class='ocr_line' id='line_1_30' title="bbox 127 4582 1218 4674; baseline 0.018 -23"><span class='ocrx_word' id='word_1_236' title='bbox 127 4582 156 4651; x_wconf 91' lang='lat' dir='ltr'><strong>si</strong></span> <span class='ocrx_word' id='word_1_237' title='bbox 185 4582 406 4674; x_wconf 89' lang='lat' dir='ltr'><strong>pertinaciter</strong></span> <span class='ocrx_word' id='word_1_238' title='bbox 433 4585 595 4657; x_wconf 89' lang='lat' dir='ltr'><strong>institerit</strong></span> <span class='ocrx_word' id='word_1_239' title='bbox 625 4590 797 4660; x_wconf 90' lang='lat' dir='ltr'><strong>contraria</strong></span> <span class='ocrx_word' id='word_1_240' title='bbox 831 4589 904 4661; x_wconf 90' lang='lat' dir='ltr'><strong>vita</strong></span> <span class='ocrx_word' id='word_1_241' title='bbox 940 4594 1098 4666; x_wconf 88' lang='lat' dir='ltr'><strong>maculas</strong></span> <span class='ocrx_word' id='word_1_242' title='bbox 1130 4599 1218 4671; x_wconf 78' lang='lat' dir='ltr'><strong>vitm</strong></span> 
     </span>
    </p>
   </div>
   <div class='ocr_carea' id='block_1_7' title="bbox 0 0 1350 5024">
    <p class='ocr_par' dir='ltr' id='par_1_7' title="bbox 0 0 1350 5024">
     <span class='ocr_line' id='line_1_31' title="bbox 0 0 1350 5024; baseline 0 1"><span class='ocrx_word' id='word_1_243' title='bbox 0 0 1350 5024; x_wconf 95' lang='lat' dir='ltr'><strong> </strong></span> 
     </span>
    </p>
   </div>
  </div>
 </body>
</html>
