2692 5024
580 707 843 757 PROLEGUHENON.
1219 716 1248 761 ΙΙΙ

169 848 341 929 quindecim
358 846 433 909 alios
449 860 547 908 annos
563 845 680 923 integer
697 846 846 925 integros,
864 865 918 912 nec
938 867 954 912 a
977 850 1136 916 scribendo
1153 870 1250 932 usque

169 954 205 1018 ad
230 965 414 1032 supremum
434 950 507 1013 vitae
528 949 610 1013 diem
634 966 769 1028 unquam
792 953 923 1031 destitit)
952 956 1033 1019 aliud
1054 955 1083 1017 in
1108 957 1250 1019 volumen

169 1059 315 1122 &ollium
331 1057 455 1120 nomine
472 1057 673 1119 amandandus
686 1059 886 1123 constituerit.
899 1060 1001 1132 Quum
1015 1067 1116 1124 tamen
1127 1063 1204 1125 liber
1214 1063 1251 1125 de

170 1165 260 1227 rebus
277 1161 478 1226 familiaribus
494 1162 556 1223 iam
573 1162 645 1224 satis
661 1178 815 1241 superque
830 1165 991 1241 crevisset,
1010 1182 1065 1228 nee
1082 1167 1159 1228 iocati
1173 1167 1251 1227 roto

169 1270 260 1332 minis
276 1273 386 1330 ontom
402 1267 466 1345 ipse
485 1268 680 1328 reascendere
698 1268 801 1345 vellet,
819 1270 882 1331 olio
899 1271 1033 1348 quedam
1054 1271 1187 1333 circadam
1203 1288 1250 1349 pe·

169 1373 253 1435 neria
272 1372 391 1450 scripto
410 1387 475 1450 pute
504 1376 688 1448 superarem
712 1373 765 1434 iilo
791 1375 897 1436 condo
919 1380 1011 1436 entre
1031 1375 1171 1436 ordinem
1189 1375 1251 1436 olio

169 1479 296 1557 qnodnm
311 1476 463 1539 columine
479 1475 614 1553 digessit
632 1477 729 1551 (Fam.
749 1478 798 1542 tto.
814 1479 926 1553 XXIV,
941 1480 998 1542 titt.
1014 1480 1076 1557 ld.)
1090 1478 1251 1541 Nonnullae

171 1584 289 1646 undem
306 1596 384 1659 quas
400 1580 437 1643 de
450 1579 626 1658 reipublice
643 1581 750 1658 mnus,
768 1588 797 1643 et
813 1582 985 1660 praesertim
1003 1582 1039 1644 de
1053 1581 1153 1644 Curiae
1174 1583 1251 1644 Ave-

169 1685 324 1749 nionensis
340 1683 496 1759 moribus,
513 1683 608 1748 nimia
623 1702 765 1765 prorsus,
783 1702 838 1748 nee
854 1686 913 1749 sibi
933 1686 1056 1766 metipsi
1073 1687 1198 1766 probata
1218 1688 1250 1749 li·

170 1791 284 1854 bertate
307 1790 490 1864 dictaverat,
514 1804 612 1867 quum
634 1789 690 1852 sibi
717 1790 772 1868 qui
795 1791 958 1870 scripserat
983 1789 1082 1869 iisque
1109 1793 1148 1854 ad
1172 1808 1251 1870 quos

170 1897 272 1960 musae
288 1896 409 1958 luerent
424 1893 506 1957 haud
522 1894 590 1957 leve
606 1894 791 1974 periculum,
807 1895 834 1956 si
853 1895 883 1955 in
902 1895 1012 1972 vulgus
1026 1897 1198 1971 ederentur,
1212 1899 1250 1959 al·

172 2000 284 2062 laturas
310 2014 375 2063 esse
399 2005 616 2076 cognosceret,
641 1999 716 2060 nulli
743 2000 953 2064 describendas
987 2001 1107 2079 sibique
1133 2007 1251 2063 tantum

172 2106 274 2168 stricte
289 2104 499 2169 custodiendas
518 2118 557 2165 ne
572 2103 610 2167 ad
625 2103 757 2166 aliorum
773 2120 883 2169 manus
895 2104 1092 2185 pervenirent
1107 2121 1200 2184 penes
1218 2120 1251 2168 se

171 2211 233 2291 ipse
257 2210 411 2284 servavit,
432 2222 544 2287 easque
564 2208 640 2272 dixit
666 2210 783 2272 litteras
806 2210 877 2272 Sino
903 2211 1001 2272 titolo.
1029 2209 1250 2282 Quadrilariam

78 2352 81 2357 -
173 2315 262 2393 igitur
278 2312 414 2394 epistolae
430 2326 536 2375 omnes
548 2329 566 2375 a
578 2312 737 2375 Francisco
751 2313 929 2392 conscripta
942 2312 1039 2376 dividi
1050 2312 1168 2383 debent,
1182 2328 1251 2387 qnae

171 2419 281 2482 scilice
296 2424 382 2481 eunt:
400 2418 435 2479 l⁰
451 2417 495 2479 De
511 2417 601 2479 rebus
617 2416 894 2496 familiariorem
914 2416 1051 2476 Senties:
1073 2416 1104 2475 3⁰
1130 2415 1250 2475 Vore'oe:

170 2525 202 2585 ι’
218 2518 291 2586 Sine
305 2523 404 2586 titolo.
500 2598 506 2607 ,

247 2627 311 2691 lam
327 2627 447 2691 verosi
463 2634 587 2691 auctore
603 2628 700 2690 adhue
717 2629 805 2703 vivo,
823 2629 870 2689 uti
892 2643 983 2706 supra
1006 2626 1175 2703 innuimus,
1186 2626 1250 2705 plu·

172 2746 220 2794 res
234 2729 374 2810 epistolis
388 2731 456 2794 eius
472 2730 645 2808 colligendis
663 2748 789 2812 operam
804 2732 962 2806 dederant,
978 2730 1008 2792 in
1025 2737 1170 2810 promptu
1188 2730 1251 2791 cui-

171 2852 262 2915 quam
278 2852 347 2900 esse
362 2836 452 2900 debet
467 2843 535 2917 post
551 2845 685 2900 mortem
702 2839 769 2902 eius
784 2837 938 2901 curiosius
954 2837 985 2899 in
1004 2838 1034 2900 id
1049 2837 1190 2899 homines
1207 2836 1250 2898 in·

172 2934 336 3007 enituisse.¹
352 2942 461 3006 Extant
476 2959 584 3022 reapse
597 2944 721 3009 Codices
738 2942 959 3023 quamplurimi
977 2942 1027 3023 (de
1043 2943 1157 3021 quihus
1173 2943 1251 3004 inire

173 3048 357 3112 enucleatius
373 3048 533 3112 dicendum
549 3047 625 3128 erit)
645 3050 676 3111 in
694 3050 806 3128 quibus
823 3049 916 3110 unius
932 3049 982 3110 vel
999 3047 1123 3109 alterius
1141 3047 1252 3124 speciei

171 3153 305 3233 epistolae
320 3153 440 3218 seculis
454 3154 514 3217 xlv
533 3160 563 3216 et
580 3154 628 3216 llll
646 3155 803 3232 descriptae
821 3151 1030 3214 inveniuntur.
1053 3151 1089 3213 ln
1110 3152 1252 3228 quamvis

172 3272 229 3320 non
246 3272 356 3321 omnes
371 3272 434 3319 uno
451 3258 622 3334 eodemque
638 3257 704 3318 loco
720 3262 931 3330 asserventur,
946 3269 1052 3315 omnes
1065 3259 1166 3317 tamen
1183 3271 1252 3334 que

171 3363 214 3424 m
229 3363 320 3425 renea
335 3363 540 3443 fomilioridoa
560 3362 712 3441 inscriptae
729 3368 812 3436 sunt,
831 3361 930 3423 tribus
947 3359 979 3420 in
1001 3357 1160 3422 codicibus
1178 3360 1250 3423 inte-

173 3484 236 3547 grae
249 3474 401 3550 prostant;
417 3469 596 3548 eaedemque
613 3486 726 3550 sparsae
745 3470 799 3532 hac
820 3469 885 3532 illac
906 3468 1038 3532 diversis
1060 3469 1091 3530 in
1111 3464 1188 3528 locis
1208 3481 1252 3526 re-

172 3571 281 3650 periri,
298 3580 329 3637 et
344 3572 426 3636 iacili
442 3574 565 3652 negotio
582 3573 728 3635 inunum
745 3575 961 3651 integrumque
982 3588 1094 3652 corpus
1113 3576 1252 3649 poterant

172 3675 300 3741 restitui.
323 3677 436 3741 llirum
461 3678 588 3757 proinde
616 3685 660 3740 est
687 3679 770 3757 quod
799 3678 830 3740 in
852 3683 932 3741 tanta
959 3693 1056 3756 eaque
1085 3673 1250 3736 iustissima

170 3776 320 3846 Frmeisci
349 3780 498 3846 Petrarcae
528 3782 765 3859 existimatione,
790 3782 845 3861 qui
872 3781 1014 3862 operibus
1040 3778 1107 3840 eius
1128 3776 1251 3841 edendis

171 3884 284 3963 pluries
299 3886 439 3951 mimum
456 3887 643 3967 applicuere,
660 3904 818 3968 nunquam
834 3889 871 3952 de
885 3885 943 3949 illis
956 3881 1099 3948 omnibus
1111 3882 1249 3961 colligen-

170 3989 216 4053 dis
241 4006 349 4054 euram
376 3992 573 4072 susceperint.
600 3991 725 4056 Factum
747 3994 810 4055 imo
832 3998 878 4054 est
898 3997 932 4052 nt
959 3987 1088 4066 8111111,
1115 3988 1250 4067 itemque

234 4215 242 4247 ¹
257 4212 321 4267 Vide
329 4215 367 4267 111
377 4215 472 4267 relata!
483 4228 498 4266 1
508 4214 675 4281 lencgueltlo
687 4216 787 4279 (Opere,
801 4213 902 4263 Pudore
915 4208 994 4270 tau,
1011 4210 1065 4262 lot.
1076 4213 1101 4270 6,
1112 4227 1170 4276 pop.
1184 4211 1251 4273 498.)

170 4294 294 4349 11111111
306 4294 429 4360 maore
441 4294 473 4346 ltl
485 4295 513 4346 P.
525 4295 558 4348 ll.
571 4296 644 4349 (11111
656 4295 785 4347 iventone
796 4294 812 4345 3
823 4291 883 4343 ldns
894 4290 1001 4356 Augusti
1016 4305 1057 4343 an.
1075 4291 1107 4342 ll'
1122 4292 1251 4357 pontifice

170 4379 212 4425 111
223 4373 296 4436 ebro,
307 4373 401 4437 quibas
410 4372 543 4425 Guillelmo
553 4374 579 4424 8.
592 4374 682 4438 Angeli
693 4373 757 4425 dite
769 4369 897 4423 cardinali
908 4368 1006 4422 vicario
1013 4385 1060 4424 suo
1067 4372 1093 4422 11
1102 4371 1250 4423 1111111111·

170 4452 214 4505 dat
224 4459 254 4504 ut
264 4452 359 4517 sertpu
371 4451 495 4504 Petram
504 4466 587 4518 nuper
597 4453 648 4503 vita
663 4450 744 4503 teneti
759 4457 785 4502 et
795 4449 944 4502 nominatim
954 4451 1137 4515 epistolaaeius
1145 4451 1249 4515 diligan-

170 4540 210 4587 ter
222 4532 341 4600 exquirat
350 4546 492 4599 11111111
503 4534 664 4600 apographon
672 4533 833 4588 1111111111
844 4532 957 4586 descript
966 4539 1047 4584 curet.
