2692 5024
196 679 256 742 300
535 690 577 738 nn
596 688 698 739 nunus
717 688 939 741 rsunrsnuus

196 859 272 932 per,
288 846 360 906 tum
372 835 549 931 praeeipue
565 834 600 904 in
622 833 688 905 hoe
708 842 812 918 statu,
828 832 975 904 brevem
994 834 1104 907 decet
1114 856 1202 909 esse
1217 860 1285 911 ser·

195 980 350 1042 monem,
384 957 444 1050 qui
470 957 505 1026 in
525 954 664 1028 divinas
686 970 792 1027 aures
810 956 965 1028 humano
984 977 1048 1028 ore
1068 960 1286 1033 transfundi·

196 1089 265 1164 tur,
298 1100 409 1172 pauca
430 1078 492 1148 tibi
511 1100 606 1149 nuno
635 1078 750 1148 animo
782 1078 918 1150 affusus
943 1087 981 1150 et
1005 1081 1285 1156 venerabundus

196 1202 329 1293 loquar.
343 1201 485 1272 Lectum
500 1210 598 1271 tunm
610 1199 797 1270 obsessum
811 1199 958 1271 medicis
973 1201 1057 1273 seio.
1073 1203 1167 1275 lliuc
1180 1206 1287 1297 prima

197 1324 283 1394 mihi
311 1322 454 1395 timendi
474 1343 580 1394 causa
607 1332 677 1392 est:
696 1321 900 1393 discordant
919 1323 1012 1394 enim
1034 1323 1082 1395 de
1103 1324 1285 1413 industria,

197 1446 281 1518 dum
306 1447 414 1538 pudet
433 1445 514 1514 nori
535 1442 619 1514 nihil
640 1445 843 1515 afferentem
871 1445 1015 1517 alterius
1043 1447 1206 1519 haesisse
1230 1470 1288 1521 ve-

198 1567 323 1659 stigiis.
340 1567 413 1638 Neo
432 1575 488 1637 est
503 1564 663 1651 dubium,
684 1575 724 1637 ut
736 1568 916 1658 eleganter
932 1567 982 1639 ait
995 1567 1150 1656 Plinius,
1166 1593 1288 1644 omnes

197 1691 285 1762 istos
297 1691 425 1760 lamam
437 1689 595 1760 novitate
614 1688 730 1782 aliqua
751 1699 985 1782 aucupantes,
1007 1692 1150 1764 animas
1174 1697 1287 1767 statim

198 1821 337 1883 nostras
356 1811 544 1903 negociari3
565 1820 601 1883 et
615 1812 649 1881 in
667 1811 734 1883 hnc
755 1813 831 1883 sola
845 1812 971 1883 artium
985 1812 1148 1899 evenire,
1165 1818 1288 1889 utcui-

198 1955 348 2027 cumque
362 1955 401 2005 se
419 1932 593 2004 medicum
612 1931 789 2027 profitenti
812 1932 928 2006 statim
939 1934 1125 2019 credatur,
1148 1958 1235 2010 oum
1248 1938 1288 2011 sit

198 2057 389 2151 periculum
409 2057 445 2126 in
465 2057 559 2128 nullo
588 2055 770 2128 mendacio
791 2057 915 2128 maius.
949 2058 1025 2128 Non
1056 2068 1183 2131 tamen
1206 2062 1285 2135 illud

197 2179 388 2261 iutuemur;
409 2178 498 2251 adeo
514 2178 641 2251 blanda
658 2188 715 2250 est
733 2177 897 2272 sperandi
918 2200 981 2271 pro
1002 2200 1042 2249 se
1056 2180 1196 2274 cuique
1215 2181 1287 2254 dul·

198 2300 293 2372 oedo.
323 2301 423 2371 Nulla
443 2312 614 2393 praeterea
631 2303 690 2371 lex
715 2319 797 2392 quae
817 2300 938 2393 puniat
957 2300 1135 2372 inscitiam
1157 2304 1285 2399 capita

198 2424 282 2504 lem;
303 2423 435 2492 nullum
456 2425 655 2517 exemplum
674 2421 854 2503 viudielae3
877 2422 1017 2493 discunt
1038 2425 1211 2516 periculis
1228 2449 1284 2499 no

199 2544 296 2627 stris,
328 2553 363 2616 et
395 2545 636 2638 experimenta
669 2566 731 2636 per
764 2554 895 2614 mortes
922 2556 1046 2635 agunt3
1077 2547 1285 2643 medicoque

199 2676 347 2748 tantum,
371 2666 543 2735 hominem
566 2665 752 2748 occidisse,
772 2665 958 2758 impunitas
979 2689 1117 2738 summa
1131 2681 1202 2741 est.
1222 2674 1284 2744 Ho-

199 2786 1282 2878 rumturbamvelutiuimicorumaciem,ClementissimePnter,

198 2911 344 2982 intuere.
358 2910 512 2980 instruat
526 2919 559 2979 te
573 2909 663 2979 illius
686 2909 826 2981 infausti
839 2910 1103 3003 epigrammatis
1118 2918 1285 2987 memoria

198 3031 338 3104 inscribi
351 3030 501 3103 iubentis
515 3032 549 3101 in
573 3031 757 3124 sepulchro
770 3032 836 3103 hoe
858 3035 987 3103 solum:
1013 3034 1122 3104 Turta
1143 3036 1285 3107 medico

197 3178 272 3223 rum
288 3157 386 3246 perii.
408 3155 446 3224 ln
466 3164 605 3225 aetatem
637 3165 791 3225 nostram
823 3155 1002 3246 potissime
1028 3156 1174 3229 videtur
1204 3160 1285 3232 inei·

199 3276 295 3347 disse
315 3278 398 3347 illud
416 3277 521 3346 Marci
552 3276 691 3347 Catonis
711 3277 805 3347 senis
832 3277 1050 3348 vaticinium:
1071 3283 1284 3375 quandoque

199 3398 310 3468 Graeei
324 3398 366 3469 ad
382 3420 445 3469 nos
459 3399 592 3469 litteras
607 3421 701 3482 suas,
717 3401 914 3491 praesertim
933 3401 1087 3472 medicos
1123 3405 1286 3476 transmi-

201 3518 343 3604 sissent,
366 3521 480 3592 omuia
502 3531 736 3611 corrupturos.
764 3521 833 3590 Sed
854 3522 936 3613 quia
956 3521 1023 3591 iam
1044 3522 1120 3595 sine
1138 3525 1285 3598 medicis

200 3642 321 3712 vivere
340 3663 409 3711 nou
430 3641 616 3723 audemus,
640 3641 715 3711 sine
731 3642 859 3734 quibus
881 3653 997 3714 tamen
1012 3644 1287 3720 innumerabiles

200 3765 358 3837 nationes
376 3767 463 3837 sorte
481 3764 607 3834 molius
625 3773 729 3856 atque
752 3765 927 3835 salubrius
956 3766 1090 3850 vivunt,
1119 3779 1156 3838 et
1179 3793 1289 3865 popu·

199 3889 255 3958 lus
284 3891 461 3962 Romanus
487 3896 590 3956 aetate
615 3887 875 3970 florentissima,
895 3888 1019 3959 eodem
1052 3898 1142 3960 teste
1164 3892 1284 3978 Plinio,

200 4010 291 4080 ultra
312 4008 607 4080 sexcentesimum
626 4031 752 4080 aunum
776 4010 880 4091 vixit;
903 4032 1010 4081 unum
1026 4009 1084 4081 tibi
1102 4010 1148 4083 de
1167 4016 1288 4087 multis

199 4133 300 4224 elige,
325 4155 394 4204 non
411 4132 621 4224 eloquentia,
645 4134 708 4203 sed
735 4132 877 4203 scientia
897 4144 933 4202 et
954 4130 1022 4203 fide
1043 4137 1288 4229 conspicuum.

200 4254 272 4324 lam
293 4256 384 4325 enim
399 4256 623 4348 professionis
638 4278 712 4326 sure
727 4255 959 4339 immemores
975 4265 1011 4325 et
1031 4255 1190 4330 dumetis
1211 4282 1291 4354 pro-

201 4375 285 4466 priis
313 4377 412 4448 exire
429 4378 527 4462 ausi,
551 4391 730 4471 poetarum
752 4401 888 4463 nemus,
919 4386 954 4450 et
983 4376 1165 4450 rhetorum
1197 4406 1294 4456 cam-

202 4514 284 4585 pum
317 4506 448 4585 petunt,
482 4509 518 4571 et
549 4501 649 4592 quasi
675 4524 743 4572 nou
772 4500 942 4584 curaturi,
975 4499 1039 4571 sed
1065 4508 1292 4594 persuasuri,
