2692 5024
202 678 259 742 lta
540 686 580 735 nn
600 685 701 736 annus
723 685 945 737 ruminamus

201 857 349 932 quorum
371 833 488 906 titulos
516 842 632 916 tenes,
664 842 701 905 et
731 832 887 905 notitiam
913 833 962 906 sis
992 832 1152 928 adeptus.
1185 836 1285 907 Docti

201 969 317 1032 autem
336 957 434 1029 lacile
455 954 659 1028 discernunt
675 954 757 1049 quid
782 957 954 1050 cuiusque
979 957 1176 1053 proprium,
1198 957 1285 1052 quid

201 1084 352 1156 alienum
374 1081 431 1166 sit,
450 1090 486 1152 ot
505 1102 629 1152 rursus
646 1078 731 1174 quid
746 1088 921 1165 mutuum,
949 1079 1034 1174 quid
1053 1081 1281 1176 praecarium,

200 1207 284 1300 quid
301 1205 483 1289 furtivum,
505 1203 589 1297 qnid
608 1225 629 1275 e
649 1202 763 1276 medio
783 1204 962 1288 haustum,
984 1203 1107 1297 quida
1132 1212 1283 1297 praeter·

199 1341 303 1404 euute
319 1327 518 1402 delibatum.
540 1326 743 1399 Memoriam
759 1334 949 1431 ostentare,
968 1325 1112 1420 puerilis
1127 1336 1186 1399 est
1206 1329 1282 1421 glo-

199 1454 270 1525 ria:
291 1453 381 1535 viro,
403 1460 442 1523 ut
462 1450 510 1522 ait
535 1452 685 1535 Seneca,
712 1459 852 1543 captare
882 1448 1046 1521 llosculos
1072 1460 1176 1545 turpe
1209 1462 1280 1533 est;

200 1575 327 1669 quippe
357 1594 462 1665 quem
493 1574 607 1644 fructu
626 1570 750 1644 deceat
773 1569 927 1664 gaudere
953 1592 1022 1642 non
1043 1558 1203 1644 lloribus.
1231 1574 1281 1645 Tu

198 1717 284 1767 vero
316 1695 352 1764 iu
378 1693 443 1764 hac
467 1693 581 1766 aetatis
606 1704 705 1787 parte
729 1692 955 1778 venerabilis,
982 1694 1076 1765 etin
1111 1704 1172 1764 tua
1200 1716 1280 1792 pro

196 1816 349 1889 sessione
368 1816 602 1901 clarissimus;
623 1816 706 1900 imo,
729 1823 857 1889 utnon
878 1836 1016 1911 semper
1036 1837 1195 1911 pungam
1218 1818 1279 1890 sed

198 1939 370 2012 interdum
391 1960 535 2031 ungam,
565 1941 660 2011 solus
689 1938 764 2011 sine
788 1942 950 2033 exemplo
974 1938 1086 2011 nostri
1112 1939 1278 2034 temporis

196 2085 331 2147 earum,
358 2061 486 2157 quibus
510 2083 551 2134 es
572 2062 726 2147 deditus,
748 2061 940 2134 litterarum
961 2063 1136 2159 princeps,
1160 2063 1279 2136 nescio

196 2208 266 2280 quo
286 2187 427 2260 iuvenili
439 2186 563 2271 auimo,
577 2182 731 2256 dimissis
744 2180 873 2256 finibus
891 2186 969 2270 tuis,
984 2186 1019 2256 in
1032 2185 1157 2260 alienis
1170 2186 1277 2281 pratis

196 2311 336 2382 ociosus
361 2322 396 2382 ct
420 2330 547 2402 vagum
575 2307 736 2379 inclinata
761 2307 829 2379 iam
855 2307 920 2393 die,
943 2307 1193 2399 interlegendis
1218 2309 1278 2382 llo

197 2436 303 2506 sculis
325 2443 461 2526 tempus
482 2433 578 2503 teris.
605 2434 721 2503 Placet
748 2431 866 2523 ignota
897 2439 1048 2516 tentare,
1078 2430 1154 2516 ubi,
1184 2452 1277 2527 saepe

197 2556 289 2627 viam
308 2579 377 2626 non
396 2556 595 2639 invenienS‚
609 2565 669 2626 aut
682 2555 821 2647 vageris
842 2562 903 2627 aut
922 2576 1081 2626 corruas:
1104 2557 1227 2648 placet
1239 2557 1278 2626 il-

196 2678 308 2747 lorum
328 2676 425 2768 sequi
444 2677 601 2768 vestigia,
621 2678 680 2771 qui
699 2676 877 2750 scientiam
895 2677 997 2772 quasi
1014 2679 1277 2752 mercimonium

196 2799 337 2892 aliquod
362 2809 441 2870 ante
465 2802 558 2870 sores
587 2800 775 2893 explicant,
803 2824 882 2873 cum
915 2800 1052 2872 interim
1079 2823 1193 2875 vacua
1217 2803 1278 2875 do

195 2942 275 2993 mus
298 2921 351 2992 sit.
374 2922 473 2993 Certe
495 2932 606 2994 tutum
625 2934 695 3010 est,
720 2925 764 2997 ad
789 2924 824 2997 id
849 2924 966 3018 potius
986 2925 1062 3010 niti,
1085 2936 1124 2997 ut
1145 2927 1197 2999 sis
1218 2929 1278 2999 ali·

194 3043 281 3139 qnid
296 3046 491 3140 plusquam
512 3044 677 3120 videaris.
694 3047 847 3140 Operosa
869 3069 1007 3142 semper
1027 3057 1063 3119 et
1081 3049 1276 3142 periculosa

195 3168 355 3241 iactantia
372 3180 436 3240 est.
455 3167 555 3240 Adde
574 3170 677 3262 quod,
699 3192 778 3240 cum
797 3191 945 3260 magnus
966 3170 1076 3243 videri
1095 3173 1206 3259 voles,
1227 3174 1277 3244 in-

195 3290 420 3362 numerabilia
437 3288 603 3378 lucident,
620 3314 701 3388 quae
718 3303 750 3364 te
766 3315 836 3364 non
855 3293 956 3365 modo
973 3316 1094 3364 veram
1114 3296 1162 3367 ad
1180 3318 1276 3368 men·

196 3435 314 3485 suram
341 3414 510 3506 redigent,
534 3417 595 3489 sed
617 3417 705 3490 inira
724 3419 827 3489 etiam
849 3417 1063 3489 contrahent.
1091 3419 1157 3490 Uni
1179 3419 1276 3512 inge

195 3539 253 3608 nio
279 3537 363 3610 satis
384 3550 449 3625 est,
473 3540 576 3613 unius
598 3540 702 3613 studii
728 3541 872 3633 gloriam
893 3542 1029 3613 mereri.
1056 3542 1124 3626 Qui
1150 3546 1276 3617 multa·

196 3685 272 3735 rum
293 3663 399 3735 titulis
420 3664 545 3735 artium
565 3666 777 3759 superbiunt,
792 3675 853 3737 aut
869 3666 977 3737 divini
998 3665 1158 3740 homines
1179 3679 1272 3753 sunt,

195 3796 255 3858 aut
274 3787 508 3883 impudentes,
534 3799 595 3861 aut
621 3789 744 3861 insani,
772 3790 857 3875 Quis
885 3789 1019 3884 uspiam
1045 3802 1107 3862 aut
1135 3793 1275 3866 Graeco

195 3933 271 3980 rum
290 3918 350 3979 aut
366 3918 562 3980 nostrorum
576 3910 611 3983 id
624 3913 894 4005 praesumpsisse
911 3916 1274 3987 memoraturlNovus

194 4055 285 4117 mos,
312 4055 405 4104 nova
425 4032 623 4104 temeritas:
656 4034 826 4126 gloriosas
847 4033 1088 4127 inscriptiones
1105 4041 1273 4132 praeseie-

194 4165 294 4239 runt‚
317 4165 457 4251 propter
471 4134 580 4249 quas,
603 4167 641 4228 nt
666 4158 714 4229 ait
729 4157 878 4243 Plinius,
896 4159 1134 4231 vadimonium
1155 4161 1271 4233 deseri

192 4278 312 4369 possit.
331 4277 471 4351 Aleum
493 4280 693 4367 intraveris,
716 4282 767 4353 Dii
792 4284 967 4376 Deaeque!
997 4305 1101 4376 quam
1127 4286 1211 4356 nibil
1238 4286 1270 4354 in

192 4402 307 4474 medio
332 4403 498 4475 inuenies.
526 4407 576 4476 Tu
602 4407 718 4497 igitur,
746 4417 784 4478 ut
813 4408 879 4480 iam
906 4408 1044 4479 tandem
1083 4408 1218 4492 sileam,
1242 4407 1271 4478 si

193 4521 277 4610 quid
293 4523 376 4591 mihi
398 4524 523 4608 credis,
546 4538 622 4597 esto
644 4529 711 4597 tuis
733 4526 861 4599 finibus
882 4538 1075 4601 contentus.
1098 4532 1174 4601 Noli
1194 4529 1272 4633 illos
