2692 5024
160 671 198 731 (Β
495 685 536 734 ne
557 685 657 735 nunus
680 686 902 738 rtnrnrnnrnus

160 835 235 920 suit,
254 857 316 927 per
328 856 370 905 ea
388 836 461 906 loca
479 846 728 921 transeuntem,
743 836 956 907 verecundia
969 847 1166 928 permotum
1181 862 1242 912 sn-

160 978 221 1049 per
237 956 343 1028 exilio
364 957 447 1028 tanti
468 957 551 1040 viri;
574 957 766 1050 urbemque
782 958 876 1044 idac,
896 956 956 1030 ubi
972 959 1027 1029 ille
1047 969 1129 1031 tunc
1148 973 1239 1046 erat,

161 1076 205 1149 de
223 1078 395 1150 industria
412 1089 688 1172 praetervectum.
710 1080 738 1151 0
756 1080 945 1171 gloriosum
958 1083 1117 1151 exulem!
1138 1083 1241 1153 cuius

161 1201 302 1271 exilium
328 1201 647 1293 potentissimorum
677 1201 808 1274 civium
837 1204 924 1273 alter
950 1203 1125 1295 suspexit,
1152 1205 1241 1274 alter

162 1320 311 1393 erubuit.
332 1321 384 1392 Sit
404 1323 524 1394 Caesar
544 1324 674 1396 mundo
692 1323 867 1409 terribilis,
889 1326 1019 1395 Brutus
1036 1336 1073 1396 et
1092 1325 1240 1396 Caesari:

163 1452 348 1536 utrumque
368 1454 483 1514 tamen
504 1445 699 1518 reverentia
719 1447 823 1539 coepit
840 1447 955 1518 exulis
972 1447 1135 1518 Marcelli.
1154 1446 1241 1530 Quis

162 1564 305 1635 exilium
327 1568 393 1638 tale
413 1587 480 1637 non
503 1567 639 1659 cupiat?
659 1568 767 1639 Immo
791 1589 877 1641 vero
903 1567 983 1660 quis
1009 1567 1154 1639 exilium
1177 1590 1243 1640 vo-

161 1697 229 1770 cet,
264 1688 358 1778 quod
389 1688 475 1780 ipsis
501 1689 623 1780 patriae
647 1689 797 1761 dominis
826 1688 1038 1760 invidiosum
1062 1691 1140 1760 est‘l
1161 1690 1248 1760 illos·

161 1828 407 1895 commemoro,
437 1832 526 1903 quos
553 1810 754 1903 poenitentia
786 1810 916 1882 civium
946 1811 1098 1882 reduxit.
1129 1812 1240 1896 Quam

162 1934 288 2004 multos
321 1944 437 2005 autem
468 1937 606 2006 fortuna
638 1933 803 2004 restituit!
841 1933 1026 2026 Nunquam
1059 1933 1240 2004 Camillum

162 2058 270 2126 Roma
286 2066 464 2127 vocasset:
484 2077 561 2126 sors
578 2054 625 2125 illi
642 2065 677 2126 et
694 2052 870 2125 excidium
891 2054 989 2126 urbis
1012 2053 1105 2148 (quis
1121 2055 1244 2126 crede·

163 2176 254 2267 reti),
269 2199 309 2248 ac
323 2180 471 2247 tremens
489 2199 552 2270 per
566 2177 694 2249 ltaliam
708 2176 996 2268 transalpinarum
1015 2176 1172 2268 gentium
1189 2179 1243 2247 fu-

162 2320 219 2370 ror
234 2298 328 2370 viam
341 2299 426 2390 ,fecit
441 2299 486 2372 ad
503 2300 663 2384 reditum,
683 2309 723 2369 ut
738 2309 834 2369 esset
851 2320 950 2382 nnuc,
973 2298 1029 2369 vir
1046 2319 1244 2370 memoran-

161 2421 245 2491 dum
265 2422 399 2493 eunctis
416 2421 593 2504 exulibus,
616 2431 651 2490 et
670 2420 773 2490 bonae
794 2421 867 2513 spei
890 2420 992 2490 simul
1015 2429 1051 2490 et
1076 2430 1242 2512 spectatae

162 2564 246 2632 erga
264 2543 434 2633 ingratam
453 2543 597 2635 patriam
615 2542 753 2633 pietatis
772 2545 961 2633 exemplar.
980 2540 1106 2634 Atque,
1125 2552 1165 2611 ut
1180 2540 1243 2611 ali·
1289 2564 1295 2576 ·

162 2663 303 2753 quando
321 2664 365 2732 ad
382 2673 580 2733 nostrorum
600 2673 791 2755 temporum
805 2673 880 2735 acta
895 2662 1140 2753 transgrediar,
1155 2663 1242 2732 Mat-

163 2782 277 2852 thaeus
298 2782 500 2854 Vicecomes
522 2783 717 2854 Mediolano
741 2786 850 2875 patria
871 2783 1096 2875 praepotentis
1114 2782 1243 2853 inimici

162 2904 297 2976 viribus
318 2907 454 2998 pulsus,
470 2928 573 2997 quarn
589 2905 649 2976 diu
664 2907 758 2975 solus
772 2926 812 2975 ac
825 2907 993 2997 profugus
1006 2904 1088 2975 etin
1104 2925 1245 2975 summa

161 3027 277 3119 inopia
295 3050 413 3098 rerum
434 3028 588 3099 omnium
605 3026 678 3113 suit,
701 3030 932 3118 comploratus
959 3050 979 3097 a
1004 3026 1092 3111 suis,
1118 3026 1245 3098 illusus

162 3151 206 3220 ab
223 3151 406 3221 hostibus?
423 3152 533 3234 Quem
550 3153 664 3221 ferunt
680 3149 737 3221 dic
752 3150 903 3241 quodam
920 3170 1083 3218 curarum
1102 3152 1245 3240 plenum

161 3281 290 3361 praetor
312 3271 419 3361 ripam
437 3272 564 3343 Benaci
584 3275 683 3363 lagus
704 3280 891 3351 errantem,
914 3268 1083 3339 babuisse
1099 3269 1245 3340 obvium

163 3390 304 3481 superbi
326 3391 436 3459 bostis
458 3393 630 3476 nuntium,
650 3403 752 3483 atque
773 3391 817 3460 ab
837 3412 879 3460 eo
901 3389 1031 3461 domini
1053 3391 1108 3461 sui
1124 3390 1245 3461 verbis

161 3512 421 3599 interrogatum,
445 3511 609 3601 quidnam
629 3511 676 3579 ibi
698 3524 766 3580 tam
781 3510 1001 3580 incomitatus
1023 3516 1169 3602 ageret?
1187 3512 1250 3581 Nil

160 3628 261 3711 olr'ad,
275 3629 509 3722 respondisse,
526 3632 634 3698 nisiae
646 3634 729 3698 retia
744 3628 882 3698 tendere.
898 3632 998 3714 Quod
1013 3653 1246 3724 responsum,

163 3764 235 3823 tum
269 3755 355 3821 sort-c
388 3751 598 3840 contemptui
632 3750 802 3832 habitum,
839 3750 937 3821 brevi
970 3753 1056 3843 quid
1087 3754 1247 3849 mysterii

163 3867 373 3959 importaret,
396 3865 555 3934 innotuit:
579 3866 626 3932 ita
653 3866 791 3933 ociosus
819 3886 928 3934 senex
956 3890 1048 3937 unus
1077 3869 1248 3940 adversa-

163 3987 233 4056 rios
260 4010 342 4057 suos
369 4007 504 4068 omncS,
526 4008 591 4054 ceu
613 3985 753 4055 totidem
774 3986 902 4077 pisces
929 4009 1009 4057 esca
1033 3990 1108 4080 spei
1132 3991 1246 4060 inanis

162 4109 289 4189 elusos,
305 4107 533 4197 providentiae
555 4128 630 4175 suae
649 4106 781 4176 retibus
799 4106 1037 4178 circumvenit.
1061 4107 1141 4180 Alio
1159 4134 1249 4204 quo-

163 4246 232 4310 que
262 4237 415 4316 tempore
440 4250 518 4295 curn
549 4228 594 4296 ad
625 4227 786 4297 eumdem
820 4228 963 4297 nuntius
997 4229 1179 4314 rediisset,
1216 4242 1251 4301 et

164 4356 446 4430 percunctaretur
467 4347 629 4426 irridens,
652 4345 778 4436 quibus
801 4345 996 4429 itineribus,
1021 4358 1083 4418 aut
1104 4351 1250 4442 quando

164 4469 259 4528 osset
279 4457 313 4524 in
335 4463 479 4547 patriam
500 4485 723 4543 reversurus,
752 4463 934 4551 tranquilla
960 4467 1071 4536 fronte
1101 4493 1250 4563 respon-
