<?xml version="1.0" encoding="UTF-8"?>
<!DOCTYPE html PUBLIC "-//W3C//DTD XHTML 1.0 Transitional//EN"
    "http://www.w3.org/TR/xhtml1/DTD/xhtml1-transitional.dtd">
<html xmlns="http://www.w3.org/1999/xhtml" xml:lang="en" lang="en">
 <head>
  <title>
</title>
<meta http-equiv="Content-Type" content="text/html;charset=utf-8" />
  <meta name='ocr-system' content='tesseract 3.04.00' />
  <meta name='ocr-capabilities' content='ocr_page ocr_carea ocr_par ocr_line ocrx_word'/>
</head>
<body>
  <div class='ocr_page' id='page_1' title='image "./epistolaederebu00fracgoog_0533.png"; bbox 0 0 2692 5024; ppageno 0'>
   <div class='ocr_carea' id='block_1_1' title="bbox 135 618 880 681">
    <p class='ocr_par' dir='ltr' id='par_1_1' title="bbox 135 618 880 681">
     <span class='ocr_line' id='line_1_1' title="bbox 135 618 880 681; baseline -0.019 0"><span class='ocrx_word' id='word_1_1' title='bbox 135 619 194 681; x_wconf 77' lang='lat'>370</span> <span class='ocrx_word' id='word_1_2' title='bbox 474 624 515 672; x_wconf 86' lang='lat' dir='ltr'>nu</span> <span class='ocrx_word' id='word_1_3' title='bbox 536 621 637 672; x_wconf 83' lang='lat' dir='ltr'>nunus</span> <span class='ocrx_word' id='word_1_4' title='bbox 656 618 880 670; x_wconf 78' lang='lat' dir='ltr'>uluurunmus</span> 
     </span>
    </p>
   </div>
   <div class='ocr_carea' id='block_1_2' title="bbox 79 765 1251 4573">
    <p class='ocr_par' dir='ltr' id='par_1_2' title="bbox 79 765 1251 4573">
     <span class='ocr_line' id='line_1_2' title="bbox 135 765 1223 861; baseline -0.005 -15"><span class='ocrx_word' id='word_1_5' title='bbox 135 773 203 846; x_wconf 89' lang='lat' dir='ltr'>mei</span> <span class='ocrx_word' id='word_1_6' title='bbox 235 773 406 843; x_wconf 85' lang='lat' dir='ltr'>hactenus</span> <span class='ocrx_word' id='word_1_7' title='bbox 431 789 501 840; x_wconf 92' lang='lat' dir='ltr'>non</span> <span class='ocrx_word' id='word_1_8' title='bbox 528 765 681 861; x_wconf 89' lang='lat' dir='ltr'>poenitet.</span> <span class='ocrx_word' id='word_1_9' title='bbox 702 765 822 837; x_wconf 86' lang='lat' dir='ltr'>Omnis</span> <span class='ocrx_word' id='word_1_10' title='bbox 842 765 937 837; x_wconf 93' lang='lat' dir='ltr'>enim</span> <span class='ocrx_word' id='word_1_11' title='bbox 963 765 1051 837; x_wconf 92' lang='lat' dir='ltr'>mibi</span> <span class='ocrx_word' id='word_1_12' title='bbox 1077 769 1223 841; x_wconf 78' lang='lat' dir='ltr'><strong>altitudo</strong></span> 
     </span>
     <span class='ocr_line' id='line_1_3' title="bbox 136 889 1221 992; baseline -0.004 -22"><span class='ocrx_word' id='word_1_13' title='bbox 136 906 299 992; x_wconf 87' lang='lat' dir='ltr'>suspecta</span> <span class='ocrx_word' id='word_1_14' title='bbox 319 902 388 978; x_wconf 89' lang='lat' dir='ltr'>est,</span> <span class='ocrx_word' id='word_1_15' title='bbox 410 903 446 963; x_wconf 86' lang='lat' dir='ltr'>et</span> <span class='ocrx_word' id='word_1_16' title='bbox 468 889 646 986; x_wconf 77' lang='lat' dir='ltr'>praecipitii</span> <span class='ocrx_word' id='word_1_17' title='bbox 680 889 844 962; x_wconf 90' lang='lat' dir='ltr'>admonet</span> <span class='ocrx_word' id='word_1_18' title='bbox 876 890 992 964; x_wconf 90' lang='lat' dir='ltr'>omnis</span> <span class='ocrx_word' id='word_1_19' title='bbox 1025 908 1221 966; x_wconf 81' lang='lat' dir='ltr'>ascensus:</span> 
     </span>
     <span class='ocr_line' id='line_1_4' title="bbox 135 1013 1221 1114; baseline -0.002 -22"><span class='ocrx_word' id='word_1_20' title='bbox 135 1023 313 1114; x_wconf 89' lang='lat' dir='ltr'>multoque</span> <span class='ocrx_word' id='word_1_21' title='bbox 333 1018 481 1099; x_wconf 81' lang='lat' dir='ltr'>facilius,</span> <span class='ocrx_word' id='word_1_22' title='bbox 503 1024 626 1085; x_wconf 93' lang='lat' dir='ltr'>natura</span> <span class='ocrx_word' id='word_1_23' title='bbox 650 1013 754 1098; x_wconf 90' lang='lat' dir='ltr'>duce,</span> <span class='ocrx_word' id='word_1_24' title='bbox 781 1013 816 1082; x_wconf 94' lang='lat' dir='ltr'>in</span> <span class='ocrx_word' id='word_1_25' title='bbox 844 1013 980 1086; x_wconf 91' lang='lat' dir='ltr'>illorum</span> <span class='ocrx_word' id='word_1_26' title='bbox 1005 1017 1221 1090; x_wconf 90' lang='lat' dir='ltr'>consortium</span> 
     </span>
     <span class='ocr_line' id='line_1_5' title="bbox 135 1136 1219 1234; baseline -0.004 -17"><span class='ocrx_word' id='word_1_27' title='bbox 135 1144 362 1226; x_wconf 79' lang='lat' dir='ltr'>declinarem,</span> <span class='ocrx_word' id='word_1_28' title='bbox 385 1139 456 1234; x_wconf 89' lang='lat' dir='ltr'>qui,</span> <span class='ocrx_word' id='word_1_29' title='bbox 492 1148 530 1210; x_wconf 92' lang='lat' dir='ltr'>ut</span> <span class='ocrx_word' id='word_1_30' title='bbox 563 1138 611 1209; x_wconf 92' lang='lat' dir='ltr'>ait</span> <span class='ocrx_word' id='word_1_31' title='bbox 637 1139 760 1222; x_wconf 90' lang='lat' dir='ltr'>Poeta,</span> <span class='ocrx_word' id='word_1_32' title='bbox 783 1136 935 1209; x_wconf 83' lang='lat' dir='ltr'>bobitoot</span> <span class='ocrx_word' id='word_1_33' title='bbox 960 1141 1108 1212; x_wconf 80' lang='lat' dir='ltr'>voltibus</span> <span class='ocrx_word' id='word_1_34' title='bbox 1132 1145 1219 1225; x_wconf 73' lang='lat' dir='ltr'>iouis,</span> 
     </span>
     <span class='ocr_line' id='line_1_6' title="bbox 79 1241 1221 1363; baseline -0.002 -24"><span class='ocrx_word' id='word_1_35' title='bbox 79 1241 82 1245; x_wconf 34' lang='grc'>’</span> <span class='ocrx_word' id='word_1_36' title='bbox 135 1289 241 1363; x_wconf 91' lang='lat' dir='ltr'>quam</span> <span class='ocrx_word' id='word_1_37' title='bbox 264 1287 384 1337; x_wconf 92' lang='lat' dir='ltr'>eorum</span> <span class='ocrx_word' id='word_1_38' title='bbox 402 1264 470 1358; x_wconf 91' lang='lat' dir='ltr'>qui,</span> <span class='ocrx_word' id='word_1_39' title='bbox 493 1271 532 1333; x_wconf 90' lang='lat' dir='ltr'>ut</span> <span class='ocrx_word' id='word_1_40' title='bbox 561 1259 652 1333; x_wconf 89' lang='lat' dir='ltr'>idem</span> <span class='ocrx_word' id='word_1_41' title='bbox 674 1259 730 1346; x_wconf 92' lang='lat' dir='ltr'>ait,</span> <span class='ocrx_word' id='word_1_42' title='bbox 748 1283 887 1354; x_wconf 77' lang='lat' dir='ltr'><strong><em>posuere</em></strong></span> <span class='ocrx_word' id='word_1_43' title='bbox 907 1265 944 1332; x_wconf 84' lang='lat' dir='ltr'>io</span> <span class='ocrx_word' id='word_1_44' title='bbox 970 1266 1142 1336; x_wconf 80' lang='lat' dir='ltr'>montibus</span> <span class='ocrx_word' id='word_1_45' title='bbox 1167 1292 1221 1337; x_wconf 80' lang='lat' dir='ltr'>ur-</span> 
     </span>
     <span class='ocr_line' id='line_1_7' title="bbox 137 1383 1216 1479; baseline 0 -17"><span class='ocrx_word' id='word_1_46' title='bbox 137 1394 218 1463; x_wconf 83' lang='lat' dir='ltr'>bem.</span> <span class='ocrx_word' id='word_1_47' title='bbox 239 1392 326 1475; x_wconf 85' lang='lat' dir='ltr'>Quae</span> <span class='ocrx_word' id='word_1_48' title='bbox 351 1410 429 1458; x_wconf 93' lang='lat' dir='ltr'>cum</span> <span class='ocrx_word' id='word_1_49' title='bbox 463 1386 509 1457; x_wconf 89' lang='lat' dir='ltr'>ita</span> <span class='ocrx_word' id='word_1_50' title='bbox 539 1386 627 1470; x_wconf 88' lang='lat' dir='ltr'>sint,</span> <span class='ocrx_word' id='word_1_51' title='bbox 664 1383 694 1455; x_wconf 89' lang='lat' dir='ltr'>si</span> <span class='ocrx_word' id='word_1_52' title='bbox 726 1392 841 1479; x_wconf 87' lang='lat' dir='ltr'>optata</span> <span class='ocrx_word' id='word_1_53' title='bbox 867 1385 952 1456; x_wconf 91' lang='lat' dir='ltr'>mihi</span> <span class='ocrx_word' id='word_1_54' title='bbox 978 1388 1216 1473; x_wconf 86' lang='lat' dir='ltr'>mediocritas,</span> 
     </span>
     <span class='ocr_line' id='line_1_8' title="bbox 136 1508 1217 1608; baseline -0.002 -22"><span class='ocrx_word' id='word_1_55' title='bbox 136 1537 241 1608; x_wconf 93' lang='lat' dir='ltr'>quam</span> <span class='ocrx_word' id='word_1_56' title='bbox 262 1514 336 1582; x_wconf 89' lang='lat' dir='ltr'>iure</span> <span class='ocrx_word' id='word_1_57' title='bbox 357 1510 500 1581; x_wconf 83' lang='lat' dir='ltr'><strong>Flaccus</strong></span> <span class='ocrx_word' id='word_1_58' title='bbox 521 1529 663 1580; x_wconf 89' lang='lat' dir='ltr'>auream</span> <span class='ocrx_word' id='word_1_59' title='bbox 680 1517 793 1593; x_wconf 85' lang='lat' dir='ltr'>vocat,</span> <span class='ocrx_word' id='word_1_60' title='bbox 820 1518 859 1579; x_wconf 93' lang='lat' dir='ltr'>ut</span> <span class='ocrx_word' id='word_1_61' title='bbox 880 1508 1015 1603; x_wconf 82' lang='lat' dir='ltr'>pridem</span> <span class='ocrx_word' id='word_1_62' title='bbox 1039 1513 1217 1606; x_wconf 76' lang='lat' dir='ltr'>promitte</span> 
     </span>
     <span class='ocr_line' id='line_1_9' title="bbox 136 1631 1214 1731; baseline -0.001 -24"><span class='ocrx_word' id='word_1_63' title='bbox 136 1637 250 1719; x_wconf 86' lang='lat' dir='ltr'>batur,</span> <span class='ocrx_word' id='word_1_64' title='bbox 273 1633 475 1716; x_wconf 83' lang='lat' dir='ltr'>obvenerit3</span> <span class='ocrx_word' id='word_1_65' title='bbox 493 1633 661 1724; x_wconf 91' lang='lat' dir='ltr'>estquod</span> <span class='ocrx_word' id='word_1_66' title='bbox 681 1641 780 1723; x_wconf 79' lang='lat' dir='ltr'>grata</span> <span class='ocrx_word' id='word_1_67' title='bbox 801 1631 988 1704; x_wconf 89' lang='lat' dir='ltr'>intentione</span> <span class='ocrx_word' id='word_1_68' title='bbox 1011 1634 1214 1731; x_wconf 86' lang='lat' dir='ltr'>suscipiam,</span> 
     </span>
     <span class='ocr_line' id='line_1_10' title="bbox 135 1754 1215 1854; baseline -0.003 -23"><span class='ocrx_word' id='word_1_69' title='bbox 135 1772 170 1831; x_wconf 93' lang='lat' dir='ltr'>et</span> <span class='ocrx_word' id='word_1_70' title='bbox 199 1755 449 1854; x_wconf 81' lang='lat' dir='ltr'>perliberaliter</span> <span class='ocrx_word' id='word_1_71' title='bbox 481 1778 616 1827; x_wconf 90' lang='lat' dir='ltr'>mecum</span> <span class='ocrx_word' id='word_1_72' title='bbox 644 1755 701 1848; x_wconf 82' lang='lat' dir='ltr'>agi</span> <span class='ocrx_word' id='word_1_73' title='bbox 725 1754 847 1827; x_wconf 88' lang='lat' dir='ltr'>dicam.</span> <span class='ocrx_word' id='word_1_74' title='bbox 870 1755 930 1841; x_wconf 84' lang='lat' dir='ltr'>Sin</span> <span class='ocrx_word' id='word_1_75' title='bbox 950 1757 1112 1828; x_wconf 91' lang='lat' dir='ltr'>invisum</span> <span class='ocrx_word' id='word_1_76' title='bbox 1139 1757 1215 1828; x_wconf 91' lang='lat' dir='ltr'>illud</span> 
     </span>
     <span class='ocr_line' id='line_1_11' title="bbox 135 1879 1213 1975; baseline 0.001 -23"><span class='ocrx_word' id='word_1_77' title='bbox 135 1892 171 1953; x_wconf 90' lang='lat' dir='ltr'>et</span> <span class='ocrx_word' id='word_1_78' title='bbox 187 1903 296 1975; x_wconf 81' lang='lat' dir='ltr'>grave</span> <span class='ocrx_word' id='word_1_79' title='bbox 312 1881 451 1954; x_wconf 90' lang='lat' dir='ltr'>maioris</span> <span class='ocrx_word' id='word_1_80' title='bbox 469 1879 570 1950; x_wconf 85' lang='lat' dir='ltr'>officii</span> <span class='ocrx_word' id='word_1_81' title='bbox 591 1901 679 1951; x_wconf 92' lang='lat' dir='ltr'>onus</span> <span class='ocrx_word' id='word_1_82' title='bbox 701 1881 899 1972; x_wconf 77' lang='lat' dir='ltr'>imponitur,</span> <span class='ocrx_word' id='word_1_83' title='bbox 919 1903 1039 1966; x_wconf 89' lang='lat' dir='ltr'>renuo,</span> <span class='ocrx_word' id='word_1_84' title='bbox 1065 1884 1213 1956; x_wconf 81' lang='lat' dir='ltr'>excutio.</span> 
     </span>
     <span class='ocr_line' id='line_1_12' title="bbox 134 2002 1213 2102; baseline 0 -25"><span class='ocrx_word' id='word_1_85' title='bbox 134 2008 269 2102; x_wconf 83' lang='lat' dir='ltr'>Pauper</span> <span class='ocrx_word' id='word_1_86' title='bbox 289 2027 370 2077; x_wconf 89' lang='lat' dir='ltr'>esse</span> <span class='ocrx_word' id='word_1_87' title='bbox 395 2004 526 2090; x_wconf 91' lang='lat' dir='ltr'>malim,</span> <span class='ocrx_word' id='word_1_88' title='bbox 553 2026 657 2096; x_wconf 94' lang='lat' dir='ltr'>quam</span> <span class='ocrx_word' id='word_1_89' title='bbox 692 2002 857 2088; x_wconf 75' lang='lat' dir='ltr'>solicituS,</span> <span class='ocrx_word' id='word_1_90' title='bbox 883 2004 1066 2096; x_wconf 83' lang='lat' dir='ltr'>quamvis,</span> <span class='ocrx_word' id='word_1_91' title='bbox 1097 2017 1137 2078; x_wconf 93' lang='lat' dir='ltr'>ut</span> <span class='ocrx_word' id='word_1_92' title='bbox 1167 2030 1213 2080; x_wconf 86' lang='lat' dir='ltr'>res</span> 
     </span>
     <span class='ocr_line' id='line_1_13' title="bbox 134 2129 1213 2223; baseline 0.003 -23"><span class='ocrx_word' id='word_1_93' title='bbox 134 2141 229 2212; x_wconf 89' lang='lat' dir='ltr'>eunt,</span> <span class='ocrx_word' id='word_1_94' title='bbox 250 2138 285 2201; x_wconf 89' lang='lat' dir='ltr'>et</span> <span class='ocrx_word' id='word_1_95' title='bbox 305 2139 343 2199; x_wconf 86' lang='lat' dir='ltr'>ut</span> <span class='ocrx_word' id='word_1_96' title='bbox 362 2140 418 2200; x_wconf 92' lang='lat' dir='ltr'>est</span> <span class='ocrx_word' id='word_1_97' title='bbox 433 2129 584 2213; x_wconf 89' lang='lat' dir='ltr'>animus,</span> <span class='ocrx_word' id='word_1_98' title='bbox 606 2148 736 2222; x_wconf 89' lang='lat' dir='ltr'>pauper</span> <span class='ocrx_word' id='word_1_99' title='bbox 760 2149 840 2198; x_wconf 91' lang='lat' dir='ltr'>esse</span> <span class='ocrx_word' id='word_1_100' title='bbox 866 2150 934 2200; x_wconf 92' lang='lat' dir='ltr'>non</span> <span class='ocrx_word' id='word_1_101' title='bbox 959 2129 1110 2223; x_wconf 87' lang='lat' dir='ltr'>possim.</span> <span class='ocrx_word' id='word_1_102' title='bbox 1140 2134 1213 2203; x_wconf 81' lang='lat' dir='ltr'>Hac</span> 
     </span>
     <span class='ocr_line' id='line_1_14' title="bbox 133 2250 1213 2346; baseline 0.004 -22"><span class='ocrx_word' id='word_1_103' title='bbox 133 2253 236 2324; x_wconf 81' lang='lat' dir='ltr'>ethis</span> <span class='ocrx_word' id='word_1_104' title='bbox 251 2252 388 2337; x_wconf 87' lang='lat' dir='ltr'>similia,</span> <span class='ocrx_word' id='word_1_105' title='bbox 411 2273 640 2346; x_wconf 76' lang='lat' dir='ltr'>quaecumque</span> <span class='ocrx_word' id='word_1_106' title='bbox 660 2250 829 2323; x_wconf 87' lang='lat' dir='ltr'>internos</span> <span class='ocrx_word' id='word_1_107' title='bbox 847 2252 882 2321; x_wconf 96' lang='lat' dir='ltr'>in</span> <span class='ocrx_word' id='word_1_108' title='bbox 899 2251 989 2322; x_wconf 90' lang='lat' dir='ltr'>hanc</span> <span class='ocrx_word' id='word_1_109' title='bbox 1009 2257 1213 2328; x_wconf 88' lang='lat' dir='ltr'>sententian</span> 
     </span>
     <span class='ocr_line' id='line_1_15' title="bbox 134 2374 1213 2468; baseline 0.004 -23"><span class='ocrx_word' id='word_1_110' title='bbox 134 2376 201 2447; x_wconf 93' lang='lat' dir='ltr'>dici</span> <span class='ocrx_word' id='word_1_111' title='bbox 219 2379 343 2461; x_wconf 87' lang='lat' dir='ltr'>solent,</span> <span class='ocrx_word' id='word_1_112' title='bbox 368 2385 414 2459; x_wconf 90' lang='lat' dir='ltr'>tu,</span> <span class='ocrx_word' id='word_1_113' title='bbox 436 2376 495 2468; x_wconf 85' lang='lat' dir='ltr'>qui</span> <span class='ocrx_word' id='word_1_114' title='bbox 518 2374 608 2446; x_wconf 84' lang='lat' dir='ltr'>nosti</span> <span class='ocrx_word' id='word_1_115' title='bbox 629 2375 771 2468; x_wconf 87' lang='lat' dir='ltr'>optime,</span> <span class='ocrx_word' id='word_1_116' title='bbox 799 2384 834 2445; x_wconf 92' lang='lat' dir='ltr'>et</span> <span class='ocrx_word' id='word_1_117' title='bbox 860 2374 978 2445; x_wconf 92' lang='lat' dir='ltr'>amicis</span> <span class='ocrx_word' id='word_1_118' title='bbox 1005 2385 1040 2446; x_wconf 92' lang='lat' dir='ltr'>et</span> <span class='ocrx_word' id='word_1_119' title='bbox 1068 2377 1213 2449; x_wconf 88' lang='lat' dir='ltr'>dominis</span> 
     </span>
     <span class='ocr_line' id='line_1_16' title="bbox 134 2496 1213 2596; baseline 0.002 -27"><span class='ocrx_word' id='word_1_120' title='bbox 134 2508 169 2569; x_wconf 88' lang='lat' dir='ltr'>et</span> <span class='ocrx_word' id='word_1_121' title='bbox 188 2498 405 2569; x_wconf 90' lang='lat' dir='ltr'>dominorum</span> <span class='ocrx_word' id='word_1_122' title='bbox 427 2497 572 2568; x_wconf 88' lang='lat' dir='ltr'>Domino</span> <span class='ocrx_word' id='word_1_123' title='bbox 600 2509 679 2568; x_wconf 90' lang='lat' dir='ltr'>nota</span> <span class='ocrx_word' id='word_1_124' title='bbox 703 2501 767 2583; x_wconf 89' lang='lat' dir='ltr'>lac,</span> <span class='ocrx_word' id='word_1_125' title='bbox 796 2496 954 2580; x_wconf 84' lang='lat' dir='ltr'>obsecre,</span> <span class='ocrx_word' id='word_1_126' title='bbox 973 2519 1055 2567; x_wconf 90' lang='lat' dir='ltr'>cum</span> <span class='ocrx_word' id='word_1_127' title='bbox 1081 2509 1213 2596; x_wconf 89' lang='lat' dir='ltr'>tempus</span> 
     </span>
     <span class='ocr_line' id='line_1_17' title="bbox 134 2619 1213 2712; baseline 0.003 -23"><span class='ocrx_word' id='word_1_128' title='bbox 134 2619 322 2703; x_wconf 93' lang='lat' dir='ltr'>videbitur,</span> <span class='ocrx_word' id='word_1_129' title='bbox 345 2619 506 2711; x_wconf 87' lang='lat' dir='ltr'>quamvis</span> <span class='ocrx_word' id='word_1_130' title='bbox 528 2642 548 2688; x_wconf 91' lang='lat' dir='ltr'>a</span> <span class='ocrx_word' id='word_1_131' title='bbox 569 2641 623 2689; x_wconf 90' lang='lat' dir='ltr'>me</span> <span class='ocrx_word' id='word_1_132' title='bbox 644 2619 720 2712; x_wconf 89' lang='lat' dir='ltr'>ipso</span> <span class='ocrx_word' id='word_1_133' title='bbox 741 2644 806 2697; x_wconf 91' lang='lat' dir='ltr'>nec</span> <span class='ocrx_word' id='word_1_134' title='bbox 824 2623 992 2691; x_wconf 87' lang='lat' dir='ltr'>occultata</span> <span class='ocrx_word' id='word_1_135' title='bbox 1015 2644 1083 2693; x_wconf 79' lang='lat' dir='ltr'>rrec</span> <span class='ocrx_word' id='word_1_136' title='bbox 1107 2626 1213 2696; x_wconf 86' lang='lat' dir='ltr'>tacita.</span> 
     </span>
     <span class='ocr_line' id='line_1_18' title="bbox 134 2740 1214 2840; baseline 0.005 -26"><span class='ocrx_word' id='word_1_137' title='bbox 134 2742 203 2814; x_wconf 89' lang='lat' dir='ltr'>Sed</span> <span class='ocrx_word' id='word_1_138' title='bbox 229 2752 312 2812; x_wconf 90' lang='lat' dir='ltr'>sunt</span> <span class='ocrx_word' id='word_1_139' title='bbox 327 2741 481 2834; x_wconf 89' lang='lat' dir='ltr'>quidam,</span> <span class='ocrx_word' id='word_1_140' title='bbox 504 2740 631 2834; x_wconf 89' lang='lat' dir='ltr'>quibus</span> <span class='ocrx_word' id='word_1_141' title='bbox 650 2751 688 2812; x_wconf 94' lang='lat' dir='ltr'>ut</span> <span class='ocrx_word' id='word_1_142' title='bbox 706 2743 740 2813; x_wconf 93' lang='lat' dir='ltr'>in</span> <span class='ocrx_word' id='word_1_143' title='bbox 758 2744 909 2814; x_wconf 91' lang='lat' dir='ltr'>animum</span> <span class='ocrx_word' id='word_1_144' title='bbox 928 2756 1105 2838; x_wconf 84' lang='lat' dir='ltr'>penetret,</span> <span class='ocrx_word' id='word_1_145' title='bbox 1127 2770 1214 2840; x_wconf 59' lang='lat' dir='ltr'>saepo</span> 
     </span>
     <span class='ocr_line' id='line_1_19' title="bbox 132 2864 1214 2965; baseline 0.002 -27"><span class='ocrx_word' id='word_1_146' title='bbox 132 2867 263 2938; x_wconf 87' lang='lat' dir='ltr'>veritas</span> <span class='ocrx_word' id='word_1_147' title='bbox 285 2864 487 2937; x_wconf 86' lang='lat' dir='ltr'>inculcanda</span> <span class='ocrx_word' id='word_1_148' title='bbox 508 2877 571 2936; x_wconf 90' lang='lat' dir='ltr'>cst.</span> <span class='ocrx_word' id='word_1_149' title='bbox 594 2866 693 2949; x_wconf 85' lang='lat' dir='ltr'>Quod</span> <span class='ocrx_word' id='word_1_150' title='bbox 715 2889 757 2938; x_wconf 91' lang='lat' dir='ltr'>eo</span> <span class='ocrx_word' id='word_1_151' title='bbox 778 2889 868 2937; x_wconf 93' lang='lat' dir='ltr'>nunc</span> <span class='ocrx_word' id='word_1_152' title='bbox 885 2866 1000 2937; x_wconf 93' lang='lat' dir='ltr'>minus</span> <span class='ocrx_word' id='word_1_153' title='bbox 1019 2869 1132 2941; x_wconf 88' lang='lat' dir='ltr'>miror</span> <span class='ocrx_word' id='word_1_154' title='bbox 1151 2893 1214 2965; x_wconf 88' lang='lat' dir='ltr'>quo</span> 
     </span>
     <span class='ocr_line' id='line_1_20' title="bbox 132 2980 1251 3095; baseline 0.003 -34"><span class='ocrx_word' id='word_1_155' title='bbox 132 2988 301 3085; x_wconf 89' lang='lat' dir='ltr'>quidquid</span> <span class='ocrx_word' id='word_1_156' title='bbox 320 2990 365 3063; x_wconf 90' lang='lat' dir='ltr'>dc</span> <span class='ocrx_word' id='word_1_157' title='bbox 390 3011 444 3061; x_wconf 91' lang='lat' dir='ltr'>me</span> <span class='ocrx_word' id='word_1_158' title='bbox 465 2989 567 3061; x_wconf 90' lang='lat' dir='ltr'>modo</span> <span class='ocrx_word' id='word_1_159' title='bbox 601 2989 755 3061; x_wconf 91' lang='lat' dir='ltr'>dicturus</span> <span class='ocrx_word' id='word_1_160' title='bbox 788 3011 843 3074; x_wconf 79' lang='lat' dir='ltr'>eS,</span> <span class='ocrx_word' id='word_1_161' title='bbox 870 2989 980 3060; x_wconf 89' lang='lat' dir='ltr'>videri</span> <span class='ocrx_word' id='word_1_162' title='bbox 1010 2991 1086 3095; x_wconf 84' lang='lat' dir='ltr'>scio</span> <span class='ocrx_word' id='word_1_163' title='bbox 1114 3006 1151 3066; x_wconf 91' lang='lat' dir='ltr'>et</span> <span class='ocrx_word' id='word_1_164' title='bbox 1175 2995 1214 3066; x_wconf 93' lang='lat' dir='ltr'>ab</span> <span class='ocrx_word' id='word_1_165' title='bbox 1249 2980 1251 2985; x_wconf 39' lang='lat'>¹</span> 
     </span>
     <span class='ocr_line' id='line_1_21' title="bbox 132 3111 1213 3208; baseline 0.006 -25"><span class='ocrx_word' id='word_1_166' title='bbox 132 3114 245 3184; x_wconf 68' lang='lat' dir='ltr'>aetatis</span> <span class='ocrx_word' id='word_1_167' title='bbox 277 3123 407 3184; x_wconf 60' lang='lat' dir='ltr'>nostrat</span> <span class='ocrx_word' id='word_1_168' title='bbox 436 3112 606 3194; x_wconf 85' lang='lat' dir='ltr'>moribus,</span> <span class='ocrx_word' id='word_1_169' title='bbox 629 3121 664 3183; x_wconf 92' lang='lat' dir='ltr'>et</span> <span class='ocrx_word' id='word_1_170' title='bbox 685 3112 729 3182; x_wconf 89' lang='lat' dir='ltr'>ab</span> <span class='ocrx_word' id='word_1_171' title='bbox 750 3111 825 3207; x_wconf 92' lang='lat' dir='ltr'>ipsa</span> <span class='ocrx_word' id='word_1_172' title='bbox 849 3112 945 3204; x_wconf 78' lang='lat' dir='ltr'>vulgi</span> <span class='ocrx_word' id='word_1_173' title='bbox 968 3114 1137 3208; x_wconf 90' lang='lat' dir='ltr'>opinione</span> <span class='ocrx_word' id='word_1_174' title='bbox 1164 3141 1213 3189; x_wconf 88' lang='lat' dir='ltr'>rc-</span> 
     </span>
     <span class='ocr_line' id='line_1_22' title="bbox 131 3234 1211 3332; baseline 0.004 -27"><span class='ocrx_word' id='word_1_175' title='bbox 131 3237 280 3317; x_wconf 82' lang='lat' dir='ltr'>motius3</span> <span class='ocrx_word' id='word_1_176' title='bbox 305 3258 383 3306; x_wconf 89' lang='lat' dir='ltr'>cum</span> <span class='ocrx_word' id='word_1_177' title='bbox 416 3259 486 3327; x_wconf 88' lang='lat' dir='ltr'>quo</span> <span class='ocrx_word' id='word_1_178' title='bbox 511 3235 609 3313; x_wconf 78' lang='lat' dir='ltr'>mihi,</span> <span class='ocrx_word' id='word_1_179' title='bbox 632 3234 724 3306; x_wconf 86' lang='lat' dir='ltr'>utin</span> <span class='ocrx_word' id='word_1_180' title='bbox 750 3235 880 3319; x_wconf 76' lang='lat' dir='ltr'>multiS,</span> <span class='ocrx_word' id='word_1_181' title='bbox 904 3236 952 3306; x_wconf 90' lang='lat' dir='ltr'>sic</span> <span class='ocrx_word' id='word_1_182' title='bbox 976 3239 1158 3332; x_wconf 74' lang='lat' dir='ltr'>praecipue</span> <span class='ocrx_word' id='word_1_183' title='bbox 1182 3241 1211 3310; x_wconf 92' lang='lat' dir='ltr'>io</span> 
     </span>
     <span class='ocr_line' id='line_1_23' title="bbox 131 3357 1213 3450; baseline 0.002 -21"><span class='ocrx_word' id='word_1_184' title='bbox 131 3381 173 3430; x_wconf 90' lang='lat' dir='ltr'>co</span> <span class='ocrx_word' id='word_1_185' title='bbox 193 3358 286 3450; x_wconf 91' lang='lat' dir='ltr'>quod</span> <span class='ocrx_word' id='word_1_186' title='bbox 306 3380 397 3428; x_wconf 93' lang='lat' dir='ltr'>nuuc</span> <span class='ocrx_word' id='word_1_187' title='bbox 419 3358 540 3450; x_wconf 79' lang='lat' dir='ltr'>agitur,</span> <span class='ocrx_word' id='word_1_188' title='bbox 563 3357 735 3429; x_wconf 77' lang='lat' dir='ltr'>discordia</span> <span class='ocrx_word' id='word_1_189' title='bbox 757 3360 863 3429; x_wconf 91' lang='lat' dir='ltr'>multa</span> <span class='ocrx_word' id='word_1_190' title='bbox 883 3368 947 3429; x_wconf 90' lang='lat' dir='ltr'>est.</span> <span class='ocrx_word' id='word_1_191' title='bbox 971 3361 1041 3432; x_wconf 88' lang='lat' dir='ltr'>Sed</span> <span class='ocrx_word' id='word_1_192' title='bbox 1067 3363 1213 3434; x_wconf 85' lang='lat' dir='ltr'>incredi-</span> 
     </span>
     <span class='ocr_line' id='line_1_24' title="bbox 129 3480 1211 3577; baseline 0.002 -25"><span class='ocrx_word' id='word_1_193' title='bbox 129 3481 295 3554; x_wconf 88' lang='lat' dir='ltr'>bilitatcm</span> <span class='ocrx_word' id='word_1_194' title='bbox 316 3480 529 3552; x_wconf 86' lang='lat' dir='ltr'>audientium</span> <span class='ocrx_word' id='word_1_195' title='bbox 557 3481 656 3572; x_wconf 82' lang='lat' dir='ltr'>vigor</span> <span class='ocrx_word' id='word_1_196' title='bbox 684 3481 787 3552; x_wconf 88' lang='lat' dir='ltr'>animi</span> <span class='ocrx_word' id='word_1_197' title='bbox 808 3492 843 3552; x_wconf 90' lang='lat' dir='ltr'>et</span> <span class='ocrx_word' id='word_1_198' title='bbox 863 3481 1021 3553; x_wconf 82' lang='lat' dir='ltr'>facundia</span> <span class='ocrx_word' id='word_1_199' title='bbox 1039 3486 1211 3577; x_wconf 90' lang='lat' dir='ltr'>loquentis</span> 
     </span>
     <span class='ocr_line' id='line_1_25' title="bbox 129 3606 1213 3701; baseline 0.003 -22"><span class='ocrx_word' id='word_1_200' title='bbox 129 3607 292 3679; x_wconf 79' lang='lat' dir='ltr'>excutiet.</span> <span class='ocrx_word' id='word_1_201' title='bbox 311 3607 455 3678; x_wconf 91' lang='lat' dir='ltr'>lllultum</span> <span class='ocrx_word' id='word_1_202' title='bbox 469 3606 600 3677; x_wconf 82' lang='lat' dir='ltr'>Socrati</span> <span class='ocrx_word' id='word_1_203' title='bbox 619 3629 695 3678; x_wconf 89' lang='lat' dir='ltr'>meo</span> <span class='ocrx_word' id='word_1_204' title='bbox 713 3607 756 3679; x_wconf 92' lang='lat' dir='ltr'>dc</span> <span class='ocrx_word' id='word_1_205' title='bbox 778 3631 815 3679; x_wconf 89' lang='lat' dir='ltr'>rc</span> <span class='ocrx_word' id='word_1_206' title='bbox 832 3608 999 3701; x_wconf 89' lang='lat' dir='ltr'>qualibet,</span> <span class='ocrx_word' id='word_1_207' title='bbox 1022 3610 1087 3680; x_wconf 87' lang='lat' dir='ltr'>scd</span> <span class='ocrx_word' id='word_1_208' title='bbox 1107 3614 1213 3682; x_wconf 86' lang='lat' dir='ltr'>multo</span> 
     </span>
     <span class='ocr_line' id='line_1_26' title="bbox 128 3728 1211 3829; baseline 0.003 -29"><span class='ocrx_word' id='word_1_209' title='bbox 128 3734 207 3829; x_wconf 91' lang='lat' dir='ltr'>plus</span> <span class='ocrx_word' id='word_1_210' title='bbox 228 3730 440 3802; x_wconf 83' lang='lat' dir='ltr'>auctoritatis</span> <span class='ocrx_word' id='word_1_211' title='bbox 462 3752 501 3801; x_wconf 92' lang='lat' dir='ltr'>ac</span> <span class='ocrx_word' id='word_1_212' title='bbox 523 3728 602 3800; x_wconf 92' lang='lat' dir='ltr'>lidei</span> <span class='ocrx_word' id='word_1_213' title='bbox 624 3731 724 3802; x_wconf 83' lang='lat' dir='ltr'>fucrit</span> <span class='ocrx_word' id='word_1_214' title='bbox 745 3731 854 3803; x_wconf 75' lang='lat' dir='ltr'>antico</span> <span class='ocrx_word' id='word_1_215' title='bbox 878 3732 922 3803; x_wconf 88' lang='lat' dir='ltr'>dc</span> <span class='ocrx_word' id='word_1_216' title='bbox 944 3734 1088 3805; x_wconf 80' lang='lat' dir='ltr'>secretis</span> <span class='ocrx_word' id='word_1_217' title='bbox 1114 3735 1211 3806; x_wconf 86' lang='lat' dir='ltr'>amici</span> 
     </span>
     <span class='ocr_line' id='line_1_27' title="bbox 127 3854 1210 3952; baseline 0.004 -28"><span class='ocrx_word' id='word_1_218' title='bbox 127 3854 280 3926; x_wconf 87' lang='lat' dir='ltr'>consiliis</span> <span class='ocrx_word' id='word_1_219' title='bbox 297 3854 494 3925; x_wconf 85' lang='lat' dir='ltr'>disserenti.</span> <span class='ocrx_word' id='word_1_220' title='bbox 517 3855 623 3924; x_wconf 86' lang='lat' dir='ltr'>Multa</span> <span class='ocrx_word' id='word_1_221' title='bbox 648 3875 785 3946; x_wconf 91' lang='lat' dir='ltr'>quoque</span> <span class='ocrx_word' id='word_1_222' title='bbox 812 3854 856 3925; x_wconf 88' lang='lat' dir='ltr'>dc</span> <span class='ocrx_word' id='word_1_223' title='bbox 883 3855 1077 3939; x_wconf 78' lang='lat' dir='ltr'>amiciens,</span> <span class='ocrx_word' id='word_1_224' title='bbox 1107 3881 1210 3952; x_wconf 89' lang='lat' dir='ltr'>quam</span> 
     </span>
     <span class='ocr_line' id='line_1_28' title="bbox 128 3977 1211 4074; baseline 0.004 -25"><span class='ocrx_word' id='word_1_225' title='bbox 128 3979 170 4049; x_wconf 91' lang='lat' dir='ltr'>dc</span> <span class='ocrx_word' id='word_1_226' title='bbox 196 3977 350 4074; x_wconf 89' lang='lat' dir='ltr'>proprio,</span> <span class='ocrx_word' id='word_1_227' title='bbox 372 3977 596 4049; x_wconf 81' lang='lat' dir='ltr'>favorabilius</span> <span class='ocrx_word' id='word_1_228' title='bbox 630 3977 826 4049; x_wconf 86' lang='lat' dir='ltr'>audiuntur.</span> <span class='ocrx_word' id='word_1_229' title='bbox 854 3978 941 4050; x_wconf 93' lang='lat' dir='ltr'>lllud</span> <span class='ocrx_word' id='word_1_230' title='bbox 975 3979 1009 4049; x_wconf 94' lang='lat' dir='ltr'>in</span> <span class='ocrx_word' id='word_1_231' title='bbox 1038 3979 1142 4053; x_wconf 86' lang='lat' dir='ltr'>finem</span> <span class='ocrx_word' id='word_1_232' title='bbox 1171 4005 1211 4052; x_wconf 87' lang='lat' dir='ltr'>nc</span> 
     </span>
     <span class='ocr_line' id='line_1_29' title="bbox 127 4101 1209 4196; baseline 0.004 -27"><span class='ocrx_word' id='word_1_233' title='bbox 127 4101 342 4186; x_wconf 60' lang='lat' dir='ltr'>dissimules</span> <span class='ocrx_word' id='word_1_234' title='bbox 371 4101 517 4193; x_wconf 88' lang='lat' dir='ltr'>nequis</span> <span class='ocrx_word' id='word_1_235' title='bbox 548 4102 633 4173; x_wconf 91' lang='lat' dir='ltr'>lortc</span> <span class='ocrx_word' id='word_1_236' title='bbox 667 4102 711 4173; x_wconf 89' lang='lat' dir='ltr'>de</span> <span class='ocrx_word' id='word_1_237' title='bbox 744 4113 862 4174; x_wconf 89' lang='lat' dir='ltr'>nostra</span> <span class='ocrx_word' id='word_1_238' title='bbox 897 4103 1119 4196; x_wconf 85' lang='lat' dir='ltr'>simplicit-ate</span> <span class='ocrx_word' id='word_1_239' title='bbox 1148 4106 1209 4178; x_wconf 86' lang='lat' dir='ltr'>sibi</span> 
     </span>
     <span class='ocr_line' id='line_1_30' title="bbox 127 4224 1208 4317; baseline 0.007 -24"><span class='ocrx_word' id='word_1_240' title='bbox 127 4226 269 4317; x_wconf 86' lang='lat' dir='ltr'>placcat.</span> <span class='ocrx_word' id='word_1_241' title='bbox 292 4225 366 4294; x_wconf 90' lang='lat' dir='ltr'>Non</span> <span class='ocrx_word' id='word_1_242' title='bbox 387 4235 441 4296; x_wconf 91' lang='lat' dir='ltr'>est</span> <span class='ocrx_word' id='word_1_243' title='bbox 462 4248 544 4297; x_wconf 78' lang='lat' dir='ltr'>vera</span> <span class='ocrx_word' id='word_1_244' title='bbox 565 4225 765 4311; x_wconf 81' lang='lat' dir='ltr'>liberalilaS,</span> <span class='ocrx_word' id='word_1_245' title='bbox 789 4224 898 4310; x_wconf 79' lang='lat' dir='ltr'>dura3</span> <span class='ocrx_word' id='word_1_246' title='bbox 921 4251 990 4299; x_wconf 90' lang='lat' dir='ltr'>non</span> <span class='ocrx_word' id='word_1_247' title='bbox 1011 4231 1122 4315; x_wconf 88' lang='lat' dir='ltr'>lenta,</span> <span class='ocrx_word' id='word_1_248' title='bbox 1143 4253 1208 4301; x_wconf 92' lang='lat' dir='ltr'>uon</span> 
     </span>
     <span class='ocr_line' id='line_1_31' title="bbox 126 4345 1212 4447; baseline 0.006 -33"><span class='ocrx_word' id='word_1_249' title='bbox 126 4345 295 4417; x_wconf 82' lang='lat' dir='ltr'>difficilis:</span> <span class='ocrx_word' id='word_1_250' title='bbox 322 4348 406 4418; x_wconf 91' lang='lat' dir='ltr'>nihil</span> <span class='ocrx_word' id='word_1_251' title='bbox 442 4350 593 4444; x_wconf 83' lang='lat' dir='ltr'>respicit,</span> <span class='ocrx_word' id='word_1_252' title='bbox 623 4350 690 4420; x_wconf 90' lang='lat' dir='ltr'>nisi</span> <span class='ocrx_word' id='word_1_253' title='bbox 716 4372 818 4442; x_wconf 88' lang='lat' dir='ltr'>quem</span> <span class='ocrx_word' id='word_1_254' title='bbox 854 4354 1036 4447; x_wconf 80' lang='lat' dir='ltr'>complexa</span> <span class='ocrx_word' id='word_1_255' title='bbox 1066 4364 1135 4425; x_wconf 85' lang='lat' dir='ltr'>est.</span> <span class='ocrx_word' id='word_1_256' title='bbox 1164 4354 1212 4425; x_wconf 93' lang='lat' dir='ltr'>llli</span> 
     </span>
     <span class='ocr_line' id='line_1_32' title="bbox 128 4466 1213 4573; baseline 0.013 -39"><span class='ocrx_word' id='word_1_257' title='bbox 128 4466 299 4557; x_wconf 74' lang='lat' dir='ltr'>morigera</span> <span class='ocrx_word' id='word_1_258' title='bbox 321 4480 396 4539; x_wconf 84' lang='lat' dir='ltr'>cst:</span> <span class='ocrx_word' id='word_1_259' title='bbox 420 4496 486 4540; x_wconf 90' lang='lat' dir='ltr'>uon</span> <span class='ocrx_word' id='word_1_260' title='bbox 509 4473 601 4543; x_wconf 89' lang='lat' dir='ltr'>iubet</span> <span class='ocrx_word' id='word_1_261' title='bbox 623 4475 691 4551; x_wconf 84' lang='lat' dir='ltr'>illa,</span> <span class='ocrx_word' id='word_1_262' title='bbox 716 4473 777 4544; x_wconf 86' lang='lat' dir='ltr'>sed</span> <span class='ocrx_word' id='word_1_263' title='bbox 799 4475 1018 4567; x_wconf 81' lang='lat' dir='ltr'>obsequitur,</span> <span class='ocrx_word' id='word_1_264' title='bbox 1038 4486 1075 4546; x_wconf 87' lang='lat' dir='ltr'>ot</span> <span class='ocrx_word' id='word_1_265' title='bbox 1094 4478 1213 4573; x_wconf 89' lang='lat' dir='ltr'>implet</span> 
     </span>
    </p>
   </div>
   <div class='ocr_carea' id='block_1_3' title="bbox 0 0 1350 5024">
    <p class='ocr_par' dir='ltr' id='par_1_3' title="bbox 0 0 1350 5024">
     <span class='ocr_line' id='line_1_33' title="bbox 0 0 1350 5024; baseline 0 2"><span class='ocrx_word' id='word_1_266' title='bbox 0 0 1350 5024; x_wconf 95' lang='lat' dir='ltr'> </span> 
     </span>
    </p>
   </div>
  </div>
 </body>
</html>
