2692 5024
173 650 232 712 tto
517 663 558 711 mr
581 663 681 712 nauus
703 663 925 714 rruruurunus

171 815 281 890 cerat,
299 816 335 876 et
350 805 386 874 in
402 813 495 875 coetu
516 815 635 875 nostro
658 807 735 876 talis
757 828 848 877 unus
867 807 978 900 aptior
994 818 1082 890 erat,
1101 830 1213 900 quam
1233 813 1265 881 si

171 949 293 1001 omnes
315 925 592 999 studio-deditos
609 938 814 999 caeterarum
837 950 952 999 rerum
975 929 1133 1000 omnium
1161 932 1264 1004 incu-

171 1051 311 1121 riositas
326 1049 517 1119 habuisset.
538 1050 656 1141 ltaque
670 1049 716 1121 ad
731 1050 1007 1141 opportunitates
1026 1051 1145 1121 varias
1163 1074 1264 1124 com-

171 1174 274 1244 mode
304 1171 491 1243 admodum
522 1181 556 1242 et
581 1192 683 1266 paenc
707 1172 876 1243 divinitus
901 1173 958 1245 ille
982 1172 1083 1244 nobis
1108 1188 1264 1267 quartus

172 1303 379 1367 accesserat.
401 1293 511 1364 Nimis
531 1294 649 1364 felices
674 1293 742 1362 visi
769 1314 911 1365 sumus:
939 1295 1064 1368 invidit
1086 1298 1265 1369 crudelis-

172 1418 259 1489 sima
280 1421 417 1489 sortuna
437 1427 472 1486 et
491 1416 670 1508 indignata
689 1423 758 1500 est,
781 1417 876 1509 quod
897 1438 962 1488 nos
983 1419 1137 1490 noudum
1167 1430 1262 1493 totos

173 1550 344 1614 tantorum
382 1538 547 1611 comitum
587 1537 780 1629 perditione
813 1548 1035 1631 prostrasset.
1071 1543 1262 1618 Moverunt

170 1660 273 1732 ambo
299 1660 417 1741 simul,
442 1668 478 1731 et
498 1668 545 1744 te,
568 1660 685 1744 frater,
708 1660 802 1754 apud
825 1657 1054 1747 dvenionem,
1083 1674 1120 1734 et
1138 1677 1259 1738 certus

170 1806 249 1855 sum
269 1804 337 1853 non
360 1782 436 1852 sine
457 1781 633 1872 suspiriis,
654 1781 815 1866 dimisso,
835 1803 891 1852 me
912 1785 1057 1854 alteram
1075 1785 1184 1855 animi
1204 1789 1258 1858 sui

170 1915 304 2000 partem
324 1904 550 1998 cupidissime
571 1903 746 1996 petebant.
772 1904 933 1976 bloestam
959 1905 1063 1976 nimis
1088 1916 1126 1977 et
1150 1909 1260 1981 mise-

171 2050 244 2099 ram
259 2028 438 2099 historiam
453 2047 647 2118 aggressus
666 2047 760 2098 sum:
774 2028 843 2099 Sed
860 2038 916 2097 est
931 2027 1093 2119 quaedam
1112 2031 1258 2122 lugendi

170 2148 334 2232 dulcedo,
361 2169 431 2239 qua
457 2167 552 2239 saepe
578 2146 721 2217 nimium
749 2168 874 2239 pascor
903 2146 1033 2218 infelix.
1060 2149 1259 2223 Veniebant

168 2272 300 2364 pariter
319 2271 448 2362 optimo
469 2270 597 2355 animo,
621 2272 691 2342 sato
711 2270 879 2363 pessimo,
902 2269 1093 2342 miserabili
1112 2284 1255 2360 eventu,

58 2414 59 2417 ’
169 2395 225 2465 ille
245 2397 389 2465 Romam
410 2392 595 2484 petiturus,
618 2395 674 2463 ille
695 2393 911 2464 Florentiam.
935 2393 1011 2474 Quo
1032 2415 1119 2485 ergo
1138 2394 1258 2467 diver-

169 2515 239 2586 titis
261 2515 389 2586 amici‘l
410 2517 459 2585 lte
481 2517 623 2599 rectiuS,
647 2517 693 2585 ite
716 2515 897 2587 securius:
918 2537 987 2586 non
1008 2515 1075 2586 hoc
1096 2529 1254 2589 vestrum

168 2637 253 2705 iter:
276 2638 360 2725 quid
383 2637 584 2706 vobiscum
606 2637 753 2729 Alpibus
774 2637 1010 2731 nivibusque?

371 2815 477 2878 Omnia
496 2816 590 2878 vincit
606 2832 708 2892 amor,
728 2824 757 2879 et
774 2833 830 2879 vos
847 2818 979 2882 cessistis
993 2822 1103 2883 amori.

167 3003 368 3074 Veniebatis
403 3024 458 3072 me
491 3003 613 3074 visuri.
642 3002 704 3073 Hic
728 3014 803 3073 erat
828 3003 1003 3088 inimicus,
1032 3005 1099 3077 hac
1130 3020 1256 3084 catena

168 3126 418 3208 trahebamini;
451 3149 519 3198 non
546 3127 662 3211 ibatis,
693 3127 756 3197 sed
782 3124 1010 3198 trahebamini
1036 3128 1081 3198 ab
1115 3131 1174 3202 illo
1199 3136 1254 3204 cui

167 3251 293 3318 coelum
332 3250 445 3339 ipsum
484 3250 709 3341 obsequitur,
742 3249 796 3320 cui
830 3248 1064 3322 discordantia
1099 3252 1252 3325 invicem

165 3368 332 3439 obediunt
370 3372 557 3443 elementa:
592 3394 690 3444 amor
722 3371 940 3464 omnipotens
974 3394 1039 3443 vos
1075 3375 1249 3446 trahebat.

166 3491 328 3582 Agnosco
350 3492 494 3564 insidias
520 3498 687 3567 fortunae:
715 3494 781 3565 hoc
805 3495 877 3585 egit
903 3504 941 3564 ut
966 3493 1252 3570 inconsolabilius

165 3614 336 3698 dolerem3
355 3617 438 3708 quin
456 3625 491 3686 et
510 3617 592 3687 illud
614 3617 716 3709 impie
735 3618 850 3689 molita
868 3628 937 3701 est,
960 3619 1086 3709 utqui,
1107 3621 1177 3691 iam
1195 3645 1251 3693 re—

165 3758 270 3807 curso
290 3739 370 3807 anni
399 3738 526 3831 spatio,
550 3740 673 3830 pedem
694 3739 816 3810 Parma
842 3762 910 3809 non
936 3761 1127 3824 moveram,
1158 3767 1251 3814 nunc

165 3858 343 3943 abessem,
377 3859 444 3929 sub
468 3858 613 3930 obtentu
640 3862 756 3953 magni
783 3861 1024 3935 nesciocuius
1052 3864 1149 3946 boni,
1178 3890 1249 3959 quo

165 3982 296 4052 scilicet
328 4004 391 4053 nos
429 3993 573 4075 aspectu
608 3992 734 4054 mutuo·
760 3984 925 4076 privaret,
958 3995 994 4056 et
1029 4006 1095 4056 vos
1130 3988 1249 4059 animo

163 4113 420 4187 consternatos,
444 4105 638 4196 raptimque
662 4128 702 4175 ac
728 4127 873 4197 propere
898 4107 1087 4198 fugientes,
1111 4109 1248 4181 facilius

163 4223 197 4292 in
225 4227 388 4317 laqueum
415 4238 620 4319 praeparutae
653 4227 773 4297 mortis
808 4227 1006 4321 impelleret.
1041 4231 1114 4300 Heu
1147 4232 1248 4303 dolor

163 4345 387 4419 insatiabilis!
413 4352 486 4421 Heu
512 4353 642 4422 vulnus
667 4354 859 4422 aeternuml
889 4345 1121 4423 Festinabatis
1150 4357 1247 4427 obliti

163 4462 320 4535 laborum
341 4483 375 4539 et
397 4472 626 4561 periculorum
648 4475 818 4557 omnium;
841 4487 987 4548 caeteras
1013 4478 1105 4547 enim
1129 4503 1247 4565 curas
