<?xml version="1.0" encoding="UTF-8"?>
<!DOCTYPE html PUBLIC "-//W3C//DTD XHTML 1.0 Transitional//EN"
    "http://www.w3.org/TR/xhtml1/DTD/xhtml1-transitional.dtd">
<html xmlns="http://www.w3.org/1999/xhtml" xml:lang="en" lang="en">
 <head>
  <title>
</title>
<meta http-equiv="Content-Type" content="text/html;charset=utf-8" />
  <meta name='ocr-system' content='tesseract 3.04.00' />
  <meta name='ocr-capabilities' content='ocr_page ocr_carea ocr_par ocr_line ocrx_word'/>
</head>
<body>
  <div class='ocr_page' id='page_1' title='image "./epistolaederebu00fracgoog_0583.png"; bbox 0 0 2692 5024; ppageno 0'>
   <div class='ocr_carea' id='block_1_1' title="bbox 129 604 868 665">
    <p class='ocr_par' dir='ltr' id='par_1_1' title="bbox 129 604 868 665">
     <span class='ocr_line' id='line_1_1' title="bbox 129 604 868 665; baseline 0.001 -1"><span class='ocrx_word' id='word_1_1' title='bbox 129 604 188 664; x_wconf 69' lang='lat' dir='ltr'><strong>teu</strong></span> <span class='ocrx_word' id='word_1_2' title='bbox 464 616 506 664; x_wconf 81' lang='lat' dir='ltr'><strong>nn</strong></span> <span class='ocrx_word' id='word_1_3' title='bbox 527 615 627 665; x_wconf 80' lang='lat' dir='ltr'><strong>nunus</strong></span> <span class='ocrx_word' id='word_1_4' title='bbox 649 614 868 665; x_wconf 74' lang='lat' dir='ltr'><strong>annullamus</strong></span> 
     </span>
    </p>
   </div>
   <div class='ocr_carea' id='block_1_2' title="bbox 126 761 1219 4524">
    <p class='ocr_par' dir='ltr' id='par_1_2' title="bbox 126 761 1219 4524">
     <span class='ocr_line' id='line_1_2' title="bbox 130 761 1216 858; baseline 0.002 -24"><span class='ocrx_word' id='word_1_5' title='bbox 130 765 216 837; x_wconf 90' lang='lat' dir='ltr'><strong>miro</strong></span> <span class='ocrx_word' id='word_1_6' title='bbox 233 764 312 835; x_wconf 85' lang='lat' dir='ltr'><strong>licet</strong></span> <span class='ocrx_word' id='word_1_7' title='bbox 329 766 419 834; x_wconf 89' lang='lat' dir='ltr'><strong>lonlo</strong></span> <span class='ocrx_word' id='word_1_8' title='bbox 434 763 615 854; x_wconf 77' lang='lat' dir='ltr'><strong>cognosei;</strong></span> <span class='ocrx_word' id='word_1_9' title='bbox 633 762 728 856; x_wconf 89' lang='lat' dir='ltr'><strong>quod</strong></span> <span class='ocrx_word' id='word_1_10' title='bbox 746 761 872 834; x_wconf 92' lang='lat' dir='ltr'><strong>idcirco</strong></span> <span class='ocrx_word' id='word_1_11' title='bbox 887 762 1062 848; x_wconf 83' lang='lat' dir='ltr'>dixerim,</span> <span class='ocrx_word' id='word_1_12' title='bbox 1078 786 1123 835; x_wconf 90' lang='lat' dir='ltr'><strong>ne</strong></span> <span class='ocrx_word' id='word_1_13' title='bbox 1140 767 1216 858; x_wconf 89' lang='lat' dir='ltr'><strong>quis</strong></span> 
     </span>
     <span class='ocr_line' id='line_1_3' title="bbox 127 884 1215 979; baseline 0.001 -21"><span class='ocrx_word' id='word_1_14' title='bbox 127 886 274 971; x_wconf 87' lang='lat' dir='ltr'><strong>dubitet,</strong></span> <span class='ocrx_word' id='word_1_15' title='bbox 302 908 359 957; x_wconf 91' lang='lat' dir='ltr'><strong>me</strong></span> <span class='ocrx_word' id='word_1_16' title='bbox 384 885 467 957; x_wconf 92' lang='lat' dir='ltr'><strong>illud</strong></span> <span class='ocrx_word' id='word_1_17' title='bbox 488 907 549 956; x_wconf 88' lang='lat' dir='ltr'><strong>rus</strong></span> <span class='ocrx_word' id='word_1_18' title='bbox 568 909 659 957; x_wconf 92' lang='lat' dir='ltr'><strong>nunc</strong></span> <span class='ocrx_word' id='word_1_19' title='bbox 685 907 867 979; x_wconf 91' lang='lat' dir='ltr'><strong>spernere,</strong></span> <span class='ocrx_word' id='word_1_20' title='bbox 890 884 985 978; x_wconf 89' lang='lat' dir='ltr'><strong>quod</strong></span> <span class='ocrx_word' id='word_1_21' title='bbox 1002 886 1093 957; x_wconf 92' lang='lat' dir='ltr'><strong>mibi</strong></span> <span class='ocrx_word' id='word_1_22' title='bbox 1112 887 1215 959; x_wconf 89' lang='lat' dir='ltr'><strong>meis-</strong></span> 
     </span>
     <span class='ocr_line' id='line_1_4' title="bbox 127 1005 1213 1103; baseline 0.002 -23"><span class='ocrx_word' id='word_1_23' title='bbox 127 1031 196 1103; x_wconf 91' lang='lat' dir='ltr'><strong>que</strong></span> <span class='ocrx_word' id='word_1_24' title='bbox 220 1008 325 1079; x_wconf 88' lang='lat' dir='ltr'><strong>rebus</strong></span> <span class='ocrx_word' id='word_1_25' title='bbox 350 1007 571 1100; x_wconf 90' lang='lat' dir='ltr'><strong>aptissimum</strong></span> <span class='ocrx_word' id='word_1_26' title='bbox 593 1028 733 1100; x_wconf 83' lang='lat' dir='ltr'><strong>semper</strong></span> <span class='ocrx_word' id='word_1_27' title='bbox 753 1007 883 1091; x_wconf 88' lang='lat' dir='ltr'><strong>inveni,</strong></span> <span class='ocrx_word' id='word_1_28' title='bbox 904 1005 966 1078; x_wconf 91' lang='lat' dir='ltr'><strong>ubi</strong></span> <span class='ocrx_word' id='word_1_29' title='bbox 988 1029 1089 1101; x_wconf 80' lang='lat' dir='ltr'><strong>saepe</strong></span> <span class='ocrx_word' id='word_1_30' title='bbox 1112 1032 1213 1082; x_wconf 90' lang='lat' dir='ltr'><strong>curas</strong></span> 
     </span>
     <span class='ocr_line' id='line_1_5' title="bbox 130 1127 1212 1222; baseline 0 -19"><span class='ocrx_word' id='word_1_31' title='bbox 130 1131 281 1203; x_wconf 86' lang='lat' dir='ltr'><strong>urbanas</strong></span> <span class='ocrx_word' id='word_1_32' title='bbox 315 1130 444 1202; x_wconf 87' lang='lat' dir='ltr'><strong>rustica</strong></span> <span class='ocrx_word' id='word_1_33' title='bbox 469 1129 590 1222; x_wconf 89' lang='lat' dir='ltr'><strong>requie</strong></span> <span class='ocrx_word' id='word_1_34' title='bbox 616 1128 833 1221; x_wconf 81' lang='lat' dir='ltr'><strong>permutavi:</strong></span> <span class='ocrx_word' id='word_1_35' title='bbox 859 1127 955 1221; x_wconf 90' lang='lat' dir='ltr'><strong>qnod</strong></span> <span class='ocrx_word' id='word_1_36' title='bbox 980 1151 1052 1201; x_wconf 91' lang='lat' dir='ltr'><strong>non</strong></span> <span class='ocrx_word' id='word_1_37' title='bbox 1079 1142 1212 1203; x_wconf 88' lang='lat' dir='ltr'><strong>tantum</strong></span> 
     </span>
     <span class='ocr_line' id='line_1_6' title="bbox 126 1250 1213 1347; baseline 0.002 -23"><span class='ocrx_word' id='word_1_38' title='bbox 126 1254 294 1325; x_wconf 78' lang='lat' dir='ltr'><strong>electione</strong></span> <span class='ocrx_word' id='word_1_39' title='bbox 309 1253 400 1347; x_wconf 89' lang='lat' dir='ltr'><strong>ipsa,</strong></span> <span class='ocrx_word' id='word_1_40' title='bbox 421 1253 485 1325; x_wconf 90' lang='lat' dir='ltr'><strong>scd</strong></span> <span class='ocrx_word' id='word_1_41' title='bbox 504 1250 706 1343; x_wconf 78' lang='lat' dir='ltr'><strong>agrestibus</strong></span> <span class='ocrx_word' id='word_1_42' title='bbox 724 1250 847 1335; x_wconf 87' lang='lat' dir='ltr'><strong>muris,</strong></span> <span class='ocrx_word' id='word_1_43' title='bbox 870 1259 907 1322; x_wconf 88' lang='lat' dir='ltr'><strong>et</strong></span> <span class='ocrx_word' id='word_1_44' title='bbox 925 1250 979 1345; x_wconf 78' lang='lat' dir='ltr'><strong>(ut</strong></span> <span class='ocrx_word' id='word_1_45' title='bbox 995 1253 1111 1347; x_wconf 85' lang='lat' dir='ltr'><strong>spero)</strong></span> <span class='ocrx_word' id='word_1_46' title='bbox 1132 1256 1213 1326; x_wconf 89' lang='lat' dir='ltr'><strong>soli-</strong></span> 
     </span>
     <span class='ocr_line' id='line_1_7' title="bbox 127 1372 1211 1473; baseline 0.002 -25"><span class='ocrx_word' id='word_1_47' title='bbox 127 1377 224 1448; x_wconf 89' lang='lat' dir='ltr'><strong>diore</strong></span> <span class='ocrx_word' id='word_1_48' title='bbox 241 1384 424 1459; x_wconf 88' lang='lat' dir='ltr'><strong>caemento,</strong></span> <span class='ocrx_word' id='word_1_49' title='bbox 444 1373 563 1445; x_wconf 85' lang='lat' dir='ltr'><strong>verbis</strong></span> <span class='ocrx_word' id='word_1_50' title='bbox 581 1384 686 1467; x_wconf 89' lang='lat' dir='ltr'><strong>atque</strong></span> <span class='ocrx_word' id='word_1_51' title='bbox 703 1372 932 1458; x_wconf 82' lang='lat' dir='ltr'><strong>carminibus,</strong></span> <span class='ocrx_word' id='word_1_52' title='bbox 953 1373 1134 1446; x_wconf 88' lang='lat' dir='ltr'><strong>illustrare</strong></span> <span class='ocrx_word' id='word_1_53' title='bbox 1153 1401 1211 1473; x_wconf 85' lang='lat' dir='ltr'><strong>pru</strong></span> 
     </span>
     <span class='ocr_line' id='line_1_8' title="bbox 128 1494 1208 1581; baseline 0.002 -13"><span class='ocrx_word' id='word_1_54' title='bbox 128 1499 262 1568; x_wconf 90' lang='lat' dir='ltr'><strong>viribus</strong></span> <span class='ocrx_word' id='word_1_55' title='bbox 292 1495 419 1567; x_wconf 91' lang='lat' dir='ltr'><strong>studui.</strong></span> <span class='ocrx_word' id='word_1_56' title='bbox 452 1495 537 1579; x_wconf 92' lang='lat' dir='ltr'><strong>lllic,</strong></span> <span class='ocrx_word' id='word_1_57' title='bbox 572 1496 670 1566; x_wconf 91' lang='lat' dir='ltr'><strong>iuvat</strong></span> <span class='ocrx_word' id='word_1_58' title='bbox 695 1494 788 1566; x_wconf 84' lang='lat' dir='ltr'><strong>enim</strong></span> <span class='ocrx_word' id='word_1_59' title='bbox 813 1494 1033 1581; x_wconf 88' lang='lat' dir='ltr'><strong>meminisse,</strong></span> <span class='ocrx_word' id='word_1_60' title='bbox 1062 1496 1208 1572; x_wconf 79' lang='lat' dir='ltr'><strong>Africani</strong></span> 
     </span>
     <span class='ocr_line' id='line_1_9' title="bbox 126 1617 1209 1711; baseline 0.005 -23"><span class='ocrx_word' id='word_1_61' title='bbox 126 1640 241 1688; x_wconf 90' lang='lat' dir='ltr'><strong>meam</strong></span> <span class='ocrx_word' id='word_1_62' title='bbox 260 1617 349 1711; x_wconf 90' lang='lat' dir='ltr'><strong>coepi</strong></span> <span class='ocrx_word' id='word_1_63' title='bbox 372 1624 467 1687; x_wconf 89' lang='lat' dir='ltr'><strong>tanto</strong></span> <span class='ocrx_word' id='word_1_64' title='bbox 488 1617 620 1708; x_wconf 91' lang='lat' dir='ltr'><strong>impetu</strong></span> <span class='ocrx_word' id='word_1_65' title='bbox 642 1626 808 1709; x_wconf 86' lang='lat' dir='ltr'><strong>tantoque</strong></span> <span class='ocrx_word' id='word_1_66' title='bbox 827 1618 907 1688; x_wconf 92' lang='lat' dir='ltr'><strong>nisu</strong></span> <span class='ocrx_word' id='word_1_67' title='bbox 924 1617 1048 1705; x_wconf 89' lang='lat' dir='ltr'><strong>animi,</strong></span> <span class='ocrx_word' id='word_1_68' title='bbox 1069 1632 1108 1692; x_wconf 91' lang='grc' dir='ltr'><strong>ιιι</strong></span> <span class='ocrx_word' id='word_1_69' title='bbox 1124 1643 1209 1694; x_wconf 91' lang='lat' dir='ltr'><strong>nunc</strong></span> 
     </span>
     <span class='ocr_line' id='line_1_10' title="bbox 128 1738 1209 1834; baseline 0.006 -25"><span class='ocrx_word' id='word_1_70' title='bbox 128 1741 242 1810; x_wconf 87' lang='lat' dir='ltr'><strong>limum</strong></span> <span class='ocrx_word' id='word_1_71' title='bbox 262 1761 326 1834; x_wconf 91' lang='lat' dir='ltr'><strong>per</strong></span> <span class='ocrx_word' id='word_1_72' title='bbox 348 1739 472 1811; x_wconf 88' lang='lat' dir='ltr'><strong>eadem</strong></span> <span class='ocrx_word' id='word_1_73' title='bbox 498 1740 653 1809; x_wconf 84' lang='lat' dir='ltr'><strong>reserens</strong></span> <span class='ocrx_word' id='word_1_74' title='bbox 675 1738 837 1829; x_wconf 80' lang='lat' dir='ltr'><strong>vestigia,</strong></span> <span class='ocrx_word' id='word_1_75' title='bbox 865 1738 942 1833; x_wconf 88' lang='lat' dir='ltr'><strong>ipse</strong></span> <span class='ocrx_word' id='word_1_76' title='bbox 956 1762 1088 1813; x_wconf 53' lang='lat' dir='ltr'><strong>&gt;meam</strong></span> <span class='ocrx_word' id='word_1_77' title='bbox 1108 1743 1209 1815; x_wconf 90' lang='lat' dir='ltr'><strong>auda-</strong></span> 
     </span>
     <span class='ocr_line' id='line_1_11' title="bbox 126 1857 1209 1958; baseline 0.003 -26"><span class='ocrx_word' id='word_1_78' title='bbox 126 1860 231 1945; x_wconf 86' lang='lat' dir='ltr'><strong>ciam,</strong></span> <span class='ocrx_word' id='word_1_79' title='bbox 249 1870 295 1932; x_wconf 90' lang='lat' dir='ltr'><strong>et</strong></span> <span class='ocrx_word' id='word_1_80' title='bbox 318 1881 446 1951; x_wconf 76' lang='lat' dir='ltr'><strong>magna</strong></span> <span class='ocrx_word' id='word_1_81' title='bbox 470 1858 586 1952; x_wconf 83' lang='lat' dir='ltr'><strong>operis</strong></span> <span class='ocrx_word' id='word_1_82' title='bbox 611 1857 836 1929; x_wconf 85' lang='lat' dir='ltr'><strong>fundamenta</strong></span> <span class='ocrx_word' id='word_1_83' title='bbox 856 1858 1124 1950; x_wconf 89' lang='lat' dir='ltr'><strong>quodammodo</strong></span> <span class='ocrx_word' id='word_1_84' title='bbox 1138 1886 1209 1958; x_wconf 90' lang='lat' dir='ltr'><strong>per·</strong></span> 
     </span>
     <span class='ocr_line' id='line_1_12' title="bbox 127 1980 1208 2078; baseline 0.005 -24"><span class='ocrx_word' id='word_1_85' title='bbox 127 1983 338 2056; x_wconf 80' lang='lat' dir='ltr'><strong>horrescam</strong></span> <span class='ocrx_word' id='word_1_86' title='bbox 373 1980 444 2051; x_wconf 85' lang='lat' dir='ltr'><strong>Illic</strong></span> <span class='ocrx_word' id='word_1_87' title='bbox 468 1990 503 2051; x_wconf 89' lang='lat' dir='ltr'><strong>et</strong></span> <span class='ocrx_word' id='word_1_88' title='bbox 522 1980 748 2072; x_wconf 90' lang='lat' dir='ltr'><strong>epistolarum</strong></span> <span class='ocrx_word' id='word_1_89' title='bbox 771 1980 956 2073; x_wconf 89' lang='lat' dir='ltr'><strong>utriusque</strong></span> <span class='ocrx_word' id='word_1_90' title='bbox 984 1983 1056 2054; x_wconf 90' lang='lat' dir='ltr'><strong>stili</strong></span> <span class='ocrx_word' id='word_1_91' title='bbox 1082 1997 1208 2078; x_wconf 88' lang='lat' dir='ltr'><strong>partem</strong></span> 
     </span>
     <span class='ocr_line' id='line_1_13' title="bbox 127 2102 1210 2195; baseline 0.003 -21"><span class='ocrx_word' id='word_1_92' title='bbox 127 2128 195 2175; x_wconf 93' lang='lat' dir='ltr'><strong>non</strong></span> <span class='ocrx_word' id='word_1_93' title='bbox 215 2105 389 2195; x_wconf 76' lang='lat' dir='ltr'><strong>exiguam,</strong></span> <span class='ocrx_word' id='word_1_94' title='bbox 412 2111 449 2173; x_wconf 86' lang='lat' dir='ltr'><strong>el</strong></span> <span class='ocrx_word' id='word_1_95' title='bbox 470 2122 567 2194; x_wconf 89' lang='lat' dir='ltr'><strong>paene</strong></span> <span class='ocrx_word' id='word_1_96' title='bbox 590 2110 697 2173; x_wconf 86' lang='lat' dir='ltr'><strong>totum</strong></span> <span class='ocrx_word' id='word_1_97' title='bbox 720 2102 919 2173; x_wconf 88' lang='lat' dir='ltr'><strong>Bucolicum</strong></span> <span class='ocrx_word' id='word_1_98' title='bbox 936 2125 1083 2177; x_wconf 88' lang='lat' dir='ltr'><strong>carmen</strong></span> <span class='ocrx_word' id='word_1_99' title='bbox 1103 2107 1210 2179; x_wconf 88' lang='lat' dir='ltr'><strong>absol-</strong></span> 
     </span>
     <span class='ocr_line' id='line_1_14' title="bbox 127 2226 1209 2322; baseline 0.006 -24"><span class='ocrx_word' id='word_1_100' title='bbox 127 2228 180 2313; x_wconf 89' lang='lat' dir='ltr'><strong>vi,</strong></span> <span class='ocrx_word' id='word_1_101' title='bbox 195 2251 299 2322; x_wconf 85' lang='lat' dir='ltr'><strong>quam</strong></span> <span class='ocrx_word' id='word_1_102' title='bbox 318 2228 415 2299; x_wconf 87' lang='lat' dir='ltr'><strong>brevi</strong></span> <span class='ocrx_word' id='word_1_103' title='bbox 434 2227 570 2299; x_wconf 88' lang='lat' dir='ltr'><strong>dierum</strong></span> <span class='ocrx_word' id='word_1_104' title='bbox 590 2226 714 2320; x_wconf 92' lang='lat' dir='ltr'><strong>spatio,</strong></span> <span class='ocrx_word' id='word_1_105' title='bbox 735 2227 764 2296; x_wconf 92' lang='lat' dir='ltr'><strong>si</strong></span> <span class='ocrx_word' id='word_1_106' title='bbox 782 2227 889 2311; x_wconf 88' lang='lat' dir='ltr'><strong>noris,</strong></span> <span class='ocrx_word' id='word_1_107' title='bbox 909 2237 1071 2321; x_wconf 86' lang='lat' dir='ltr'><strong>stupeas.</strong></span> <span class='ocrx_word' id='word_1_108' title='bbox 1092 2232 1209 2304; x_wconf 89' lang='lat' dir='ltr'><strong>Nullus</strong></span> 
     </span>
     <span class='ocr_line' id='line_1_15' title="bbox 128 2348 1209 2444; baseline 0.004 -22"><span class='ocrx_word' id='word_1_109' title='bbox 128 2355 223 2422; x_wconf 92' lang='lat' dir='ltr'><strong>locus</strong></span> <span class='ocrx_word' id='word_1_110' title='bbox 244 2362 306 2421; x_wconf 88' lang='lat' dir='ltr'><strong>aut</strong></span> <span class='ocrx_word' id='word_1_111' title='bbox 332 2353 411 2444; x_wconf 91' lang='lat' dir='ltr'><strong>plus</strong></span> <span class='ocrx_word' id='word_1_112' title='bbox 432 2348 496 2420; x_wconf 92' lang='lat' dir='ltr'><strong>ocii</strong></span> <span class='ocrx_word' id='word_1_113' title='bbox 523 2348 673 2443; x_wconf 84' lang='lat' dir='ltr'><strong>praebuit</strong></span> <span class='ocrx_word' id='word_1_114' title='bbox 699 2358 759 2419; x_wconf 89' lang='lat' dir='ltr'><strong>ant</strong></span> <span class='ocrx_word' id='word_1_115' title='bbox 786 2349 943 2421; x_wconf 91' lang='lat' dir='ltr'><strong>stimulos</strong></span> <span class='ocrx_word' id='word_1_116' title='bbox 969 2353 1141 2427; x_wconf 89' lang='lat' dir='ltr'><strong>acriores.</strong></span> <span class='ocrx_word' id='word_1_117' title='bbox 1161 2358 1209 2426; x_wconf 81' lang='lat' dir='ltr'><strong>Ex</strong></span> 
     </span>
     <span class='ocr_line' id='line_1_16' title="bbox 127 2471 1209 2547; baseline 0.005 -4"><span class='ocrx_word' id='word_1_118' title='bbox 127 2472 288 2543; x_wconf 90' lang='lat' dir='ltr'><strong>omnibus</strong></span> <span class='ocrx_word' id='word_1_119' title='bbox 309 2473 411 2542; x_wconf 88' lang='lat' dir='ltr'><strong>terris</strong></span> <span class='ocrx_word' id='word_1_120' title='bbox 433 2495 474 2541; x_wconf 89' lang='lat' dir='ltr'><strong>ac</strong></span> <span class='ocrx_word' id='word_1_121' title='bbox 496 2471 636 2541; x_wconf 86' lang='lat' dir='ltr'><strong>saeculis</strong></span> <span class='ocrx_word' id='word_1_122' title='bbox 658 2471 810 2542; x_wconf 88' lang='lat' dir='ltr'><strong>illustres</strong></span> <span class='ocrx_word' id='word_1_123' title='bbox 829 2471 922 2542; x_wconf 90' lang='lat' dir='ltr'><strong>viros</strong></span> <span class='ocrx_word' id='word_1_124' title='bbox 943 2474 979 2541; x_wconf 92' lang='lat' dir='ltr'><strong>in</strong></span> <span class='ocrx_word' id='word_1_125' title='bbox 1002 2498 1116 2546; x_wconf 93' lang='lat' dir='ltr'><strong>unum</strong></span> <span class='ocrx_word' id='word_1_126' title='bbox 1137 2500 1209 2547; x_wconf 89' lang='lat' dir='ltr'><strong>con-</strong></span> 
     </span>
     <span class='ocr_line' id='line_1_17' title="bbox 128 2590 1209 2672; baseline 0.006 -12"><span class='ocrx_word' id='word_1_127' title='bbox 128 2591 301 2672; x_wconf 84' lang='lat' dir='ltr'><strong>trahendi,</strong></span> <span class='ocrx_word' id='word_1_128' title='bbox 328 2592 384 2659; x_wconf 87' lang='lat' dir='ltr'><strong>illa</strong></span> <span class='ocrx_word' id='word_1_129' title='bbox 412 2590 496 2657; x_wconf 92' lang='lat' dir='ltr'><strong>mibi</strong></span> <span class='ocrx_word' id='word_1_130' title='bbox 523 2591 673 2660; x_wconf 90' lang='lat' dir='ltr'><strong>solitudo</strong></span> <span class='ocrx_word' id='word_1_131' title='bbox 696 2591 793 2662; x_wconf 82' lang='lat' dir='ltr'><strong>dedit</strong></span> <span class='ocrx_word' id='word_1_132' title='bbox 821 2592 992 2663; x_wconf 88' lang='lat' dir='ltr'><strong>animum:</strong></span> <span class='ocrx_word' id='word_1_133' title='bbox 1026 2598 1209 2668; x_wconf 86' lang='lat' dir='ltr'><strong>solitariam</strong></span> 
     </span>
     <span class='ocr_line' id='line_1_18' title="bbox 127 2709 1213 2805; baseline 0.004 -23"><span class='ocrx_word' id='word_1_134' title='bbox 127 2709 233 2782; x_wconf 87' lang='lat' dir='ltr'><strong>vitam</strong></span> <span class='ocrx_word' id='word_1_135' title='bbox 244 2709 515 2801; x_wconf 79' lang='lat' dir='ltr'><strong>religiosumque</strong></span> <span class='ocrx_word' id='word_1_136' title='bbox 525 2710 645 2797; x_wconf 89' lang='lat' dir='ltr'><strong>otium,</strong></span> <span class='ocrx_word' id='word_1_137' title='bbox 657 2714 795 2804; x_wconf 84' lang='lat' dir='ltr'><strong>singula</strong></span> <span class='ocrx_word' id='word_1_138' title='bbox 806 2713 852 2784; x_wconf 90' lang='lat' dir='ltr'><strong>ibi</strong></span> <span class='ocrx_word' id='word_1_139' title='bbox 867 2715 1015 2805; x_wconf 81' lang='lat' dir='ltr'><strong>singulis</strong></span> <span class='ocrx_word' id='word_1_140' title='bbox 1031 2719 1213 2790; x_wconf 88' lang='lat' dir='ltr'><strong>volumini-</strong></span> 
     </span>
     <span class='ocr_line' id='line_1_19' title="bbox 128 2832 1214 2929; baseline 0.006 -26"><span class='ocrx_word' id='word_1_141' title='bbox 128 2833 193 2904; x_wconf 90' lang='lat' dir='ltr'><strong>bus</strong></span> <span class='ocrx_word' id='word_1_142' title='bbox 211 2832 476 2926; x_wconf 81' lang='lat' dir='ltr'><strong>pcrstringenda</strong></span> <span class='ocrx_word' id='word_1_143' title='bbox 495 2842 530 2902; x_wconf 89' lang='lat' dir='ltr'><strong>et</strong></span> <span class='ocrx_word' id='word_1_144' title='bbox 548 2833 720 2906; x_wconf 90' lang='lat' dir='ltr'><strong>laudanda</strong></span> <span class='ocrx_word' id='word_1_145' title='bbox 736 2836 885 2926; x_wconf 89' lang='lat' dir='ltr'><strong>suscepi.</strong></span> <span class='ocrx_word' id='word_1_146' title='bbox 901 2837 1064 2929; x_wconf 82' lang='lat' dir='ltr'><strong>Denique</strong></span> <span class='ocrx_word' id='word_1_147' title='bbox 1085 2842 1214 2912; x_wconf 89' lang='lat' dir='ltr'><strong>iuveni-</strong></span> 
     </span>
     <span class='ocr_line' id='line_1_20' title="bbox 129 2956 1215 3056; baseline 0.006 -30"><span class='ocrx_word' id='word_1_148' title='bbox 129 2960 194 3027; x_wconf 85' lang='lat' dir='ltr'><strong>lem</strong></span> <span class='ocrx_word' id='word_1_149' title='bbox 212 2965 353 3039; x_wconf 88' lang='lat' dir='ltr'><strong>aestum,</strong></span> <span class='ocrx_word' id='word_1_150' title='bbox 375 2956 433 3048; x_wconf 92' lang='lat' dir='ltr'><strong>qui</strong></span> <span class='ocrx_word' id='word_1_151' title='bbox 452 2978 506 3026; x_wconf 89' lang='lat' dir='ltr'><strong>me</strong></span> <span class='ocrx_word' id='word_1_152' title='bbox 529 2959 654 3028; x_wconf 91' lang='lat' dir='ltr'><strong>multos</strong></span> <span class='ocrx_word' id='word_1_153' title='bbox 673 2980 780 3028; x_wconf 90' lang='lat' dir='ltr'><strong>annos</strong></span> <span class='ocrx_word' id='word_1_154' title='bbox 801 2959 935 3042; x_wconf 90' lang='lat' dir='ltr'><strong>torruit,</strong></span> <span class='ocrx_word' id='word_1_155' title='bbox 956 2968 996 3028; x_wconf 93' lang='grc' dir='ltr'><strong>ιιι</strong></span> <span class='ocrx_word' id='word_1_156' title='bbox 1011 2962 1121 3046; x_wconf 90' lang='lat' dir='ltr'><strong>nosti,</strong></span> <span class='ocrx_word' id='word_1_157' title='bbox 1143 2984 1215 3056; x_wconf 89' lang='lat' dir='ltr'><strong>spe·</strong></span> 
     </span>
     <span class='ocr_line' id='line_1_21' title="bbox 129 3073 1215 3164; baseline 0.005 -16"><span class='ocrx_word' id='word_1_158' title='bbox 129 3100 210 3148; x_wconf 89' lang='lat' dir='ltr'><strong>rans</strong></span> <span class='ocrx_word' id='word_1_159' title='bbox 228 3073 294 3147; x_wconf 87' lang='lat' dir='ltr'><strong>illis</strong></span> <span class='ocrx_word' id='word_1_160' title='bbox 316 3076 528 3149; x_wconf 88' lang='lat' dir='ltr'><strong>umbraculis</strong></span> <span class='ocrx_word' id='word_1_161' title='bbox 548 3078 667 3164; x_wconf 90' lang='lat' dir='ltr'><strong>lenire,</strong></span> <span class='ocrx_word' id='word_1_162' title='bbox 683 3100 725 3149; x_wconf 89' lang='lat' dir='ltr'><strong>co</strong></span> <span class='ocrx_word' id='word_1_163' title='bbox 745 3078 812 3147; x_wconf 89' lang='lat' dir='ltr'><strong>iam</strong></span> <span class='ocrx_word' id='word_1_164' title='bbox 827 3078 906 3149; x_wconf 88' lang='lat' dir='ltr'><strong>indo</strong></span> <span class='ocrx_word' id='word_1_165' title='bbox 920 3079 966 3150; x_wconf 89' lang='lat' dir='ltr'><strong>ab</strong></span> <span class='ocrx_word' id='word_1_166' title='bbox 979 3082 1215 3156; x_wconf 85' lang='lat' dir='ltr'><strong>adolescentia</strong></span> 
     </span>
     <span class='ocr_line' id='line_1_22' title="bbox 129 3200 1213 3290; baseline 0.006 -22"><span class='ocrx_word' id='word_1_167' title='bbox 129 3222 223 3290; x_wconf 73' lang='lat' dir='ltr'><strong>saepe</strong></span> <span class='ocrx_word' id='word_1_168' title='bbox 240 3200 436 3290; x_wconf 77' lang='lat' dir='ltr'><strong>confugere,</strong></span> <span class='ocrx_word' id='word_1_169' title='bbox 454 3202 596 3271; x_wconf 89' lang='lat' dir='ltr'><strong>velutin</strong></span> <span class='ocrx_word' id='word_1_170' title='bbox 612 3221 728 3270; x_wconf 88' lang='lat' dir='ltr'><strong>arcem</strong></span> <span class='ocrx_word' id='word_1_171' title='bbox 748 3201 1026 3286; x_wconf 88' lang='lat' dir='ltr'><strong>munitissimam,</strong></span> <span class='ocrx_word' id='word_1_172' title='bbox 1048 3205 1213 3277; x_wconf 90' lang='lat' dir='ltr'><strong>solebam.</strong></span> 
     </span>
     <span class='ocr_line' id='line_1_23' title="bbox 129 3319 1214 3416; baseline 0.011 -29"><span class='ocrx_word' id='word_1_173' title='bbox 129 3319 196 3388; x_wconf 86' lang='lat' dir='ltr'><strong>Sed</strong></span> <span class='ocrx_word' id='word_1_174' title='bbox 217 3321 285 3389; x_wconf 80' lang='lat' dir='ltr'><strong>lieu</strong></span> <span class='ocrx_word' id='word_1_175' title='bbox 308 3321 389 3389; x_wconf 83' lang='lat' dir='ltr'><strong>milii</strong></span> <span class='ocrx_word' id='word_1_176' title='bbox 411 3321 670 3416; x_wconf 67' lang='lat' dir='ltr'><strong>incaulol&#39;ipsa</strong></span> <span class='ocrx_word' id='word_1_177' title='bbox 691 3343 817 3416; x_wconf 88' lang='lat' dir='ltr'><strong>nempe</strong></span> <span class='ocrx_word' id='word_1_178' title='bbox 836 3323 991 3395; x_wconf 89' lang='lat' dir='ltr'><strong>remedia</strong></span> <span class='ocrx_word' id='word_1_179' title='bbox 1013 3324 1214 3399; x_wconf 74' lang='lat' dir='ltr'><strong>inexilium</strong></span> 
     </span>
     <span class='ocr_line' id='line_1_24' title="bbox 128 3441 1217 3535; baseline 0.006 -22"><span class='ocrx_word' id='word_1_180' title='bbox 128 3441 364 3513; x_wconf 87' lang='lat' dir='ltr'><strong>vertebantur.</strong></span> <span class='ocrx_word' id='word_1_181' title='bbox 381 3442 467 3511; x_wconf 87' lang='lat' dir='ltr'><strong>Nam</strong></span> <span class='ocrx_word' id='word_1_182' title='bbox 481 3452 516 3512; x_wconf 90' lang='lat' dir='ltr'><strong>et</strong></span> <span class='ocrx_word' id='word_1_183' title='bbox 530 3443 600 3526; x_wconf 93' lang='lat' dir='ltr'><strong>bis,</strong></span> <span class='ocrx_word' id='word_1_184' title='bbox 617 3465 704 3535; x_wconf 89' lang='lat' dir='ltr'><strong>quas</strong></span> <span class='ocrx_word' id='word_1_185' title='bbox 719 3464 855 3514; x_wconf 88' lang='lat' dir='ltr'><strong>mecum</strong></span> <span class='ocrx_word' id='word_1_186' title='bbox 875 3444 1108 3533; x_wconf 85' lang='lat' dir='ltr'><strong>adduxeram,</strong></span> <span class='ocrx_word' id='word_1_187' title='bbox 1124 3452 1217 3522; x_wconf 87' lang='lat' dir='ltr'><strong>curis</strong></span> 
     </span>
     <span class='ocr_line' id='line_1_25' title="bbox 129 3564 1215 3661; baseline 0.006 -26"><span class='ocrx_word' id='word_1_188' title='bbox 129 3564 404 3646; x_wconf 87' lang='lat' dir='ltr'><strong>incendentibus,</strong></span> <span class='ocrx_word' id='word_1_189' title='bbox 429 3575 463 3634; x_wconf 87' lang='lat' dir='ltr'><strong>et</strong></span> <span class='ocrx_word' id='word_1_190' title='bbox 484 3564 518 3633; x_wconf 92' lang='lat' dir='ltr'><strong>in</strong></span> <span class='ocrx_word' id='word_1_191' title='bbox 548 3574 641 3635; x_wconf 86' lang='lat' dir='ltr'><strong>tanta</strong></span> <span class='ocrx_word' id='word_1_192' title='bbox 669 3565 856 3636; x_wconf 88' lang='lat' dir='ltr'><strong>solitudine</strong></span> <span class='ocrx_word' id='word_1_193' title='bbox 881 3568 975 3636; x_wconf 91' lang='lat' dir='ltr'><strong>nullo</strong></span> <span class='ocrx_word' id='word_1_194' title='bbox 1001 3589 1154 3661; x_wconf 91' lang='lat' dir='ltr'><strong>prorsus</strong></span> <span class='ocrx_word' id='word_1_195' title='bbox 1175 3575 1215 3645; x_wconf 89' lang='lat' dir='ltr'><strong>ad</strong></span> 
     </span>
     <span class='ocr_line' id='line_1_26' title="bbox 129 3686 1216 3790; baseline 0.009 -35"><span class='ocrx_word' id='word_1_196' title='bbox 129 3687 324 3757; x_wconf 88' lang='lat' dir='ltr'><strong>incendium</strong></span> <span class='ocrx_word' id='word_1_197' title='bbox 347 3696 565 3773; x_wconf 86' lang='lat' dir='ltr'><strong>accurrente,</strong></span> <span class='ocrx_word' id='word_1_198' title='bbox 588 3686 809 3780; x_wconf 88' lang='lat' dir='ltr'><strong>desperatius</strong></span> <span class='ocrx_word' id='word_1_199' title='bbox 835 3688 981 3771; x_wconf 72' lang='lat' dir='ltr'><strong>urebar,</strong></span> <span class='ocrx_word' id='word_1_200' title='bbox 1008 3690 1131 3783; x_wconf 92' lang='lat' dir='ltr'><strong>itaque</strong></span> <span class='ocrx_word' id='word_1_201' title='bbox 1156 3718 1216 3790; x_wconf 86' lang='lat' dir='ltr'><strong>per</strong></span> 
     </span>
     <span class='ocr_line' id='line_1_27' title="bbox 128 3810 1218 3903; baseline 0.006 -24"><span class='ocrx_word' id='word_1_202' title='bbox 128 3832 168 3880; x_wconf 92' lang='lat' dir='ltr'><strong>os</strong></span> <span class='ocrx_word' id='word_1_203' title='bbox 195 3832 309 3879; x_wconf 88' lang='lat' dir='ltr'><strong>meum</strong></span> <span class='ocrx_word' id='word_1_204' title='bbox 336 3810 474 3894; x_wconf 79' lang='lat' dir='ltr'><strong>llamma</strong></span> <span class='ocrx_word' id='word_1_205' title='bbox 492 3810 609 3881; x_wconf 92' lang='lat' dir='ltr'><strong>cordis</strong></span> <span class='ocrx_word' id='word_1_206' title='bbox 631 3832 834 3903; x_wconf 88' lang='lat' dir='ltr'><strong>erumpens,</strong></span> <span class='ocrx_word' id='word_1_207' title='bbox 854 3810 1059 3897; x_wconf 88' lang='lat' dir='ltr'><strong>miserabili,</strong></span> <span class='ocrx_word' id='word_1_208' title='bbox 1081 3816 1160 3901; x_wconf 89' lang='lat' dir='ltr'><strong>sed,</strong></span> <span class='ocrx_word' id='word_1_209' title='bbox 1183 3830 1218 3888; x_wconf 89' lang='lat' dir='ltr'><strong>nl</strong></span> 
     </span>
     <span class='ocr_line' id='line_1_28' title="bbox 128 3931 1217 4033; baseline 0.009 -32"><span class='ocrx_word' id='word_1_210' title='bbox 128 3931 267 4022; x_wconf 91' lang='lat' dir='ltr'><strong>quidam</strong></span> <span class='ocrx_word' id='word_1_211' title='bbox 306 3931 488 4016; x_wconf 87' lang='lat' dir='ltr'><strong>dixerunt,</strong></span> <span class='ocrx_word' id='word_1_212' title='bbox 524 3931 614 4002; x_wconf 89' lang='lat' dir='ltr'><strong>dulci</strong></span> <span class='ocrx_word' id='word_1_213' title='bbox 654 3954 832 4001; x_wconf 89' lang='lat' dir='ltr'><strong>murmure</strong></span> <span class='ocrx_word' id='word_1_214' title='bbox 870 3933 978 4002; x_wconf 87' lang='lat' dir='ltr'><strong>valles</strong></span> <span class='ocrx_word' id='word_1_215' title='bbox 1016 3938 1217 4033; x_wconf 87' lang='lat' dir='ltr'><strong>coelumque</strong></span> 
     </span>
     <span class='ocr_line' id='line_1_29' title="bbox 128 4052 1217 4144; baseline 0.011 -23"><span class='ocrx_word' id='word_1_216' title='bbox 128 4053 333 4144; x_wconf 84' lang='lat' dir='ltr'><strong>complebat.</strong></span> <span class='ocrx_word' id='word_1_217' title='bbox 354 4055 438 4123; x_wconf 89' lang='lat' dir='ltr'><strong>Hinc</strong></span> <span class='ocrx_word' id='word_1_218' title='bbox 459 4054 514 4123; x_wconf 89' lang='lat' dir='ltr'><strong>illa</strong></span> <span class='ocrx_word' id='word_1_219' title='bbox 536 4053 695 4144; x_wconf 83' lang='lat' dir='ltr'><strong>vulgaria</strong></span> <span class='ocrx_word' id='word_1_220' title='bbox 718 4052 922 4123; x_wconf 89' lang='lat' dir='ltr'><strong>iuvenilium</strong></span> <span class='ocrx_word' id='word_1_221' title='bbox 941 4055 1102 4128; x_wconf 86' lang='lat' dir='ltr'><strong>laborum</strong></span> <span class='ocrx_word' id='word_1_222' title='bbox 1123 4085 1217 4133; x_wconf 88' lang='lat' dir='ltr'><strong>meo-</strong></span> 
     </span>
     <span class='ocr_line' id='line_1_30' title="bbox 130 4175 1217 4269; baseline 0.005 -26"><span class='ocrx_word' id='word_1_223' title='bbox 130 4198 205 4244; x_wconf 90' lang='lat' dir='ltr'><strong>rum</strong></span> <span class='ocrx_word' id='word_1_224' title='bbox 226 4175 373 4258; x_wconf 86' lang='lat' dir='ltr'><strong>oantica,</strong></span> <span class='ocrx_word' id='word_1_225' title='bbox 396 4198 543 4267; x_wconf 86' lang='lat' dir='ltr'><strong>quorum</strong></span> <span class='ocrx_word' id='word_1_226' title='bbox 567 4175 670 4246; x_wconf 89' lang='lat' dir='ltr'><strong>bodie</strong></span> <span class='ocrx_word' id='word_1_227' title='bbox 690 4176 798 4268; x_wconf 88' lang='lat' dir='ltr'><strong>pudet</strong></span> <span class='ocrx_word' id='word_1_228' title='bbox 819 4196 858 4245; x_wconf 86' lang='lat' dir='ltr'><strong>ac</strong></span> <span class='ocrx_word' id='word_1_229' title='bbox 879 4178 1038 4269; x_wconf 83' lang='lat' dir='ltr'><strong>poenitet,</strong></span> <span class='ocrx_word' id='word_1_230' title='bbox 1066 4185 1136 4256; x_wconf 80' lang='lat' dir='ltr'><strong>sed</strong></span> <span class='ocrx_word' id='word_1_231' title='bbox 1161 4207 1217 4256; x_wconf 57' lang='lat' dir='ltr'><strong>eo</strong></span> 
     </span>
     <span class='ocr_line' id='line_1_31' title="bbox 128 4296 1219 4392; baseline 0.014 -30"><span class='ocrx_word' id='word_1_232' title='bbox 128 4296 206 4364; x_wconf 87' lang='lat' dir='ltr'><strong>dem</strong></span> <span class='ocrx_word' id='word_1_233' title='bbox 235 4297 356 4367; x_wconf 88' lang='lat' dir='ltr'><strong>morbo</strong></span> <span class='ocrx_word' id='word_1_234' title='bbox 391 4297 533 4383; x_wconf 87' lang='lat' dir='ltr'><strong>affectis,</strong></span> <span class='ocrx_word' id='word_1_235' title='bbox 563 4309 599 4368; x_wconf 91' lang='lat' dir='ltr'><strong>ut</strong></span> <span class='ocrx_word' id='word_1_236' title='bbox 633 4298 808 4380; x_wconf 88' lang='lat' dir='ltr'><strong>videmus,</strong></span> <span class='ocrx_word' id='word_1_237' title='bbox 844 4299 1099 4392; x_wconf 88' lang='lat' dir='ltr'><strong>acceptissima.</strong></span> <span class='ocrx_word' id='word_1_238' title='bbox 1128 4306 1219 4389; x_wconf 88' lang='lat' dir='ltr'><strong>Quid</strong></span> 
     </span>
     <span class='ocr_line' id='line_1_32' title="bbox 130 4419 1219 4524; baseline 0.016 -43"><span class='ocrx_word' id='word_1_239' title='bbox 130 4419 266 4486; x_wconf 71' lang='lat' dir='ltr'><strong>multa?</strong></span> <span class='ocrx_word' id='word_1_240' title='bbox 287 4421 335 4500; x_wconf 89' lang='lat' dir='ltr'><strong>Si,</strong></span> <span class='ocrx_word' id='word_1_241' title='bbox 358 4441 588 4513; x_wconf 68' lang='lat' dir='ltr'><strong>quaecumque</strong></span> <span class='ocrx_word' id='word_1_242' title='bbox 606 4421 705 4505; x_wconf 89' lang='lat' dir='ltr'><strong>alibi,</strong></span> <span class='ocrx_word' id='word_1_243' title='bbox 734 4443 811 4492; x_wconf 89' lang='lat' dir='ltr'><strong>oum</strong></span> <span class='ocrx_word' id='word_1_244' title='bbox 831 4419 886 4491; x_wconf 90' lang='lat' dir='ltr'><strong>bis</strong></span> <span class='ocrx_word' id='word_1_245' title='bbox 904 4443 985 4512; x_wconf 79' lang='lat' dir='ltr'><strong>quae</strong></span> <span class='ocrx_word' id='word_1_246' title='bbox 1005 4423 1051 4494; x_wconf 90' lang='lat' dir='ltr'><strong>ibi</strong></span> <span class='ocrx_word' id='word_1_247' title='bbox 1079 4428 1219 4524; x_wconf 90' lang='lat' dir='ltr'><strong>scripsi,</strong></span> 
     </span>
    </p>
   </div>
   <div class='ocr_carea' id='block_1_3' title="bbox 0 0 1351 5024">
    <p class='ocr_par' dir='ltr' id='par_1_3' title="bbox 0 0 1351 5024">
     <span class='ocr_line' id='line_1_33' title="bbox 0 0 1351 5024; baseline 0 0"><span class='ocrx_word' id='word_1_248' title='bbox 0 0 1351 5024; x_wconf 95' lang='lat' dir='ltr'><strong> </strong></span> 
     </span>
    </p>
   </div>
  </div>
 </body>
</html>
