2692 5024
380 743 473 794 nrnnn
494 742 666 801 succubus.
678 737 882 796 -nmsrom
903 747 966 796 vm.
1154 736 1210 799 lll

128 890 298 967 derebus
319 892 487 978 assiduis,
510 904 545 966 et
565 895 757 966 seeundum
784 904 920 968 naturae
948 905 1077 969 statuta
1102 898 1213 970 fluen-
1247 914 1252 921 ·

129 1016 243 1089 tibus?
262 1016 424 1088 Portenta
443 1025 587 1088 movent
606 1016 743 1087 animas
762 1017 948 1089 interdum.
976 1019 1011 1089 Si
1037 1019 1212 1116 bicipitem

127 1160 292 1233 puerum,
320 1138 351 1209 si
376 1137 643 1231 quadrimanum
668 1137 784 1223 vides,
813 1138 968 1211 miraris:
995 1139 1143 1211 imbrem
1164 1143 1213 1214 la-

127 1261 281 1355 pideum,
308 1259 410 1333 bovis
435 1258 557 1345 verba,
580 1262 686 1332 mulae
707 1270 845 1355 partum
866 1261 902 1332 in
923 1261 1106 1334 annalibus
1126 1264 1214 1356 legi-

128 1405 224 1466 mus;
249 1383 450 1476 quotidiana
470 1383 695 1478 despicimus.
722 1385 773 1454 Tu
797 1383 883 1475 quid
903 1383 1044 1470 vidisti,
1072 1393 1213 1482 propter

128 1505 223 1597 quod
246 1528 339 1576 nunc
364 1515 456 1577 totus
483 1505 518 1573 in
543 1504 807 1578 admirationem
831 1514 867 1576 et
890 1508 1042 1578 lamenta
1066 1528 1214 1581 conver-

128 1645 192 1697 sus
216 1627 290 1698 sis‘l
314 1625 533 1700 Admirando
558 1627 714 1721 quidem,
742 1627 1005 1701 admirationem
1032 1639 1129 1702 tuam
1154 1651 1213 1702 eo

128 1747 184 1839 gis
210 1759 249 1819 ut
274 1749 437 1822 admirer.
464 1751 540 1822 Non
565 1761 634 1823 tam
661 1749 816 1844 graviter
842 1751 877 1820 in
902 1751 971 1824 alio
995 1753 1122 1824 ferrem
1148 1753 1213 1824 im-

128 1871 344 1944 moderatum
365 1873 460 1944 hunc
480 1882 669 1966 stuporem.
692 1872 759 1958 Qui
781 1872 907 1944 totiens
927 1895 1024 1946 marc
1044 1874 1210 1959 transisti,

130 1997 253 2068 totiens
277 2018 298 2067 e
323 1997 448 2069 mediis
473 1997 637 2089 periculis
663 1997 825 2079 enatasti,
854 1996 981 2067 totiens
1007 2017 1027 2067 e
1052 1995 1211 2068 saucibus

128 2118 250 2191 mortis
276 2127 419 2210 ereptus
441 2139 496 2204 es,
519 2117 724 2191 admirando
744 2128 781 2190 et
805 2119 978 2191 lortunam
996 2127 1091 2191 tuam
1109 2139 1213 2190 accu-

129 2242 250 2326 sando,
273 2239 444 2314 describis
470 2262 615 2335 passum
638 2250 671 2312 te
691 2240 797 2312 maris
822 2262 1007 2331 magnam,
1030 2249 1066 2312 ct
1088 2239 1139 2334 (ut
1155 2261 1213 2312 sa-

129 2362 229 2459 tyrici
260 2362 371 2435 verbo
404 2362 495 2456 utar)
529 2362 700 2456 poeticam
735 2370 994 2455 tempestatem3
1027 2371 1133 2454 atque
1164 2363 1210 2435 ad

128 2487 218 2572 litus,
237 2487 332 2559 unde
348 2484 574 2570 discesseras,
594 2485 679 2558 flatu
696 2485 870 2556 contrario
891 2485 1099 2576 impellente,
1121 2485 1212 2556 rela-

130 2618 213 2681 tum.
240 2610 337 2680 Hanc
365 2620 403 2680 tu
428 2608 536 2679 maris
562 2607 723 2678 iniuriam
755 2606 964 2678 existimas?
988 2606 1119 2677 Natura
1142 2616 1208 2678 est.

127 2734 325 2825 Digniorem
350 2732 505 2825 querelae
525 2752 668 2802 causam
686 2731 884 2826 praeferres
908 2729 939 2803 si
964 2732 1019 2802 vel
1040 2729 1125 2803 illud
1150 2729 1212 2802 tibi

128 2854 329 2947 contigisset
359 2854 455 2947 quod
486 2852 662 2947 quondam
694 2874 848 2926 caesarea
877 2853 1003 2925 classis
1028 2853 1118 2925 inter
1143 2854 1212 2925 lta-

129 2979 209 3050 liam
242 2979 483 3073 Graeciamque
515 2978 694 3061 sustinuit3
715 2976 855 3070 quando
880 2998 940 3069 per
971 2975 1209 3047 Hadriaticum

128 3121 239 3185 mare,
257 3099 390 3191 glaciali
408 3102 506 3173 velut
527 3110 666 3193 torpore
686 3098 920 3181 constrictum,
943 3118 1088 3169 cursum
1100 3117 1211 3191 expe-

127 3223 202 3297 dire
226 3243 295 3294 non
319 3223 441 3295 valuit.
466 3223 532 3294 Vel
552 3221 637 3293 illud
655 3221 759 3314 quod,
775 3231 867 3291 terra
886 3219 953 3290 sub
973 3218 1122 3313 pedibus
1140 3228 1210 3290 tre-

127 3357 255 3431 mente,
282 3345 513 3441 Pompeianus
538 3343 715 3416 exercitus
742 3343 820 3415 tulit
844 3343 879 3413 in
901 3342 1027 3440 Libya,
1049 3341 1109 3415 ubi

464 3533 564 3597 nullus
580 3531 680 3614 potuit
696 3534 864 3597 consistere
881 3532 970 3598 miles

283 3631 449 3710 instabilis,
468 3633 563 3713 raptis
580 3632 688 3709 etlam,
706 3648 782 3711 quas
799 3632 907 3708 calcat,
924 3630 1034 3695 arenis.

126 3827 224 3900 Nunc
242 3850 344 3915 vero,
372 3830 402 3900 si
427 3851 490 3922 per
516 3839 643 3903 terram
671 3830 802 3923 rigidos
829 3828 962 3922 lapides
987 3835 1047 3898 aut
1072 3833 1209 3895 tumen-

127 3957 180 4021 tes
205 3951 328 4037 eolles,
356 3952 473 4045 siper
499 3974 594 4025 mare
619 3948 1039 4025 fluctusinconstantiam
1064 3947 1209 4039 pertuli-

126 4071 184 4157 sti,
206 4071 291 4144 nihil
315 4085 371 4146 est
394 4074 481 4169 quid
506 4077 723 4161 lamenteris,
749 4084 929 4167 tamquam
955 4068 1122 4141 iniuriosa
1146 4067 1208 4140 tibi

123 4192 252 4265 luerint
275 4196 459 4280 elementa,
486 4196 581 4288 quod
605 4206 741 4268 naturae
765 4193 880 4287 potius
908 4212 983 4262 suae
1009 4189 1206 4284 paruerint,

123 4336 229 4408 quam
259 4317 430 4389 voluntati
462 4327 544 4389 tuae.
574 4317 694 4389 Altera
729 4315 923 4387 litterarum
956 4321 1095 4384 tuarum
1126 4332 1208 4405 pars

124 4460 194 4511 non
218 4439 335 4510 minus
360 4439 505 4513 delicate
525 4463 566 4513 ac
583 4436 755 4523 llebiliter,
779 4450 826 4522 te,
848 4458 928 4507 cum
949 4436 1018 4507 iam
1038 4434 1128 4507 Pisis
1145 4455 1209 4526 ap-

124 4559 323 4652 plicuisses,
342 4561 378 4633 in
397 4561 558 4636 morbum
570 4558 742 4637 diutinum
757 4558 923 4635 incidisse
941 4567 1122 4645 memorat,
1138 4578 1209 4629 non
