2768 4980
145 611 183 672 la
479 622 519 670 nn
541 621 641 671 annus
663 620 885 671 annullamus

146 765 294 862 gnitum,
314 768 378 840 sod
393 769 473 841 visu
494 779 603 840 atram
625 777 730 862 atque
746 765 940 838 horrificam
954 768 1100 840 transivi
1113 772 1225 859 solus,

146 902 182 962 et
200 891 304 985 (quod
321 892 432 984 magis
452 889 646 985 admireris)
674 889 755 961 belli
780 900 944 983 tempore.
971 889 1040 962 Sed
1064 891 1226 966 incautos

148 1013 198 1108 (ut
214 1014 320 1109 aiunt)
336 1018 429 1086 Deus
445 1014 600 1087 adiuvat.
614 1012 664 1085 Ac
675 1035 720 1084 ne
736 1014 876 1103 longum
893 1012 959 1084 iter
975 1012 1037 1083 vix
1053 1036 1144 1106 equo
1160 1039 1227 1111 pe-

146 1149 277 1209 ractum
294 1141 425 1209 calamo
444 1137 621 1222 remetiar,
641 1135 758 1207 multis
772 1157 839 1227 ego
852 1135 1052 1227 regionibus
1065 1135 1222 1225 ambitis,

146 1259 315 1331 hodierno
331 1259 389 1331 die
406 1258 617 1350 Lugdunum
636 1257 789 1353 perveni.
806 1256 937 1328 Nobilis
954 1267 990 1328 et
1004 1258 1081 1350 ipsa
1096 1259 1226 1330 Roma-

146 1407 269 1456 norum
283 1382 417 1455 colonia
427 1391 482 1453 est
494 1383 745 1474 paululumque
758 1366 1134 1475 vetustioragrippina.
1147 1384 1225 1456 Duo

147 1507 203 1580 hio
228 1507 299 1578 noti
325 1527 446 1578 amnes
467 1506 502 1576 in
526 1518 683 1579 nostrum
703 1529 800 1578 mare
819 1515 1013 1592 currentes,
1032 1506 1224 1580 Rhodanus

148 1627 337 1721 Ararisque
353 1629 580 1700 conveniunt:
594 1631 744 1700 Sounam
757 1630 879 1701 inoolae
892 1630 1074 1721 appellant.
1092 1629 1163 1701 Sed
1178 1630 1225 1702 de

147 1750 203 1822 his
220 1751 305 1822 nihil
321 1752 482 1844 amplius:
501 1751 607 1823 iuncti
624 1751 716 1823 enim
733 1752 778 1823 ad
795 1763 829 1823 te
845 1742 1043 1845 properant,
1062 1755 1149 1824 alter
1165 1776 1226 1827 oo-

148 1871 251 1964 genti,
273 1876 359 1945 alter
379 1884 497 1946 coacto
515 1872 651 1960 similis,
666 1884 701 1946 et
716 1874 944 1960 avenionem,
959 1874 1020 1945 uhi
1033 1885 1068 1947 te
1080 1898 1173 1948 nune
1184 1899 1225 1949 ae

148 2019 260 2087 genus
273 1997 463 2068 humanum
474 1996 816 2070 RomanusPontifex
824 1995 964 2082 detinet,
973 1997 1154 2090 permixtis
1161 2020 1226 2071 va-

148 2116 203 2188 dis
216 2116 369 2190 abluunt.
384 2120 458 2191 Huc
472 2142 538 2212 ego
551 2142 629 2192 oum
644 2142 745 2192 mane
757 2120 1015 2213 pervenissem,
1034 2132 1069 2192 et
1083 2119 1226 2193 intranti

149 2241 235 2312 forte
247 2242 424 2315 familiaris
438 2243 494 2315 hic
508 2253 589 2314 tuus
602 2242 819 2327 occurrisset,
835 2243 927 2314 mille
938 2265 1019 2314 eum
1031 2243 1225 2336 quaestiun-

148 2364 235 2435 culis
255 2365 306 2459 (ut
330 2389 405 2436 mos
431 2377 487 2436 est
512 2387 660 2458 peregre
686 2365 916 2460 redeuntium)
944 2364 1139 2458 aggredior.
1165 2367 1225 2439 llle

149 2495 263 2556 aulem
294 2485 377 2555 nihil
406 2486 451 2558 ad
482 2488 628 2578 reliqua:
660 2485 724 2558 sed
753 2488 1055 2581 praeclarissimum
1083 2491 1224 2563 fratrem

152 2618 259 2690 tuum,
280 2605 323 2676 ad
342 2629 445 2697 quem
466 2607 619 2679 maxime
637 2609 877 2702 properabam,
900 2611 976 2682 sine
1000 2634 1056 2683 me
1081 2614 1224 2686 Romam

150 2727 291 2819 petiisse
311 2731 473 2801 narravit.
493 2733 569 2814 Quo
583 2732 710 2816 audito,
725 2733 903 2824 quaerendi
920 2736 1154 2830 veniendique
1169 2760 1225 2810 an

149 2849 213 2922 dor
221 2860 371 2944 repente
387 2850 570 2923 deferbuit.
589 2852 652 2923 Hic
668 2853 772 2945 igitur
784 2868 971 2950 expectare
984 2857 1018 2927 in
1031 2858 1147 2932 animo
1159 2871 1222 2945 est,

149 2975 260 3047 donec
276 2986 312 3047 et
328 2985 433 3047 aestas
452 2975 528 3068 ipsa
543 2976 735 3062 deferveat,
751 3001 855 3070 quam
867 2980 1050 3072 hucusque
1061 3003 1132 3052 non
1145 3004 1225 3055 sen-

149 3118 276 3183 seram,
295 3109 332 3169 et
347 3121 402 3170 me
419 3097 631 3190 vegetiorem
659 3098 757 3192 quies
787 3101 901 3184 faciat,
928 3099 989 3193 qui
1014 3123 1069 3173 me
1092 3102 1226 3173 fessum

148 3219 310 3289 essehoc
327 3221 404 3313 ipso
421 3220 570 3312 primum
588 3224 752 3315 loquente
768 3221 942 3316 perpendi.
960 3224 1060 3295 Nulla
1082 3220 1224 3315 quidem

150 3339 303 3429 fatigatio
321 3343 429 3414 maior
446 3367 551 3435 qnam
569 3346 674 3415 animi
691 3356 758 3416 est:
776 3345 870 3437 quod
896 3346 926 3416 si
952 3345 1075 3438 reliqui
1090 3343 1225 3416 itineris

152 3453 291 3525 taedium
307 3455 465 3540 subierit,
486 3458 676 3531 Rhodanus
693 3460 776 3530 mihi
794 3482 856 3553 pro
873 3459 1119 3532 vehiculo‘erit.
1135 3462 1226 3533 Inte

150 3579 214 3650 rim
232 3587 271 3649 ut
287 3577 382 3650 noris
400 3578 461 3650 uhi
479 3603 571 3667 sum,
590 3583 666 3654 haee
683 3582 744 3654 tibi
759 3583 943 3655 festinante
968 3582 1087 3655 nuntio
1113 3594 1225 3656 trans·

149 3726 290 3776 currere
309 3703 378 3798 (sic)
397 3727 467 3775 non
484 3705 603 3798 piguit.
622 3709 672 3778 De
688 3709 794 3779 fratre
818 3707 900 3779 item
926 3718 993 3788 tuo,
1020 3706 1109 3778 duce
1133 3707 1223 3794 olim,

148 3851 240 3899 nuno
260 3826 317 3922 (da
334 3827 444 3898 dolori
461 3827 612 3921 veniam)
631 3828 809 3901 desertore
834 3852 926 3916 meo,
953 3851 1127 3922 nusquam
1145 3828 1225 3901 alibi

149 3973 253 4041 quam
271 3952 365 4043 apud
382 3950 497 4044 ipsum
515 3953 680 4045 conqueri
697 3953 813 4024 visum
834 3965 898 4025 est.
918 3953 1030 4037 Quam
1048 3954 1225 4045 querelam

151 4083 189 4141 ut
206 4073 272 4143 sibi
290 4097 395 4166 quam
413 4075 562 4166 primum
580 4076 666 4147 mitti
684 4074 805 4151 iubeas
823 4087 941 4150 oratus
959 4076 1069 4148 facito.
1088 4076 1133 4148 Et
1149 4075 1226 4147 vale

152 4193 260 4264 nostri
278 4218 419 4270 memor.

293 4333 436 4405 Lugduni,
451 4339 474 4390 V
489 4339 556 4393 ldus
570 4340 695 4409 Augusti.

652 4489 729 4501 —
