2692 5024
160 363 165 371 x

408 673 501 722 arnna
523 674 882 725 ruamus—surmont
903 677 966 729 un.
1167 667 1224 728 155

142 816 388 912 quaestionum,
417 817 570 887 maxime
591 802 764 889 advers'us
782 841 843 890 eos
861 820 1022 913 loquens,
1041 821 1101 913 qui
1118 844 1220 909 nunc,

144 949 182 1012 ut
212 940 288 1035 ipse
321 939 388 1023 ait,
416 941 632 1034 appellantur
656 938 909 1025 mathematici,
938 943 1097 1014 volentes
1124 953 1223 1018 actus

142 1076 282 1137 nostros
301 1063 504 1156 corporibus
521 1062 724 1135 coelestibus
746 1062 911 1150 subdere,
930 1073 966 1135 et
985 1087 1049 1136 nos
1071 1067 1223 1139 vendere

141 1189 265 1271 stellis,
284 1187 468 1281 ipsumque
489 1185 657 1279 precium,
684 1207 754 1278 quo
774 1184 944 1271 vendunt,
971 1211 992 1260 a
1016 1189 1117 1261 nobis
1132 1191 1223 1264 acci·
1319 1210 1322 1215 ·

139 1333 238 1405 pere,
260 1311 428 1381 rationem
450 1309 558 1380 affert.
580 1311 666 1381 Cum
692 1318 809 1381 autem
842 1313 951 1384 multa
974 1335 1072 1400 vera,
1095 1313 1219 1408 inquit,

139 1454 203 1504 eos
224 1432 432 1527 praedixisse
451 1433 597 1518 dicatur,
616 1432 696 1506 ideo
713 1431 764 1519 fit,
785 1432 953 1527 quianon
976 1445 1093 1507 tenent
1110 1435 1222 1508 homi-

138 1576 205 1626 nes
238 1555 405 1626 memoria
424 1556 609 1627 falsitatem
634 1577 841 1649 erroresque
867 1557 1026 1641 illorum;
1053 1557 1116 1630 sed
1150 1580 1221 1630 non

139 1677 263 1749 intenti
288 1677 355 1748 uisi
380 1677 415 1747 in
434 1700 476 1749 ea
497 1699 577 1771 quae
602 1679 737 1750 illorum
764 1680 944 1774 responsis
968 1692 1218 1775 provenerunt,

137 1823 180 1874 ea
205 1821 286 1895 quae
310 1822 379 1872 non
404 1801 630 1896 provenerint
653 1801 928 1875 obliviscuntur:
951 1815 988 1876 et
1009 1827 1051 1876 ea
1071 1827 1221 1879 comme-

139 1934 327 2009 morantur,
347 1943 428 2017 quae
443 1945 511 1995 non
525 1933 598 1996 arte
615 1923 685 2010 ilia,
704 1945 785 2019 quae
796 1928 890 1997 nulla
903 1937 969 2010 est,
990 1928 1051 1998 sed
1068 1930 1218 2020 quadam

137 2049 287 2122 obscura
307 2071 427 2121 rerum
446 2058 551 2132 sorte,
573 2050 790 2142 contingunt.
812 2050 912 2134 Quod
937 2049 966 2121 si
992 2050 1127 2144 peritiae
1146 2051 1221 2121 ilio

137 2197 215 2244 rum
241 2176 363 2245 volunt
387 2172 554 2256 tribuere,
581 2171 699 2244 dicant
730 2171 913 2245 artificiose
932 2172 1092 2245 divinare
1114 2173 1217 2245 etiam

137 2305 293 2369 mortuas
318 2295 539 2367 membranas
562 2294 710 2391 scriptas
731 2294 919 2387 quaslibet,
938 2296 983 2368 de
1003 2294 1131 2388 quibus
1148 2297 1219 2391 ple·

137 2442 285 2513 rumque
298 2441 362 2515 pro
375 2421 553 2491 voluntate
568 2439 645 2489 sors
658 2417 733 2489 erit.
746 2417 848 2501 Quod
858 2417 888 2488 si
902 2438 969 2489 non
981 2427 1056 2490 arte
1067 2416 1112 2489 de
1124 2416 1219 2489 codi-

135 2541 236 2614 cibus
249 2541 324 2613 exit
345 2560 438 2635 saepe
458 2561 584 2612 versus
602 2542 717 2611 futura
730 2538 980 2647 praenuntiam,
995 2539 1080 2633 quid
1093 2539 1216 2611 mirum

137 2666 167 2735 si
183 2665 287 2736 etiam
304 2665 419 2736 animo
436 2663 609 2756 loquentis
629 2684 698 2733 non
719 2671 793 2734 arte
815 2662 877 2735 sed
899 2673 993 2735 sorte
1012 2663 1087 2735 exit
1103 2662 1218 2756 aliqua

135 2786 315 2882 praedictio
335 2788 554 2857 futurorum?
586 2786 667 2856 Haec
705 2785 823 2858 ultima
854 2785 996 2880 quidem
1029 2783 1217 2878 Augustini

137 2918 240 2981 sunt:
264 2930 345 3002 quae
370 2909 451 2980 hinc
484 2907 671 2982 auctoritas
697 2907 848 2980 hominis
874 2908 1108 2992 commendat,
1137 2908 1217 2979 binc

136 3031 235 3104 fides.
257 3033 385 3103 Horum
407 3055 492 3104 vero
512 3032 655 3105 fallaciis
676 3031 837 3103 omnibus
856 3032 953 3123 quid,
976 3039 1095 3123 putas,
1122 3029 1216 3101 aliud

134 3157 229 3227 viam
252 3156 345 3239 iecit,
372 3155 439 3226 nisi
468 3155 622 3248 vulgaris
647 3155 797 3238 inscitia,
819 3162 856 3224 et
881 3150 1014 3223 infinita
1043 3150 1214 3245 cupiditas

135 3279 197 3374 (ne
221 3278 333 3352 dicam
368 3276 500 3371 rabies)
525 3277 658 3351 sciendi
677 3299 720 3348 ea
753 3287 907 3362 tantum,
930 3297 1011 3369 quae
1042 3298 1107 3347 nec
1133 3274 1214 3349 seiri

132 3413 295 3499 possunt,
329 3412 365 3473 et
398 3403 486 3474 scire
523 3424 592 3474 non
624 3402 788 3498 expediti
814 3402 865 3473 Tu
894 3423 979 3494 ergo
1012 3423 1123 3494 genus
1150 3397 1215 3472 hoc

132 3523 310 3596 hominum
337 3523 560 3596 temerarium
584 3533 620 3596 et
650 3546 795 3620 procax,
830 3545 871 3596 ac
903 3525 1097 3618 tranquiiiae
1129 3522 1213 3592 vitae

130 3647 456 3739 contrarium,tuge;
470 3658 517 3731 ut,
532 3656 699 3742 quantum
713 3645 879 3742 possibile
892 3656 956 3732 est,
966 3643 1211 3717 brevissimum

131 3761 198 3833 hoc
218 3773 354 3857 tempus
381 3762 456 3834 sine
479 3763 708 3857 supervacuis
741 3773 777 3835 et
808 3761 968 3835 inanibus
995 3761 1088 3832 curis
1114 3778 1210 3848 agas.

131 3884 189 3954 Sic
198 3885 293 3955 'enim
306 3886 449 3959 habeto:
462 3884 575 3959 donec
587 3887 871 3982 superstitionum
885 3883 1022 3979 pondus
1036 3905 1103 3954 non
1117 3879 1212 3951 abie-

129 4006 233 4091 ceris,
255 4006 392 4082 beatam
415 4009 520 4082 vitam
540 4009 669 4104 poteris
690 4018 824 4101 optare,
848 4029 916 4078 non
943 4003 1107 4097 assequi;
1128 4023 1211 4073 con-

128 4129 235 4202 traria
261 4127 300 4203 'se
325 4131 482 4203 vicissim
502 4129 656 4202 trudunt.
677 4131 861 4220 Nunquam
881 4135 995 4197 metus
1015 4136 1051 4196 et
1066 4123 1209 4196 felicitas

112 4252 339 4349 cohabitant.
361 4255 455 4325 Vale.
