2692 5024
346 684 439 734 arnan
462 684 820 735 ananius-ammona
841 685 906 735 run.
1109 674 1168 737 169

88 829 247 901 trahebat
264 827 309 899 ad
327 848 522 922 vesperam.
544 827 729 920 Reliquum
748 850 891 899 somnus
908 829 1067 916 habebnt,
1085 855 1168 927 pur-

86 953 204 1048 pureis
217 952 408 1024 accersitus
427 950 557 1022 stratis:
576 950 669 1043 qnod
686 950 856 1022 conviviis
873 952 1090 1047 luxuriaeque
1107 977 1168 1027 su-

84 1080 272 1172 perfuerat,
295 1074 401 1168 quieti
421 1075 552 1147 datum.
575 1073 788 1168 Conquisitae
810 1074 904 1146 iutns
921 1079 1049 1169 epnlae;
1069 1101 1168 1173 pere·

84 1202 194 1293 grinae
215 1199 349 1295 species
367 1195 532 1269 odorum:
549 1197 708 1268 Bacchus
726 1197 930 1290 alienigena,
949 1220 1036 1273 vasa
1048 1222 1164 1287 aurea,

83 1333 259 1416 gemmata
292 1323 429 1414 pocula,
459 1319 569 1392 serico
603 1319 753 1390 vestitus
784 1319 917 1415 paries,
944 1333 1039 1395 ostro
1063 1326 1166 1399 tellus

85 1449 246 1529 instrata3
269 1446 346 1516 haec
370 1445 467 1529 inter,
492 1442 626 1515 solicita
651 1466 790 1538 semper
809 1445 1027 1519 familiarium
1048 1449 1164 1537 turba,

82 1567 284 1640 discurrens
306 1567 389 1637 locis
403 1566 580 1651 omnibus,
597 1565 728 1638 aderat.
746 1567 846 1639 Nulla
863 1568 989 1642 domus
1006 1592 1087 1665 pars
1104 1593 1166 1643 ne-

82 1694 206 1782 gleeta,
228 1691 344 1761 nullus
365 1691 516 1781 angulus
538 1689 750 1761 inaccessus.
773 1691 859 1762 Cum
880 1692 1032 1766 verritur
1053 1697 1165 1767 solum

82 1813 212 1906 scopiS,
231 1812 315 1884 dum
333 1812 377 1884 de
394 1813 561 1906 laqueatis
581 1810 739 1884 trabibus
758 1815 874 1906 pulvis
892 1818 1082 1903 excutitur,
1102 1818 1166 1891 rix

81 1957 195 2026 usqne
215 1934 349 2007 artificii
371 1934 439 2005 mei
468 1937 557 2006 telas
584 1935 724 2008 sinebar
750 1935 873 2008 ordiri:
907 1946 942 2008 et
977 1938 1058 2031 (quo
1078 1939 1164 2010 nihil

81 2070 138 2131 est
158 2059 304 2153 tristius)
327 2058 355 2130 si
377 2057 577 2152 coepissem,
599 2060 710 2153 primo
731 2081 849 2130 rerum
867 2070 1043 2154 apparatu,
1064 2083 1162 2154 spem

80 2186 248 2258 caducam
273 2192 310 2254 et
328 2181 464 2255 labores
486 2204 584 2254 meos
604 2180 721 2252 irritos
743 2182 915 2255 videbam.
950 2182 1090 2276 Agebar
1111 2185 1164 2256 in-

82 2308 174 2391 felix,
184 2304 522 2402 praecepseiieiebar:
535 2304 739 2398 quaerebam
752 2304 920 2389 latebras;
935 2308 1039 2378 nullae
1052 2317 1160 2378 erant·

82 2430 215 2502 solidus
242 2429 345 2500 niveo
371 2450 491 2500 mnrns
516 2450 563 2501 ox
588 2450 760 2500 marmore
792 2429 887 2500 nulla
915 2428 999 2500 mibi
1024 2429 1163 2502 miserae

79 2552 276 2655 diversoria
292 2551 518 2644 relinquebat.
537 2550 624 2643 ani
642 2549 748 2643 igitur
764 2552 884 2623 alacie
901 2553 1161 2647 persequentis,

80 2673 197 2747 ubivis
214 2675 370 2767 quietum
390 2674 535 2745 exilium
557 2674 769 2760 domesticis,
790 2674 865 2746 sine
882 2673 960 2761 line,
982 2675 1161 2752 laboribus

80 2799 278 2890 praelatura.
308 2824 324 2860 n
353 2798 438 2868 llaec
463 2819 542 2868 eum
569 2797 626 2868 illa
648 2797 813 2882 dixisset,
836 2798 1016 2892 respondit
1035 2801 1161 2872 altera:

83 2950 99 2984 a
125 2920 223 2990 Eheu
244 2941 349 3012 qnam
370 2921 478 2991 multa
500 2933 581 2992 sunt
601 2919 707 3006 bona,
727 2943 807 3015 quae
826 2925 882 2992 vel
899 2921 1087 2994 nesciendo
1104 2924 1162 2994 vel

80 3041 290 3133 negligendo
311 3040 520 3134 perduntur!
544 3042 756 3133 ignorantia,
778 3043 918 3113 caecitas
940 3042 1065 3113 mentis
1092 3052 1161 3126 est;

79 3164 298 3257 negligentia,
322 3174 439 3259 torpor
456 3173 513 3235 est
532 3164 648 3235 animi.
667 3165 812 3259 Aperire
828 3166 947 3235 oculos
965 3172 1108 3258 oportet,
1126 3177 1163 3237 et

66 3272 161 3385 'qnae
182 3289 348 3361 salutaria
370 3310 449 3358 sose
471 3287 619 3359 offerunt
638 3308 709 3358 non
730 3287 879 3359 differre.
898 3288 988 3360 Ecce
1006 3311 1098 3361 nuno
1114 3311 1162 3361 ex

79 3414 134 3484 his
154 3432 236 3505 qnae
256 3409 344 3494 dixi,
371 3430 524 3505 quaeque
550 3410 666 3495 audio,
694 3434 774 3482 cum
801 3410 954 3503 pessime
976 3411 1022 3493 sit
1037 3410 1159 3497 nobis,

78 3533 144 3606 erit
169 3532 312 3627 optime,
342 3533 372 3603 si
397 3545 636 3628 permutemus
663 3533 824 3628 hospitia.
847 3535 942 3607 Tuus
971 3535 1072 3620 mihi,
1100 3533 1161 3604 tibi

78 3678 179 3728 meus
213 3657 342 3749 hospes
375 3657 579 3750 aptissimus
609 3657 724 3729 luerit.
750 3658 923 3731 »Placuit
954 3657 1159 3729 consilium:

79 3789 214 3852 mutant
233 3777 368 3866 domos,
390 3789 487 3853 etex
505 3781 564 3852 illo
584 3781 744 3868 obtinuit,
764 3792 803 3854 nt
818 3783 976 3873 Podagra
993 3780 1081 3850 inter
1098 3778 1161 3850 de-

77 3901 175 3972 licias
195 3910 231 3973 et
250 3902 285 3972 in
303 3902 439 3997 palatiis
457 3904 617 3990 divitum,
637 3904 774 3977 Aranea
792 3904 835 3975 in·
846 3904 1006 3996 squalore
1024 3911 1059 3973 et
1075 3921 1161 3995 pau-

79 4046 203 4118 perum
219 4025 369 4116 tuguriis
382 4022 564 4097 habitaret.
574 4068 618 4078 -
628 4029 776 4097 Domum
790 4036 896 4111 tuam,
912 4025 1034 4108 amice,
1048 4021 1161 4095 Poda-

78 4170 179 4240 gram
202 4146 418 4219 subintrasse
430 4148 545 4219 audio.
567 4149 691 4219 Mirorl
716 4169 785 4218 non
802 4148 968 4241 putabam
982 4147 1029 4217 illi
1047 4150 1160 4220 locum

77 4293 160 4345 esse
181 4272 216 4342 in
237 4273 342 4345 domo
360 4281 429 4342 tam
448 4269 577 4342 sobria:
596 4289 792 4361 vereorque
809 4292 852 4341 ne
869 4268 953 4361 quid
971 4268 1017 4338 ibi
1035 4268 1091 4341 sui
1107 4269 1161 4340 iu-

77 4394 127 4465 ris
149 4393 331 4466 invenerit.
359 4393 459 4477 Quod
480 4393 510 4464 si
531 4414 654 4463 rernm
680 4398 749 4476 est,
776 4413 846 4463 non
872 4392 1003 4464 malum
1023 4392 1158 4486 magis,

78 4540 183 4611 quam
206 4518 286 4589 mali
307 4537 449 4591 causam
469 4515 605 4589 horreo.
625 4514 717 4588 lllalo
732 4513 814 4604 iam,
833 4514 1008 4612 hospitem
1027 4515 1159 4591 habeas
