2692 5024
194 782 253 845 eto
537 792 579 841 ne
600 792 701 842 renus
722 790 944 843 riuummuus

195 945 365 1018 terminus
380 952 436 1015 est
455 962 565 1028 mors,
588 943 639 1014 sic
655 940 789 1015 floride
809 938 1009 1035 validmpue
1034 939 1202 1013 iuventa
1218 950 1288 1015 ter-

97 1058 102 1065 ’
194 1068 312 1141 minus
329 1074 397 1152 est,
423 1062 715 1161 quandocumque
729 1061 887 1135 incidens
911 1082 1082 1135 mansura
1107 1062 1289 1141 debilitas.

196 1192 278 1267 Sive
296 1190 405 1285 igitur
430 1188 551 1274 totius,
579 1188 655 1261 sive
679 1184 887 1259 robustioris
906 1184 993 1259 vitm
1018 1184 1105 1259 finis
1130 1188 1205 1263 diei
1231 1210 1289 1263 se-

195 1322 320 1387 nectus
344 1311 461 1398 debet,
486 1309 642 1407 qualibet
665 1308 781 1381 etatis
804 1318 904 1403 parte
928 1330 970 1383 se
992 1308 1134 1397 oderat,
1161 1310 1288 1385 datum

179 1430 338 1533 'tempus
354 1428 589 1531 implevimus,
609 1442 645 1507 et
664 1431 819 1526 legitima
841 1443 897 1507 est
922 1441 1102 1507 senectus.
1125 1434 1182 1507 De
1202 1456 1289 1532 pau-

197 1568 339 1661 pertate
359 1558 444 1652 quid
467 1568 571 1653 putas
595 1555 734 1629 dcam?
745 1554 832 1641 Quis
857 1576 926 1627 non
949 1562 1008 1629 est
1030 1576 1190 1651 pauper,
1223 1556 1290 1631 nisi

197 1683 259 1779 qui
279 1680 362 1754 nibil
382 1680 502 1775 cupit‘l
527 1678 570 1751 lli
588 1676 650 1775 qui
669 1678 833 1753 ditissimi
863 1678 1046 1765 ridentur,
1071 1698 1120 1753 eo
1143 1680 1290 1755 caeteris

198 1805 423 1901 pauperiores
447 1813 529 1876 sunt
552 1823 624 1898 quo
648 1800 805 1897 pluribus
830 1809 951 1897 egent3
967 1822 1049 1875 cum
1069 1804 1292 1879 necessariis

199 1948 315 2021 egere,
331 1946 375 1999 ea
399 1927 540 1999 demum
563 1925 609 1999 sit
636 1932 836 2021 pauperius.
852 1923 899 1996 At
928 1922 988 1997 isti
1011 1926 1139 2019 procul
1163 1948 1189 1999 a
1209 1950 1314 2001 vcro*

199 2051 297 2125 falsis
309 2048 529 2146 opinionibus
541 2048 618 2136 acti,
627 2047 694 2121 sibi
706 2046 907 2121 necessaria
918 2048 1188 2143 feceruntquae
1201 2052 1294 2149 apud

200 2174 317 2247 minus
341 2173 485 2246 insanos
506 2175 714 2266 voluptuosa
741 2171 895 2266 quidem,
929 2169 1024 2265 apud
1053 2190 1174 2247 sanos
1211 2198 1294 2251 vero

201 2317 436 2391 supervacua,
470 2280 647 2393 postreino
675 2305 792 2367 autem
821 2291 915 2390 apud
947 2294 1075 2368 doctos
1115 2298 1294 2375 damnosa

201 2421 306 2491 etiam
335 2429 440 2514 atque
468 2420 562 2490 omni
592 2418 707 2491 studio
731 2418 896 2511 fugienda
921 2427 1014 2490 sunt.
1035 2420 1138 2493 Vere
1176 2422 1293 2521 itaque

202 2552 284 2614 sunt
301 2544 455 2614 omnium
472 2543 694 2638 pauperrimi,
717 2539 1019 2613 innumerabilium
1035 2546 1168 2637 egeni,
1191 2550 1292 2622 etvel

203 2665 422 2737 assecutione
442 2686 559 2734 rerum
576 2674 772 2758 optatarum
793 2663 1025 2736 accendentes
1043 2664 1291 2761 indigentiam,

205 2787 261 2856 vel
278 2787 517 2878 expectatione
537 2795 748 2879 torquentes.
769 2785 840 2858 Nec
857 2808 934 2858 sum
959 2786 1115 2875 nescius,
1140 2794 1235 2886 quid
1253 2792 1292 2866 ad

202 2907 270 2979 ista
290 2908 535 3002 respondeant:
556 2909 729 2979 contemni
750 2917 988 3004 paupertatem
1010 2909 1215 3004 aliquando
1234 2917 1293 2991 dil-

203 3029 329 3103 ficilius
348 3052 401 3116 re,
422 3053 526 3124 quam
548 3029 665 3102 verbo.
688 3032 762 3102 Non
782 3031 953 3103 obluctor:
973 3032 1066 3104 dura
1084 3058 1149 3109 res
1161 3049 1235 3127 cst,
1249 3043 1291 3113 ia·

203 3166 287 3228 teor.
305 3155 384 3238 Sed,
405 3154 458 3224 Dii
480 3154 578 3227 boni!
611 3176 716 3247 qnam
751 3165 835 3241 tuta,
869 3178 974 3249 quam
1001 3178 1152 3248 secura,
1190 3187 1291 3259 quam

203 3279 380 3372 expedita,
402 3301 507 3372 quam
529 3278 650 3362 libera,
677 3302 780 3370 quam
804 3279 966 3373 denique,
995 3281 1026 3353 si
1051 3298 1187 3360 amare
1203 3290 1291 3361 illam

203 3401 238 3470 in
263 3402 417 3471 animum
443 3402 664 3486 duxerimus,
692 3400 856 3474 iucunda!
877 3404 945 3476 Sed
963 3404 1183 3484 desinamus
1208 3434 1290 3509 pau·

204 3531 372 3617 pertatem
399 3523 540 3594 laudare
563 3533 599 3593 et
624 3546 741 3596 amare
760 3525 912 3599 divitias.
938 3528 983 3600 Et
1008 3550 1140 3603 revera
1162 3545 1292 3629 quotus

204 3645 380 3718 hominum
399 3644 584 3731 invenitur,
606 3645 667 3738 qui
684 3668 763 3717 cum
780 3659 1018 3742 paupertatem
1038 3654 1155 3726 valde
1173 3657 1293 3733 lauda·

203 3767 302 3852 verit,
322 3742 495 3839 laudatam
516 3777 588 3840 tota
608 3769 795 3841 intentione
807 3792 877 3842 non
897 3771 1027 3863 fugiat?
1039 3773 1150 3849 Victa
1166 3780 1294 3868 erite

203 3891 237 3960 in
267 3902 436 3963 aetemum
457 3891 502 3962 ab
523 3891 649 3962 animis
670 3890 847 3964 hominum
879 3896 1048 3987 relegata,
1075 3901 1141 3971 vel
1175 3906 1293 3999 potius

202 4015 356 4088 extincta
378 4015 559 4109 cupiditas
581 4015 611 4087 si
631 4026 716 4109 quot
736 4018 933 4089 laudatores
949 4016 1058 4090 habet
1082 4038 1292 4120 paupertas.

204 4135 346 4210 totidem
367 4139 494 4211 babeat
517 4149 700 4212 amatores.
727 4138 876 4212 Habebit
891 4150 1007 4211 autem
1032 4146 1295 4245 multoplures

202 4261 233 4331 si
253 4262 468 4335 innotescere
493 4264 637 4358 coeperit
661 4263 745 4357 quid
770 4263 850 4334 boni
877 4262 1016 4350 habeat,
1044 4268 1141 4361 quid
1168 4276 1295 4369 quictis

193 4405 243 4455 ac
261 4386 431 4459 felicitatis
452 4389 611 4460 adducat.
634 4388 808 4460 Hactenus
821 4397 951 4471 tamen,
965 4398 1004 4459 ut
1024 4400 1140 4465 aetate
1162 4398 1295 4473 Lucani

151 4586 158 4594 ἢ
204 4517 289 4593 erat,
308 4531 437 4581 munus
462 4510 525 4582 Dei
544 4522 615 4597 est,
650 4512 805 4585 nondum
824 4510 1030 4585 mortalibus
1059 4512 1294 4607 intellectum,

205 4621 269 4693 nisi
286 4628 475 4701 admodum
496 4631 600 4714 raris;
613 4631 649 4701 in
662 4630 790 4723 quibus
811 4644 893 4705 sunt
905 4634 1070 4728 exempla
1089 4636 1159 4713 illa
1175 4642 1296 4721 claris·
