2692 5024
130 640 170 720 nn
538 669 801 721 rnonnoounnou.

130 811 204 872 tioni
221 809 417 885 subiecimus,
431 825 469 873 ex
482 825 544 889 quo
561 810 622 872 ictu
639 826 716 889 pene
728 809 809 874 oculi
825 817 967 889 appareat
983 810 1096 890 qulbus
1110 813 1139 875 in
1153 828 1202 877 eo·

129 914 245 979 dicibus
262 914 452 992 singularum
469 922 569 978 textus
585 915 769 995 reperiatur,
790 915 828 978 ad
849 932 985 994 quorum
1006 918 1097 980 sudem
1119 921 1203 998 quid-

129 1021 203 1098 quid
229 1021 449 1101 imperlecti·in
470 1022 524 1085 hac
544 1021 692 1084 exciderit
712 1020 843 1086 editione
863 1022 978 1100 corrigi
998 1023 1093 1101 possit
1111 1030 1203 1104 atque

129 1128 294 1191 emendari.

207 1233 281 1296 Illud
297 1234 427 1314 denique
442 1234 549 1296 addam
565 1249 615 1295 me
632 1232 684 1296 diu
706 1233 856 1295 incertum
877 1231 1012 1296 extitisse
1033 1249 1071 1296 an
1092 1234 1203 1299 litteris

129 1340 212 1402 hisee
227 1347 314 1403 notas
330 1338 669 1417 animadversionesque
687 1338 919 1416 subiungerem,
937 1354 1006 1415 quae
1023 1339 1202 1402 earumdem

129 1446 223 1522 diem,
251 1444 454 1519 occasionem,
474 1449 691 1521 argumentum
710 1444 910 1518 declararent,
931 1448 1022 1520 atque
1043 1459 1082 1506 en
1105 1445 1202 1523 ipsius

128 1553 275 1615 Petrarcar
296 1550 398 1613 verbis
418 1549 593 1629 deprompta
621 1549 804 1613 validissima
830 1553 1008 1626 argumenta
1036 1549 1202 1628 suppedita-

130 1662 210 1732 rent,
227 1655 340 1732 quibus
357 1659 423 1715 tum
439 1651 539 1716 civilis
554 1652 681 1716 historia
698 1659 728 1715 et
744 1651 904 1729 litteraria,
922 1667 1020 1730 quum
1036 1653 1200 1732 praeclaris·

128 1761 280 1822 simorum
298 1759 366 1820 eius
381 1759 476 1823 aetatis
494 1758 637 1821 virorum
656 1757 727 1820 vitae
743 1773 854 1836 resque
864 1761 956 1836 gestu
966 1756 1200 1821 illustrarentur.

128 1865 165 1928 llt
181 1881 215 1927 re
233 1870 354 1926 mature
369 1880 530 1944 perpensa,
548 1879 639 1927 omne
660 1863 734 1926 illud
753 1869 897 1926 notarum
917 1870 947 1925 et
967 1862 1202 1927 animadversio

129 1986 204 2032 num
220 1984 296 2049 opus
313 1968 422 2032 italicae
442 1969 615 2032 litterarum
637 1967 772 2031 versioni
793 1970 1020 2048 adiungendum
1039 1984 1201 2033 reservare

129 2076 232 2154 visum
248 2079 304 2136 est.
321 2073 364 2134 Ne
382 2080 480 2136 tamen
498 2089 622 2136 omnem
638 2074 676 2136 de
692 2074 755 2136 vita
776 2080 806 2136 et
821 2075 913 2137 rebus
929 2075 1021 2153 gestis
1036 2075 1130 2137 lector
1151 2074 1200 2137 de·

127 2182 239 2245 sideret
256 2180 397 2242 Auctoris
414 2179 510 2242 nostri
526 2180 680 2257 notitiam,
701 2197 739 2243 ex
760 2180 848 2244 cuius
869 2181 985 2244 delectu
1004 2181 1073 2243 lieri
1094 2182 1201 2258 nequit

128 2284 202 2363 quin
220 2300 299 2364 saepe
311 2283 342 2345 in
359 2283 584 2347 narrationibus
602 2285 669 2347 eius
687 2283 886 2361 intelligendis
900 2284 1026 2359 haereat,
1037 2282 1201 2347 Familiari-

127 2390 184 2452 bus
199 2389 282 2452 bisce
297 2390 541 2469 praemittendam
558 2388 703 2452 duximus
719 2388 884 2468 Epistolam
901 2402 960 2465 qua
970 2387 1111 2449 Posteros
1128 2387 1202 2465 ipse·

128 2503 191 2558 met
206 2496 309 2558 docuit
325 2496 475 2573 originem
492 2495 588 2572 gentis
605 2511 682 2569 suae,
701 2499 731 2555 et
748 2493 819 2554 vitae
836 2497 909 2553 actm
930 2491 1081 2553 rationem
1103 2507 1201 2570 usque

127 2602 165 2663 ad
192 2617 306 2663 annum
332 2601 427 2663 etatis
454 2605 575 2661 sextum
601 2613 692 2676 supra
719 2596 994 2675 quadragesimum.
1022 2594 1097 2656 lluic
1125 2612 1201 2658 vero

127 2704 277 2783 prooemio
296 2709 399 2766 nostro
413 2702 557 2766 Tabulam
570 2702 777 2766 subnectimus
786 2699 1030 2778 chronologicam
1042 2716 1079 2762 co
1093 2699 1201 2764 ordine

127 2811 324 2891 compositam
343 2816 376 2871 ut
387 2808 458 2870 hinc
473 2808 610 2888 publicos
622 2808 819 2887 privatosque
834 2811 961 2868 eventus
979 2806 1118 2869 exhibeat
1134 2807 1199 2884 qui-

96 2918 99 2922 ’
129 2915 259 2978 buscum
276 2915 372 2993 ipsius
391 2915 452 2975 vita
467 2914 528 2975 lato
545 2929 668 2992 quoque
685 2911 777 2974 modo
793 2910 1002 2988 coniungitur,
1023 2911 1094 2974 hine
1115 2911 1200 2991 quid·

129 3022 203 3101 quid
227 3027 399 3083 memoratu
426 3019 548 3097 dignius
575 3017 632 3097 ipsi
659 3014 819 3093 contigerit
841 3021 989 3094 appareat.
1016 3014 1200 3078 Documenta

130 3143 205 3190 vero
221 3125 401 3204 criticasque
422 3122 648 3203 disquisitiones
670 3137 739 3200 quae
759 3125 944 3183 asserturum
964 3136 1069 3182 rerum
1091 3119 1201 3181 verita·

130 3238 192 3291 tem
208 3232 402 3305 confirment,
420 3245 479 3292 una
499 3245 571 3291 cum
587 3227 686 3290 italica
701 3225 810 3287 barum
828 3223 1026 3304 epistolarum
1043 3223 1200 3299 versione,

130 3334 156 3394 si
172 3335 279 3414 coeptis
295 3334 374 3398 Deus
390 3339 515 3409 annuat,
533 3331 622 3395 brevi
637 3347 693 3393 nos
710 3331 846 3394 edituros
863 3345 929 3393 esse
944 3327 1134 3392 confidimus.
