2692 5024
220 827 493 916 FRANCISCUS
525 827 756 914 PETRARCA
788 827 1081 916 Poslunlllll

577 1035 729 1083 SALUTEM.

216 1806 332 1876 Fuerit
356 1804 416 1875 tihi
439 1808 554 1876 forsan
580 1805 624 1877 de
651 1827 705 1876 me
730 1807 858 1900 aliquid
884 1808 1040 1879 auditum
1062 1808 1189 1903 1111111-
1263 1879 1268 1893 ,

120 1952 224 2021 quam
248 1940 283 2000 et
309 1929 374 2000 hoc
400 1927 545 1999 dubium
573 1928 630 2013 sit,
659 1953 703 2000 an
736 1930 902 2021 exiguum
934 1941 969 2002 et
1000 1931 1187 2002 obscurum

123 2054 221 2143 longe
239 2075 363 2123 nomen
385 2074 446 2121 seu
467 2054 618 2122 locorum
642 2074 703 2122 seu
730 2062 920 2144 temporum
942 2062 1188 2146 perventurum

123 2169 195 2266 sit),
208 2184 243 2245 et
259 2175 342 2245 illud
358 2174 502 2245 forsitan
515 2174 659 2268 optabis
674 2196 778 2245 nosse
791 2175 875 2267 quid
893 2176 1041 2247 hominis
1055 2176 1187 2260 luerim,

123 2306 182 2366 aut
201 2298 279 2388 quis
298 2318 440 2389 operum
460 2297 576 2367 exitus
598 2319 766 2380 meorum,
788 2319 908 2367 corum
930 2297 1079 2367 maxime
1103 2320 1191 2387 quo

125 2442 199 2488 rurn
219 2419 263 2490 ad
284 2421 424 2491 telerna
451 2419 660 2512 pervenerit,
688 2421 744 2491 vel
771 2441 918 2511 quorum
939 2427 1040 2490 tenue
1066 2439 1190 2487 nomen

123 2541 283 2613 audieris.
310 2543 354 2612 Et
379 2542 423 2612 dc
452 2542 561 2635 primo
592 2543 731 2634 quidem
757 2543 864 2615 variae
888 2550 989 2612 erunt
1013 2541 1190 2612 hominum

124 2686 242 2746 voccs3
263 2664 310 2735 ita
325 2664 415 2734 enirn
434 2667 538 2734 ferme
555 2665 704 2758 quisque
720 2665 886 2758 loquitur,
905 2673 944 2735 ut
962 2665 1105 2758 impellit
1121 2684 1191 2736 non

124 2787 250 2858 veritas
277 2787 338 2858 sed
359 2789 533 2879 voluptas:
566 2809 628 2858 nec
655 2788 781 2873 laudis,
803 2812 867 2859 nec
890 2788 1039 2859 inlamiae
1064 2787 1190 2859 modus

123 2919 185 2980 est.
205 2911 332 2981 Vestro
351 2910 394 2982 dc
414 2933 519 3001 grege
539 2932 631 2980 unus
655 2911 704 2981 lui
729 2921 844 2983 autem
870 2910 1023 2981 mortalis
1044 2910 1192 2980 homun-

125 3032 189 3115 cio,
215 3054 278 3103 nec
302 3055 439 3124 magnae
466 3033 651 3104 admodum
678 3055 741 3104 nec
767 3033 845 3104 vilis
873 3033 1025 3122 originis.
1051 3032 1193 3103 Familia

127 3152 177 3247 (ut
195 3154 238 3224 de
258 3176 295 3225 se
314 3156 361 3227 ait
377 3154 558 3246 Augustus
577 3155 707 3248 Caesar)
723 3156 872 3246 antiqua.
891 3155 1020 3225 Natura
1036 3154 1188 3245 quidem,

124 3298 190 3347 non
209 3277 341 3370 iniquo,
364 3300 474 3370 neque
495 3278 726 3349 inverecundo
747 3277 875 3360 animo,
900 3276 968 3346 nisi
993 3276 1025 3347 ei
1045 3298 1193 3351 consue-

125 3400 206 3470 tudo
225 3401 425 3492 contagiosa
444 3400 629 3471 nocuisset.
651 3398 892 3471 Adolescentia
909 3421 965 3470 me
989 3400 1117 3486 fefellit,
1139 3400 1193 3470 iu-

123 3531 227 3593 venta
246 3522 422 3616 corripuit,
446 3532 585 3594 senecta
609 3531 725 3593 autem
749 3521 914 3607 correxit,
940 3523 1193 3615 experimento

124 3667 191 3735 que
210 3647 387 3739 perdocuit
407 3668 528 3717 verum
550 3645 647 3729 illud,
670 3644 764 3738 quod
783 3644 842 3714 diu
864 3655 942 3717 ante
962 3646 1191 3736 perlegeram:

123 3770 283 3858 quoniam
305 3769 533 3840 adolescentia
552 3778 587 3840 et
606 3770 766 3862 voluptas
787 3791 877 3840 vana
898 3774 993 3838 sunt:
1020 3767 1193 3834 111111111-

125 3902 195 3964 tum
218 3903 479 3986 temporumque
499 3892 650 3964 omnium
671 3893 841 3974 conditor,
860 3891 920 3982 qni
937 3889 1083 3958 miseros
1101 3909 1193 3974 mor-

125 4017 208 4087 tales
241 4016 285 4087 de
315 4015 419 4086 nihilo
451 4015 600 4086 tumidos
634 4014 793 4086 aberrare
828 4013 908 4083 sinit
940 4010 1125 4094 interdum,
1154 4018 1193 4080 ut

123 4147 339 4229 peccatorum
355 4159 496 4208 suorum
515 4139 570 4208 vel
588 4158 665 4209 sero
679 4157 865 4218 memores
882 4156 959 4205 sese
972 4142 1190 4224 cognoscant.

124 4255 256 4350 Corpus
293 4259 421 4341 iuveni,
455 4280 523 4329 non
559 4281 763 4350 magnarum
795 4255 936 4338 virium,
976 4254 1037 4326 sed
1073 4256 1192 4326 multae

123 4376 340 4450 dexteritatis
358 4379 542 4472 obtigerat;
564 4383 674 4452 lorrna
691 4403 759 4452 non
777 4376 903 4470 glorior
919 4378 1110 4462 excellenti,
1130 4378 1192 4449 sed

124 4521 203 4590 quae
229 4503 362 4590 placere
388 4503 612 4576 viridioribus
639 4502 737 4575 annis
763 4507 895 4593 posset:
921 4500 1033 4571 colore
1057 4500 1190 4581 vivido,

281 4637 297 4672 1.
1055 4621 1064 4668 1
