2692 5024
542 694 807 749 Pnonltdotsstnon.
867 754 870 761 ,
1116 696 1191 751 CXXI

153 841 202 915 Ep.
222 841 266 898 53.
286 843 444 898 Pnronmus
457 843 574 899 damon
587 844 780 900 Vnmnmrnno
794 843 929 899 Iusrrrns
938 844 1113 908 Porunooun
1123 845 1194 902 Fno-

344 947 480 989 nnnrmo.
490 964 527 975 -
536 934 621 1007 Soepe
633 935 711 991 milri
720 935 913 1007 propositum.

309 1020 380 1092 Arg.
400 1021 437 1076 Ut
450 1020 485 1075 de
497 1021 719 1078 interlectoribus
739 1022 892 1078 amicorum
915 1039 1030 1078 suorum
1044 1023 1192 1080 vindictum

344 1115 454 1165 sumant
469 1111 548 1165 enixe
562 1127 609 1167 eos
623 1118 710 1183 rogat.

151 1197 201 1269 Ep.
221 1197 265 1252 54.
285 1197 509 1255 Banrnononno
522 1213 559 1254 nn
570 1200 656 1255 Pecs.
667 1200 799 1256 -Semi
812 1201 881 1256 otim
894 1203 1030 1257 nobilem.

308 1289 380 1360 Arg.
396 1289 481 1343 Addit
493 1290 599 1345 animos
613 1289 648 1344 ad
666 1290 859 1361 scribendum,
884 1297 911 1346 et
933 1298 1072 1365 praeceptn
1095 1293 1189 1348 tradit.

343 1378 461 1432 Mortem
474 1378 598 1450 plurium
611 1378 763 1434 amicorum
777 1397 891 1435 snorum
905 1381 1082 1437 lamentatur.

151 1469 200 1541 Ep.
220 1468 264 1523 55.
284 1469 424 1524 Pnrnrnno
438 1467 533 1523 Errsc.
550 1467 764 1524 Gavannrcmsr.
775 1470 854 1525 -,-si
868 1471 1011 1544 quidquid
1024 1489 1100 1529 mea.

308 1560 380 1632 Arg.
401 1560 492 1630 Rogat
502 1565 534 1614 ut
547 1575 564 1614 a
577 1559 708 1614 Pontifice
722 1559 840 1614 Maximo
855 1575 935 1632 opem
949 1561 1001 1616 sibi
1015 1562 1099 1632 ferri,
1118 1562 1192 1618 salva

343 1654 437 1705 tumen
448 1649 574 1704 libertate
589 1666 655 1719 sua,
670 1655 757 1705 curet.

149 1739 200 1813 Ep.
220 1740 264 1795 56.
284 1739 446 1795 annarsco
457 1740 562 1795 Pmom
575 1738 623 1794 SS.
638 1739 861 1794 Arosrononuu.
872 1769 908 1781 -
917 1739 1053 1795 solebant
1065 1740 1193 1796 Romani

346 1829 492 1885 Consules.
1150 1837 1152 1840 ⁴

307 1919 380 1990 Arg.
395 1918 436 1973 De
449 1917 543 1990 Legati
556 1917 676 1973 nomine.
692 1919 728 1974 Se
741 1919 816 1990 gravi
825 1918 957 1990 periculo,
967 1918 1025 1973 Deo
1034 1917 1190 1986 adiuvante,

342 2008 509 2064 incolumem
530 2008 663 2077 evasisse,
686 2024 806 2080 eumque
830 2006 968 2063 Cardinali
991 2006 1091 2078 Legata
1112 2007 1191 2063 enixe

344 2095 561 2152 commendasse.

150 2187 199 2259 Ep.
219 2187 262 2242 57.
283 2187 407 2243 lollium
421 2189 551 2243 Ban1n1o.
562 2217 598 2229 -
607 2187 708 2242 solitis
722 2192 749 2240 et
762 2185 1023 2257 inemplicobilibus.

309 2279 380 2350 Arg.
397 2278 480 2332 Mittit
493 2277 527 2332 ad
541 2293 606 2332 eum
621 2277 764 2349 epistolam
779 2275 924 2348 poeticam.

149 2365 199 2438 Ep.
219 2365 263 2422 58.
283 2365 418 2423 Gasrnno
432 2366 608 2421 Venoneusn
619 2396 655 2407 -
665 2366 740 2422 Sunt
752 2366 873 2438 quidam
886 2365 936 2419 sic.

309 2458 381 2528 Arg.
393 2456 523 2512 Dolorem
537 2455 658 2511 lacrimis
671 2457 761 2511 leniri.
777 2456 937 2511 Amicorum
950 2460 1069 2510 mortem
1081 2454 1171 2508 dellet.

149 2545 199 2618 Ep.
219 2545 263 2600 59.
284 2546 477 2615 Menonmno,
493 2560 530 2601 ur
544 2560 672 2615 nrcmun,
682 2545 777 2601 Errsc.
793 2546 984 2601 Auonsrnnsr.
995 2543 1192 2615 -Superbioe

343 2635 402 2688 imo
416 2634 552 2689 insonioe.

308 2726 380 2796 Arg.
397 2724 439 2781 Ob
453 2725 562 2780 litteras·
572 2725 708 2798 superbiae
727 2732 754 2781 et
771 2725 906 2780 iactsntie
929 2725 1026 2797 plenas
1039 2723 1074 2779 ab
1088 2739 1121 2778 eo
1138 2720 1190 2777 sibi

343 2815 442 2870 missas
455 2815 594 2871 Galeatius
602 2816 759 2871 vicecomes
768 2815 933 2889 Episcopum
942 2813 1118 2884 indignanter
1126 2810 1192 2866 allo-

342 2904 438 2975 quitur
450 2911 477 2960 et
490 2905 573 2961 minis
584 2906 750 2978 insequitur.

148 2992 198 3065 Ep.
218 2992 263 3048 60.
283 2993 379 3050 Monte
392 2994 550 3051 Panunnsr.
560 3026 596 3059 -‚-
607 2996 668 3052 Tua
682 2996 784 3051 brevis.

307 3084 380 3156 Arg.
395 3085 456 3139 Duo
469 3085 509 3139 illi
527 3087 659 3158 opuscula
681 3086 765 3141 mittit
779 3085 812 3140 dc
827 3083 928 3157 quibus
950 3082 1083 3136 iudicium
1107 3097 1189 3136 sunm

343 3174 470 3246 exquirit.

149 3260 199 3334 Ep.
218 3261 263 3317 oe.
284 3263 407 3317 lonium
422 3264 579 3317 Pnnnnnsu
590 3292 626 3303 -
638 3262 759 3317 Uberem
772 3279 902 3317 messem.

306 3353 378 3425 Arg.
402 3353 526 3426 Explicat
545 3353 704 3425 allegoriam
727 3369 790 3425 qum
809 3349 943 3424 superiori
958 3349 1074 3423 epistola
1091 3348 1139 3404 No.
1155 3347 1192 3404 50

342 3444 508 3498 continetur.

147 3529 198 3603 Ep.
218 3529 262 3586 62.
282 3531 326 3585 An
339 3545 478 3587 Iouerum,
488 3561 524 3573 -
537 3530 645 3587 Virtuti
658 3537 716 3586 moe
729 3532 922 3603 congratuler.

306 3618 378 3690 Arg.
395 3617 555 3674 Gratulatur
568 3618 718 3674 victoriam.

147 3705 199 3779 Ep.
217 3705 262 3761 63.
282 3706 398 3762 (linono
412 3708 561 3764 Dnnrnmo
576 3708 754 3766 Gannnnun.
765 3740 801 3752 -
813 3710 898 3782 Urget
913 3710 981 3764 hinc
995 3707 1137 3761 animum.

307 3797 379 3869 Arg.
396 3797 436 3851 De
450 3796 546 3851 eadem
561 3814 591 3851 re
606 3814 668 3869 quae
682 3798 819 3871 superiori
831 3797 945 3869 epistola
958 3794 1006 3848 No.
1021 3794 1040 3848 6
1055 3797 1114 3847 acta
1127 3795 1177 3845 est.

146 3885 198 3958 Ep.
217 3885 262 3940 64,
281 3885 422 3942 Pmmrro
436 3887 529 3943 Enrsc.
546 3885 760 3943 Cavennrcnnsr.
771 3918 807 3929 -
818 3887 973 3954 Utcumque
987 3882 1064 3935 aliie.

307 3974 380 4047 Arg.
396 3977 463 4040 Quae
477 3981 600 4048 tempore
614 3983 738 4032 anteacto
761 3975 893 4030 beneficia
907 3970 1010 4043 aceepit
1024 3981 1189 4024 commemo

343 4069 400 4134 rat,
415 4069 443 4120 et
455 4081 505 4137 pro
519 4066 625 4121 noviter
639 4065 737 4120 oblatis
750 4065 851 4137 gratias
866 4062 931 4131 agit.

144 4150 198 4224 Ep.
217 4151 262 4207 65.
283 4152 326 4207 An
342 4167 480 4209 ronorun.
491 4184 527 4195 -
539 4154 573 4212 Ut
586 4155 664 4209 inter
677 4160 727 4210 tot.

307 4244 379 4317 Arp.
395 4245 478 4301 Mittit
491 4261 603 4301 versum
617 4222 726 4317 Eglogae
741 4243 766 4297 X
780 4237 995 4311 adiungendum.

619 4455 724 4467 ...α-..-
