2692 5024
133 598 229 647 xxvlll
557 595 822 649 rnoffluolnnon

287 833 400 889 INITIA
430 833 665 893 Lll'rnnnnun
1039 861 1124 913 onno
1143 860 1335 912 nrrsroaln

184 953 407 996 ntratctt'rrco
438 953 553 997 ORDINE
586 956 757 1000 DISPOSI'M

382 1073 424 1122 ur
448 1073 570 1124 nonnul
1075 1088 1211 1129 vm„

199 1170 289 1217 totu!
303 1174 339 1215 to
353 1173 420 1224 onos
436 1174 557 1216 ananan
572 1176 653 1218 mssa
669 1176 745 1218 cunr.
1094 1159 1139 1190 ⁴¹¹¹
1152 1151 1202 1190 ⁴⁸⁰⁸·

468 1381 492 1442 Α

53 1529 79 1582 Α
92 1527 231 1600 Babylone
244 1528 394 1583 norissima
407 1528 526 1583 Nicaeam
531 1569 1265 1588 .........................
1270 1502 1273 1506 ‚
1289 1575 1294 1586 .
1315 1574 1321 1585 .

152 1599 188 1643 Ad
201 1597 326 1643 zenobium
343 1597 510 1643 Florentinum.

54 1679 224 1733 abiiciamus
238 1694 287 1732 oro
301 1677 324 1731 sl
338 1695 496 1748 possumus.
533 1719 914 1738 ..............
1098 1681 1128 1736 F.
1148 1681 1192 1738 34.

152 1747 187 1791 Ad
202 1747 314 1802 ignotum.

54 1826 167 1882 Absolvi
173 1825 309 1940 previbus
323 1827 533 1900 occupationum
536 1869 914 1888 ..............
1097 1832 1127 1887 F.
1148 1832 1192 1887 73.

153 1900 171 1941 Α
202 1896 326 1941 lohanncm
339 1896 453 1942 columna
466 1897 614 1942 cardinalem.

55 1979 99 2033 Ab
111 1977 180 2031 urbe
194 1976 283 2031 Roma
298 1975 364 2048 quid
379 1982 502 2048 expectet
505 2018 915 2037 ...............
1097 1981 1128 2037 F.
1148 1982 1193 2038 25.

156 2045 191 2091 Ad
205 2046 329 2091 lemanem
344 2044 456 2090 Columna
470 2047 618 2093 caminatam.

56 2127 157 2199 Accepi
172 2127 276 2180 litteras
290 2131 352 2179 tuas
356 2167 1320 2187 .................................

153 2197 188 2241 Ad
203 2196 344 2240 Ludorlcum
358 2196 472 2253 Gonzogn.

56 2279 178 2334 Accensa
192 2275 309 2330 charitas
322 2276 440 2330 lamnam
454 2277 550 2333 nescit.
590 2321 1321 2335 .........................
1345 2306 1346 2320 .

154 2347 189 2391 Ad
204 2346 310 2392 Pontlum
324 2346 458 2392 Sunsouem.

56 2430 100 2483 lld
114 2444 220 2483 coenam
235 2432 401 2504 expectatus.
442 2471 448 2482 .
472 2471 477 2482 .
501 2471 506 2482 .
530 2471 536 2482 .
559 2473 565 2483 .
589 2473 594 2482 .
618 2456 623 2482 2
647 2470 915 2483 ..........
1097 2428 1129 2483 F.
1150 2429 1194 2486 22.

155 2497 190 2541 Ad
205 2500 327 2552 agapetum
341 2494 463 2542 Columna.
939 2484 943 2557 Ι

56 2580 99 2634 Ad
113 2595 145 2633 ea
160 2594 221 2649 quaa
236 2576 333 2629 scribis
347 2576 422 2629 brevi
435 2593 577 2649 responso.
617 2620 915 2634 ...........
939 2560 943 2639 Ι
968 2621 1322 2634 .............

156 2648 191 2691 nd
203 2646 330 2691 zenobium
347 2644 512 2692 Florentinum.

57 2731 101 2784 Ad
115 2727 181 2783 xlll
196 2727 334 2781 Kalendas
348 2726 441 2781 Maias.
473 2768 1323 2785 .............................

156 2798 191 2842 Ad
207 2796 300 2841 tullum
315 2805 390 2840 suum.

57 2879 134 2933 Adeo
149 2878 314 2993 ffimjmaofuff
327 2876 380 2930 fixa
384 2917 916 2935 ...................
1099 2877 1129 2933 F.
1149 2878 1193 2933 45.

214 2960 243 3004 gn
311 2979 316 2988 .

58 3029 100 3083 nd
115 3029 218 3083 sontem
232 3027 335 3097 Sorgiae
349 3032 472 3081 aestatem
519 3044 535 3082 o
539 3068 916 3086 ..............
942 3050 945 3063 ·
969 3069 1324 3083 .............

156 3101 190 3143 llo
205 3099 351 3142 Franclscum
366 3097 403 3140 SS.
419 3101 506 3152 Apooto
517 3109 591 3144 orum.
941 3070 945 3275 ³

58 3179 101 3233 nd
116 3180 143 3234 id
157 3178 233 3250 quod
247 3178 280 3230 de
293 3177 357 3245 supa
371 3178 468 3232 mortis
471 3219 916 3234 ................
1081 3179 1110 3234 S.
1130 3177 1166 3234 11.
1185 3178 1213 3234 2.

156 3249 191 3293 Ad
206 3249 353 3293 franciscum
369 3246 477 3291 Bruuum.

59 3329 102 3383 Ad
116 3330 220 3383 litteras
235 3334 296 3381 tuas
310 3327 379 3380 nihil
393 3330 559 3398 respondere
562 3371 916 3385 .............

157 3402 191 3444 Ad
206 3399 329 3444 lohannem
343 3397 372 3440 dc
387 3395 502 3442 Certuloo.

60 3479 215 3534 admiralio
230 3477 433 3547 inexperientiae
437 3517 917 3533 .................

159 3551 192 3594 Ad
210 3550 302 3592 l‘etrunr
318 3547 495 3592 Pictavlcuocrn.

157 3700 192 3745 Ad
208 3696 352 3743 Urbanumv
369 3697 433 3741 Pout.
449 3698 508 3742 Mar.

61 3780 227 3834 Adolescens
241 3793 324 3847 (parem
338 3778 372 3831 ad
386 3784 412 3831 tc
425 3780 498 3833 misi.
530 3819 917 3833 ..............

159 3849 192 3894 Ad
208 3846 348 3903 ltopnuldum
365 3848 529 3894 veronensem.

61 3929 304 3983 adolescentulum
320 3935 446 3984 nostrum
450 3969 917 3984 .................

158 3999 194 4045 Ad
208 3996 337 4043 Gilbertum
352 4002 527 4053 grammaticum
543 4000 697 4042 l’nrmenscm.

61 4079 105 4133 nd
118 4077 341 4150 respondendum
356 4080 452 4134 litteris
468 4081 522 4134 tuis
526 4119 917 4133 ..............

159 4149 194 4193 Ad
210 4148 370 4192 Benrenutum
385 4149 530 4194 lmolensem.

63 4229 145 4298 AEgre
158 4229 214 4282 fers
228 4226 302 4298 quod
317 4228 344 4282 in
359 4229 465 4284 labores
480 4237 551 4284 tuos.
592 4270 918 4284 ............
944 4200 947 4259 Ι
973 4271 1329 4283 .............

160 4300 195 4342 Ad
211 4299 335 4342 Socratem.
944 4274 948 4469 ι

63 4378 151 4432 AEtatc
164 4379 203 4432 srli
218 4379 348 4433 charitate
362 4377 445 4433 trater
448 4421 919 4433 .................

160 4449 195 4493 Aa
209 4448 307 4494 l'lllcum
321 4448 397 4496 nolon
412 4450 551 4495 Paduanuru.
945 4472 948 4477 ·

1081 4381 1109 4432 S.
1131 4379 1176 4432 VI.
1197 4380 1224 4433 4.
