2692 5024
400 712 492 763 nura
513 711 900 766 sacoaras-arrarum
920 717 961 768 rr.
1158 707 1218 772 105

138 854 405 929 munificentiam
424 857 673 948 contemplare3
689 877 771 950 quae
789 865 884 930 tanta
902 860 982 945 luit,
1009 872 1048 932 ut
1066 864 1218 956 egentis·

138 979 244 1051 simas
274 978 353 1050 licet
381 977 430 1050 tui
460 1000 585 1050 manus
614 980 877 1072 perseverando
901 983 1083 1056 laxaverit.
1116 987 1218 1059 Utere

136 1106 238 1174 laetus
267 1101 483 1173 immunitate
513 1100 573 1172 tibi
602 1125 695 1173 nunc
718 1124 898 1175 concessa:
926 1105 976 1177 sic
1000 1107 1122 1200 patriae
1147 1119 1217 1180 tuae

137 1224 274 1309 moenia,
291 1234 467 1317 tamquam
480 1223 672 1316 inquietum
689 1224 858 1297 libertatis
871 1227 1020 1322 propriae
1031 1250 1215 1316 carcerem,

139 1346 334 1419 recordare.
352 1345 523 1417 Erasisti:
540 1355 586 1430 et,
605 1346 701 1438 quod
718 1369 883 1440 maguum
907 1359 972 1436 est
998 1351 1142 1444 contigit
1165 1352 1219 1424 iu-

139 1469 301 1542 bentibus
326 1467 422 1541 abire
443 1467 659 1540 custodibus.
683 1469 833 1556 losanis,
857 1471 888 1543 si
907 1472 995 1565 quid
1013 1475 1100 1547 sorte
1124 1497 1219 1548 com-

138 1591 262 1677 mittis;
283 1600 324 1663 ut
345 1590 480 1664 redeas.
502 1588 558 1663 Ad
587 1590 644 1663 illa
673 1591 789 1683 potius
818 1603 853 1665 te
880 1606 1060 1682 converte,
1090 1596 1218 1690 quibus

140 1713 407 1787 adolescentiam
422 1711 664 1798 dedicaveras;
685 1734 766 1808 quae
783 1715 999 1790 robustiores
1012 1740 1122 1793 annos
1140 1730 1219 1793 tuos

139 1835 303 1907 fecissent
318 1836 440 1928 utique
457 1826 674 1929 tranquillos,
689 1835 765 1922 nisi
779 1858 885 1929 quam
898 1838 1014 1911 adhuc
1026 1840 1218 1927 desideras,

140 1960 250 2053 patria
267 1960 448 2032 vetuisset.
473 1960 615 2033 Facient
638 1971 754 2033 autem
777 1964 930 2056 prolecto
950 1956 1217 2056 placidissimam

140 2093 176 2154 et
191 2081 429 2156 venerabilem
447 2092 672 2169 senectutem,
692 2105 756 2155 nec
771 2085 867 2156 exilii
881 2085 999 2171 modo,
1019 2085 1084 2158 sed
1100 2086 1221 2175 fortui-

142 2214 254 2277 tarum
270 2226 389 2276 rerum
406 2204 560 2276 omnium
576 2207 869 2300 contemptricem.
887 2208 937 2276 De
954 2206 1078 2279 studiis
1095 2207 1222 2280 libera-

142 2325 234 2398 libus
251 2329 391 2420 loquor,
415 2338 450 2399 et
474 2327 670 2420 praesertim
695 2327 740 2400 de
764 2325 822 2399 illa
846 2337 943 2419 parte
967 2327 1219 2423 philosophia,

142 2468 222 2541 quae
239 2447 321 2519 vitae
338 2447 507 2541 magistra
521 2458 586 2521 est.
609 2450 691 2521 llaec
708 2458 746 2521 tu
759 2471 938 2541 nunquam
948 2448 1063 2521 animo
1075 2470 1220 2541 prorsus

142 2569 391 2655 intermiseras
414 2571 481 2642 etsi
498 2593 684 2664 parumper
708 2571 753 2644 ab
770 2573 821 2643 eis
840 2580 872 2643 te
888 2570 1044 2642 civilium
1060 2570 1223 2663 negocio

143 2716 219 2765 rum
253 2693 403 2786 impetus
429 2703 578 2777 arceret;
608 2717 700 2766 nunc
729 2717 815 2767 vero
844 2694 917 2779 bis,
948 2693 1112 2786 quoniam
1136 2690 1223 2763 nihil

144 2812 269 2899 obstat,
287 2824 382 2887 totus
398 2814 573 2902 incumbe,
592 2825 696 2910 teque
720 2816 920 2888 melioribus
938 2815 1102 2909 auspiciis
1118 2833 1222 2886 novae

144 2937 227 3008 vitae
244 2937 343 3010 offer:
359 2949 395 3012 et
410 2939 537 3010 talibus
555 2938 708 3012 animum
725 2961 853 3011 exerce
864 2937 1080 3010 muneribus.
1093 2938 1223 3027 Relege

146 3068 304 3130 veterum
335 3059 514 3145 historias;
543 3072 691 3155 quantas
720 3063 960 3134 aemulationes
990 3061 1223 3129 Romanorum

145 3182 285 3269 ducum,
299 3184 487 3277 etquidem
505 3183 690 3256 illustrium
708 3183 789 3255 hinc
806 3182 938 3276 reperis
956 3191 1109 3265 exortas,
1127 3178 1223 3272 quod

146 3316 206 3378 aut
223 3329 262 3378 se
278 3306 429 3401 quisque
445 3307 703 3401 quamprimum
720 3316 822 3379 extra
838 3305 982 3398 patriam
1001 3303 1089 3376 mitti
1107 3305 1222 3390 vellet,

146 3440 206 3501 aut
222 3429 335 3502 serius
352 3431 535 3503 revocari?
548 3432 626 3516 Cur,
642 3434 786 3524 quaeso?
802 3429 869 3501 nisi
882 3427 965 3524 quia
977 3428 1087 3514 dulce,
1099 3428 1224 3501 natalis

147 3553 211 3624 soli
243 3553 402 3626 carnisse
435 3555 629 3641 dulcedine,
664 3556 749 3629 dum
782 3553 940 3626 latiorem
969 3551 1049 3625 alibi
1084 3549 1225 3623 virtutis

145 3677 355 3748 exercendae
372 3677 551 3750 materiam
569 3679 785 3751 invenirent?
798 3676 986 3750 Celebratis
1004 3672 1151 3746 comitiis
1169 3690 1227 3741 sc

149 3797 265 3869 lebant
279 3801 441 3871 consules
466 3800 663 3893 provincias
690 3799 820 3883 sortiri;
847 3808 883 3869 et
906 3798 999 3867 illam
1024 3789 1227 3885 generosior

149 3917 284 3990 animus
301 3921 454 4015 optabat,
473 3922 595 4016 inqua
612 3921 755 4016 periculi
773 3920 960 4014 plurimum
977 3913 1135 3986 videbat:
1156 3932 1227 3983 nou

148 4041 243 4133 quod
264 4064 328 4135 pro
348 4065 387 4116 se
411 4045 597 4137 quisquam
620 4043 808 4126 hominum,
827 4040 895 4111 nisi
919 4058 1051 4121 amans,
1075 4032 1228 4128 pericula

149 4187 211 4237 seu
224 4165 441 4240 difficultates
455 4168 574 4260 eligat,
594 4167 657 4238 sed
673 4165 769 4261 quod
781 4163 921 4237 virtutis
934 4159 1098 4254 splendor
1110 4158 1146 4228 in
1159 4155 1226 4228 illis

147 4289 305 4362 facillime
318 4290 480 4364 videatur
493 4310 667 4382 apparere.
682 4288 901 4378 Quapropter
914 4283 991 4354 sive
1004 4280 1148 4352 exilium
1160 4279 1228 4352 hoc

150 4420 246 4486 tuum
268 4417 344 4486 lene
363 4426 432 4498 est,
454 4424 490 4485 et
508 4415 705 4504 importuna
723 4405 865 4501 querela
885 4412 952 4488 est,
975 4403 1066 4473 inter
1085 4400 1227 4486 blanda,

149 4534 426 4620 vociferantium
444 4534 521 4608 sive
539 4532 668 4606 durum
686 4539 724 4603 et
744 4527 942 4611 molestum,
964 4522 1060 4620 quod
1078 4523 1229 4618 popolus
