2692 5024
273 434 278 443 ι
786 428 793 437 ’
921 372 924 379 λ
1043 362 1124 437 π’..
1269 386 1297 395 ΙΙ

192 658 251 721 188
528 668 570 719 bh
590 666 692 721 MEVS
712 660 935 717 effluamus

139 872 142 879 -
192 816 327 893 accidit
347 816 432 890 Loci
442 816 608 891 (lominus
625 812 764 911 (nobilis
775 810 890 887 «licam
905 832 953 883 an
967 808 1157 907 rustious‘l)
1174 810 1275 887 iuvo-

190 958 273 1011 nem
287 938 416 1033 ipsum,
437 958 544 1031 quem
556 934 657 1030 gravi
669 932 956 1029 etantiquo'otlio
971 932 1209 1031 prosequitur,
1227 934 1273 1009 ad

190 1062 336 1159 capitale
355 1046 565 1159 supplicium
581 1068 695 1133 vocat.
711 1058 836 1133 Mulier
854 1058 984 1133 lactum
998 1067 1166 1145 excusat,
1187 1058 1272 1131 nihil
1307 1114 1310 1121 .

192 1207 232 1259 se
244 1193 366 1259 contra
383 1204 490 1279 quam
513 1181 689 1276 optaverit
708 1201 851 1275 passam
869 1180 1003 1269 (licens,
1023 1189 1062 1252 et
1076 1178 1273 1274 promissus

190 1306 340 1381 amantis
357 1305 495 1403 nuptias
507 1305 686 1399 efflagitat.
701 1301 833 1377 hnnuit
848 1302 919 1388 ille,
938 1302 969 1375 si
985 1302 1098 1388 liceat,
1117 1302 1185 1378 sed
1198 1326 1274 1377 can

190 1448 270 1501 cere
280 1427 467 1501 conclusus
484 1424 553 1497 sub
567 1424 788 1519 iniquissimo
798 1424 913 1499 iudice
927 1444 1072 1499 oausam
1088 1422 1185 1499 dicit
1197 1424 1273 1499 (ιιι

191 1552 315 1637 terum,
329 1540 389 1615 nbi
399 1540 587 1638 compedes
605 1550 843 1629 amoveantur,
864 1540 969 1613 soluti
987 1538 1104 1625 ambo,
1117 1550 1154 1615 et
1169 1550 1273 1615 mute

48 1738 54 1748 ,
193 1673 230 1739 et
244 1664 370 1737 animis
381 1674 418 1739 et
429 1666 567 1739 iortuna
579 1686 691 1763 pares,
710 1663 948 1763 optatissimus
960 1664 1106 1759 nuptias
1118 1662 1274 1739 celebra·

192 1787 291 1861 hunt.
307 1788 392 1861 Haeo
403 1797 443 1861 ut
453 1788 501 1863 ad
511 1810 568 1862 me
583 1786 796 1881 indignantis
811 1786 962 1884 primum
978 1788 1098 1885 populi
1114 1786 1271 1873 vocibus.

157 1972 160 1977 .
192 1910 319 1987 deinde
343 1911 448 1987 etiam
480 1911 672 1987 amicorum
698 1910 860 2006 precibus
893 1919 931 1985 et
963 1909 1116 1986 lacrimis
1141 1912 1274 2008 perlsta

194 2045 287 2124 sunt,
309 2047 348 2112 ιιι
367 2036 500 2131 primus
519 2035 676 2109 omnium
694 2034 889 2121 occurristi,
916 2056 937 2109 a
961 2054 1032 2131 quo
1057 2034 1171 2109 morbi
1196 2036 1273 2109 telis

194 2159 363 2231 auxilium
382 2168 569 2255 peteretur.
589 2159 635 2233 Et
654 2180 719 2233 nos
739 2157 937 2255 aliquando,
954 2160 1076 2244 irater,
1093 2157 1271 2245 arsimus,

193 2290 230 2354 et
258 2300 360 2376 opem
391 2283 483 2354 lcrre
510 2282 612 2356 (locet
630 2280 846 2355 ardentibus.
866 2281 1051 2355 Dominum
1076 2288 1198 2355 autem
1213 2296 1275 2357 ιιιι·Ι

196 2414 323 2489 strum,
346 2405 415 2476 etsi
438 2405 517 2477 talia
535 2405 720 2477 sublimem
737 2404 814 2477 eius
829 2402 983 2476 animum
999 2425 1070 2475 non
1086 2404 1271 2498 attingant,

194 2548 263 2597 non
285 2537 400 2597 temen
422 2525 641 2619 usqueadeo
666 2529 816 2598 ferreum
842 2535 902 2599 aut
926 2525 1155 2629 inhumanum
1181 2550 1272 2615 reor,

195 2658 234 2720 ut
250 2649 412 2720 humanis
442 2671 511 2720 non
541 2649 748 2722 misereatur
772 2649 961 2722 erroribus.
992 2650 1065 2723 Nec
1095 2650 1275 2747 estquod

194 2770 333 2864 parcius
362 2770 484 2843 ardere
517 2774 684 2846 ruricolas
719 2772 948 2870 suspicemur.
970 2776 1008 2846 ln
1027 2797 1130 2849 omne
1162 2798 1274 2871 genus

194 2889 374 2964 hominum
393 2917 455 2991 par
475 2895 657 2992 imperium
678 2895 786 2969 habet
801 2898 994 2991 aroipotcns
1012 2899 1067 2970 ille
1083 2921 1183 2993 puer.
1199 2898 1276 2973 Soio

195 3016 288 3111 apud
307 3014 489 3108 Virgilium
507 3017 674 3111 scriptum
686 3041 781 3104 esse,
801 3019 895 3113 quod
911 3022 1018 3090 subito
1035 3020 1211 3092 incoatum
1222 3019 1276 3091 do

195 3141 320 3209 mentio
352 3141 436 3233 cepit
456 3152 635 3225 omonimo,
656 3150 692 3214 et
712 3141 886 3237 sequitur:
909 3141 1110 3236 ignoscendo
1129 3140 1275 3234 quelicrm

196 3260 261 3332 sed
287 3269 393 3334 terret
411 3251 505 3356 quod
537 3263 572 3334 in
605 3261 674 3334 line
695 3264 890 3358 subiungit:
919 3267 1041 3336 scirent
1059 3266 1091 3336 si
1108 3265 1276 3358 iquorem

195 3403 319 3452 nune.
343 3383 475 3454 Vereor
490 3383 582 3456 enim
602 3408 646 3457 ne
662 3385 782 3458 durior
797 3386 854 3458 ille
870 3388 1099 3480 Bellerophon
1112 3387 1200 3460 nihil
1212 3388 1277 3461 hu-

196 3504 370 3580 manitatis
383 3504 531 3591 habene,
553 3507 697 3603 insuper
709 3510 760 3580 ira
777 3531 945 3583 accensus
963 3510 1020 3596 sit,
1041 3512 1215 3604 sanguino
1231 3512 1277 3586 si·

197 3630 333 3703 tientior
352 3652 456 3724 quam
477 3639 622 3723 oportet.
649 3633 842 3726 Utcumque
864 3635 1041 3720 succedat,
1068 3655 1133 3707 nos
1160 3645 1276 3730 partes

196 3762 335 3826 nostras
355 3752 589 3849 implebimus.
608 3754 686 3847 Ego
705 3754 797 3847 apud
823 3764 872 3843 te,
901 3766 938 3828 ιιι
961 3755 1055 3851 apud
1079 3756 1275 3843 dominum,

197 3887 237 3947 ut
255 3877 331 3974 ipse
350 3898 372 3949 a
390 3878 534 3973 praelatc
555 3876 659 3949 Thori
676 3877 838 3965 domino,
857 3879 1045 3973 gratuitum
1062 3900 1204 3967 munus,
1222 3902 1280 3954 ca-

197 3999 332 4094 ptivum
352 3999 447 4071 illum
468 4021 529 4095 per
546 4000 678 4072 litteras
694 4022 777 4072 suas
791 4013 895 4095 petat.
910 4002 1018 4074 Cuius
1033 4024 1163 4074 nomen
1177 4011 1216 4074 et
1231 4000 1279 4075 rei

199 4132 309 4216 gestae
336 4122 461 4195 seriem
483 4122 619 4196 villicus
645 4122 703 4196 hic
726 4134 866 4211 noster,
888 4125 934 4197 ob
953 4125 1019 4197 hoc
1051 4147 1161 4196 unum
1180 4123 1228 4199 ad
1246 4134 1280 4197 te

199 4246 338 4333 missac,
353 4255 519 4340 exponet;
536 4246 643 4319 nihilo
659 4258 816 4322 narrator
833 4249 1004 4332 urbanior,
1023 4270 1128 4341 quam
1145 4256 1279 4321 amator

199 4363 248 4451 is,
273 4370 373 4442 cuius
390 4371 551 4444 amentiae
570 4372 675 4445 modo
693 4373 830 4446 veniam
849 4375 1078 4468 postulamus.
1101 4372 1201 4444 Vale.

56 4472 61 4482 ’
341 4512 385 4567 ιι
398 4512 503 4571 sonem
516 4514 637 4587 sarpa,
651 4514 690 4571 ιι
703 4513 765 4571 nn.
783 4514 877 4572 naas.
