2692 5024
195 644 255 708 lot)
533 656 575 705 us
589 654 697 707 annus
716 654 940 707 rsmttamus

195 801 274 893 peio
304 798 431 893 blagno
461 796 608 883 clarius,
643 796 710 868 nisi
748 798 968 891 splendorem
1002 799 1087 871 tanti
1124 800 1279 875 nominis

196 921 281 994 vita
299 920 521 1007 diuturnitas,
542 930 590 1006 et,
608 941 690 1013 quas
709 919 802 993 illam
824 930 946 994 secuta
961 930 1029 1007 est,
1048 922 1172 995 mortis
1187 922 1281 1009 indi-

194 1044 310 1139 gnitas
329 1042 577 1116 obscurasset?
600 1042 692 1127 Quid
716 1044 762 1117 de
786 1044 925 1118 duobus
944 1042 1118 1117 Africanis
1128 1045 1281 1133 ,dicam‘l

194 1166 331 1251 Quanto
349 1166 475 1238 melius
495 1174 608 1259 putas,
623 1167 711 1237 alter
729 1176 809 1239 ante
827 1166 957 1240 moenia
973 1168 1213 1261 Carthaginis,
1227 1170 1279 1243 al-

194 1300 248 1363 ter
266 1300 347 1362 ante
365 1298 484 1383 portas
502 1287 698 1360 Numantiae
717 1288 899 1382 periisset?
913 1278 990 1363 Non
1007 1290 1142 1384 primus
1159 1290 1278 1385 ingra-

193 1425 264 1489 tum
294 1413 440 1509 patriam
471 1410 577 1485 exilio
608 1411 752 1504 indigno
779 1421 816 1484 et
846 1414 980 1485 famoso
1008 1412 1275 1507 epigrammate,

194 1536 370 1611 secundus
388 1536 507 1608 inultae
524 1534 645 1607 mortis
659 1534 793 1620 iniuria,
808 1534 1088 1609 condemnasset.
1106 1535 1188 1631 lpse
1200 1538 1278 1611 (Σω-

194 1682 253 1733 sar
272 1658 466 1751 Augustus,
492 1679 596 1751 quem
620 1678 669 1729 ex
692 1656 855 1730 omnibus
880 1658 1120 1735 felicissimum
1145 1660 1277 1735 iudica·

192 1804 264 1867 res,
285 1790 418 1875 quomo
436 1779 567 1853 felicior
586 1789 788 1864 moreretur,
807 1762 1015 1875 priusquam
1033 1779 1115 1854 filice
1133 1782 1205 1855 iam
1221 1804 1277 1857 se-

191 1904 367 1979 nescentis
380 1903 561 1991 adulteria,
579 1913 616 1976 et
631 1924 721 1999 qaas
736 1903 897 1977 execrari
914 1902 1053 1977 solitum
1065 1904 1274 1999 accepimns,

192 2027 347 2101 vomicas
368 2048 453 2099 suas
473 2024 641 2119 inciperet
660 2022 868 2097 numehare‘l
891 2026 1019 2098 Omitto
1042 2026 1219 2123 Regulam
1241 2038 1277 2101 et

104 2202 108 2209 ·
193 2150 360 2222 Catonem
378 2160 414 2223 et
430 2148 594 2242 reliquos
611 2170 702 2243 quos
720 2148 846 2221 nobilis
862 2171 957 2221 mors
973 2149 1133 2236 illustrat,
1150 2172 1277 2244 quam·

192 2272 248 2344 vis
269 2272 305 2343 in
326 2272 455 2345 Catone
474 2271 654 2345 diversum
675 2293 696 2342 a
716 2271 845 2343 nostris
868 2271 997 2344 sentire
1015 2293 1138 2365 cogar:
1158 2270 1207 2345 de
1221 2272 1279 2345 Ci-

194 2417 321 2466 cerone
342 2397 463 2488 loquor
483 2403 518 2464 et
538 2394 676 2465 Seneca.
699 2393 784 2464 Nolo
809 2402 889 2464 ante
908 2392 1010 2465 civile
1030 2393 1159 2464 bellum
1180 2391 1278 2465 obie-

193 2517 244 2600 rit,
257 2539 300 2587 ne
316 2517 609 2609 constantiaelsuae
620 2523 727 2585 testes
741 2512 810 2586 fide
823 2514 1020 2607 dignissimi
1031 2513 1276 2601 detrahantur,

192 2635 289 2707 labor
308 2659 349 2708 ac
368 2636 565 2709 discrimen.
586 2637 692 2709 Miror
712 2636 936 2730 intrepidum,
960 2638 1067 2711 miror
1085 2640 1276 2712 colluctan-

191 2770 259 2832 tem
280 2760 469 2853 anguibus3
489 2760 597 2832 miror
616 2760 732 2834 arenis
752 2759 893 2864 Libycis
913 2761 1147 2836 oberrantem:
1169 2761 1274 2834 laudo

191 2882 298 2956 robur
320 2884 439 2969 animi,
466 2884 730 2969 contumaciam
756 2884 860 2957 laudo
885 2884 1096 2965 libertatem3
1124 2886 1275 2960 accersi·

133 3030 139 3035 ·
190 3017 261 3080 tam
293 3019 439 3081 mortem
472 3007 821 3102 desperationemque
845 2988 914 3078 non
940 3006 1056 3080 laudo.
1081 3008 1133 3081 Ne
1156 3020 1274 3083 autem

191 3153 245 3202 me
277 3134 392 3203 forsan
425 3141 572 3202 externa
602 3141 704 3224 putes
737 3132 897 3225 exempla
926 3130 1119 3222 negligere3
1149 3131 1275 3203 clarior

189 3253 353 3346 Pyrrhus,
367 3255 491 3324 clarior
517 3253 686 3326 Hannibal
703 3254 891 3327 moriturus
904 3265 987 3338 erat,
1004 3252 1034 3324 si
1049 3255 1273 3348 sepulchrum

190 3374 359 3446 ambobus
377 3376 531 3448 ltalicum
548 3378 762 3470 contigisset.
778 3379 951 3449 Infaustus
976 3376 1115 3468 utrique
1138 3376 1273 3449 reditas

191 3499 224 3568 in
258 3498 403 3590 patriam
436 3500 509 3570 fuit.
550 3500 681 3571 Clarior
719 3501 849 3596 Cyrus,
885 3499 914 3571 si
947 3509 1027 3570 ante
1063 3510 1270 3585 moreretur,

190 3643 293 3713 quam
315 3621 492 3717 Scythicos
514 3619 616 3706 fines,
639 3622 763 3694 clarior
782 3623 941 3692 Brennus
962 3631 1088 3704 vester,
1112 3621 1143 3691 si
1164 3623 1270 3715 prius,

189 3766 292 3836 quam
315 3744 514 3837 Delphicum
540 3744 645 3815 limen
671 3745 865 3836 attingeret.
892 3743 984 3826 Quid
1009 3764 1184 3815 venenum
1210 3745 1273 3817 Mi-

192 3866 374 3938 thridatis?
386 3866 478 3949 Quid
492 3867 693 3939 varietatem
700 3866 912 3939 Alcibiadis?
926 3866 1017 3952 Quid
1030 3867 1271 3941 Themistoclis

187 3989 354 4061 exilium?
366 3988 457 4073 Quid
474 3989 636 4060 Aristidis
655 3992 819 4061 catenas?
836 3989 928 4075 Quid
945 3988 1143 4061 incendium
1160 3989 1273 4062 Croesi

188 4116 332 4207 loquar?
343 4115 433 4185 Raro
447 4113 519 4185 vita
533 4113 667 4205 longior
679 4133 919 4207 coaequaevam
937 4113 1132 4185 felicitatem
1150 4113 1271 4186 babet:

189 4257 269 4328 quae
282 4236 340 4307 ubi
354 4237 490 4321 occidit,
507 4260 575 4309 non
594 4236 719 4309 suflicit
736 4236 905 4310 infelicem
919 4259 1013 4321 esse,
1028 4236 1095 4308 nisi
1109 4258 1272 4332 praesens

189 4359 380 4443 calamitas,
408 4370 591 4432 transactae
616 4359 786 4432 felicitatis
822 4361 998 4445 memoria,
1034 4360 1271 4433 recrudescat.

190 4481 235 4550 ut
254 4482 282 4551 st
300 4480 382 4552 nun
401 4483 500 4555 nouus
518 4456 650 4556 accidat
667 4482 831 4569 vivendo,
851 4494 965 4556 umen
983 4485 1089 4555 muru
1107 4496 1272 4577 specum
