2692 5024
182 654 223 721 ld
513 664 556 716 nr
575 664 678 717 omos
698 662 922 715 rumunnus
960 724 967 731 ,

182 840 247 891 seu
267 804 550 915 respondendum
574 813 707 902 incidit,
733 836 797 910 pro
815 816 934 909 lingue
951 826 989 887 et
1018 836 1082 909 pro
1108 816 1256 891 curibus

182 962 269 1015 urus
282 962 373 1013 sum.
387 940 499 1057 Unum
511 938 678 1032 igiturex
688 958 889 1013 conumero
898 936 1089 1024 admirans,
1106 950 1144 1015 et
1155 939 1257 1035 ignc-

182 1084 244 1135 ms
258 1084 378 1135 rerum
393 1070 617 1156 percontatus
631 1058 823 1153 Virgilinno
837 1058 896 1133 illo
911 1059 1107 1133 versiculo:

501 1255 580 1331 Quid
595 1255 664 1319 vult
678 1272 848 1323 conoumus
862 1257 901 1323 ad
915 1272 1052 1334 amnem,
1144 1226 1148 1239 ⁸
1173 1237 1181 1251 ’

341 1352 460 1430 Quidve
475 1358 581 1435 petupt
596 1352 731 1418 anime?

182 1574 390 1648 responsum
401 1552 534 1647 occepi:
546 1552 792 1625 Perretustum
805 1550 921 1645 gentis
932 1551 1037 1623 ritum
1048 1572 1140 1639 esse,
1150 1536 1260 1649 vulgo

182 1696 390 1769 persuasum
406 1673 602 1769 presertim
618 1671 783 1760 femineo,
801 1694 940 1747 omnem
956 1673 1062 1747 totius
1073 1672 1157 1747 unni
1167 1678 1261 1751 cele

182 1797 336 1871 mitatem
353 1796 590 1871 imminentem
613 1794 749 1870 fluviali
773 1795 866 1871 illius
891 1797 961 1870 diei
985 1796 1162 1871 ablutione
1175 1820 1259 1897 pur-

184 1916 275 2013 geri,
292 1928 330 1993 et
344 1916 511 2016 deinceps
523 1920 656 1993 iustiore
666 1919 866 1993 succedere.
884 1921 1004 2014 lthue
1018 1920 1258 1995 lustralium

182 2064 265 2115 esse
279 2066 431 2117 ιιιιιιιιιιι
446 2043 660 2117 inexhausto
684 2062 825 2139 semper
849 2042 966 2115 studio
989 2044 1118 2116 cultum
1140 2047 1259 2119 colen-

182 2163 1256 2262 dumque.lldbaecegosubrldenszonimiumleliees,inqunm,

183 2289 297 2362 llbeni
310 2292 452 2376 uooolae,
470 2312 619 2385 quorum
635 2290 693 2362 ille
704 2288 865 2361 miserius
877 2298 1017 2381 purget:
1029 2298 1169 2363 nostrus
1181 2291 1259 2386 qui·

183 2413 265 2485 dem
295 2434 361 2484 nec
387 2413 504 2485 Padus
532 2433 685 2506 unquam
710 2410 820 2483 veluit
846 2432 1009 2504 porgere,
1039 2432 1104 2482 nec
1131 2410 1256 2485 libris.

182 2537 255 2608 Vos
272 2544 394 2607 vestro
408 2536 499 2606 mula
510 2532 694 2619 britannis,
706 2532 830 2605 llbeno
843 2542 994 2619 vectore,
1008 2533 1257 2620 transmittitis3

186 2678 250 2728 uos
277 2666 396 2727 nostre
425 2654 574 2727 libenter
601 2653 695 2726 Afris
723 2664 827 2747 utque
854 2654 1000 2752 illyricis
1028 2655 1256 2731 mitteremus.

184 2776 254 2847 Sed
270 2775 371 2847 nobis
386 2774 438 2872 (ut
447 2775 591 2867 intelligi
607 2775 721 2871 dutrrr)
735 2776 887 2869 pigriore
899 2785 981 2848 sunt
993 2774 1145 2849 flumine.
1158 2778 1259 2853 Com·

183 2909 276 2972 moto
292 2898 380 2986 riso,
399 2919 479 2972 sero
496 2896 635 2971 undem
652 2897 733 2969 inde
749 2897 989 2970 discessimus.
1006 2899 1181 2973 Proximis
1196 2901 1259 2974 uli-

183 3033 269 3116 quot
283 3020 407 3096 diebus
420 3044 442 3096 u
454 3042 558 3095 mene
569 3020 615 3095 ed
627 3042 813 3115 vesperum
828 3020 1003 3095 civitatem
1020 3020 1144 3094 iisdem
1160 3024 1258 3098 duci-

185 3143 252 3216 bus
279 3145 474 3218 circumivi:
495 3144 590 3219 buud
605 3143 831 3217 iniucundum
855 3143 1075 3230 exercitium,
1094 3166 1163 3218 non
1188 3157 1257 3219 tem

183 3266 229 3337 ob
246 3267 280 3336 id
296 3268 391 3360 quod
408 3280 488 3345 ente
504 3271 624 3341 oculos
640 3277 728 3354 eret,
748 3290 853 3360 quum
869 3267 1107 3341 recordatione
1122 3279 1258 3340 nostro

184 3410 262 3458 rum
279 3388 461 3474 maiorum,
480 3390 540 3482 qui
559 3400 627 3461 lam
645 3391 764 3482 procul
780 3412 801 3461 a
817 3388 928 3482 putria
943 3398 1166 3463 monumenta
1188 3391 1258 3462 Ilo-

182 3531 296 3582 manae
312 3509 451 3581 virtutis
466 3520 535 3582 tem
548 3511 694 3583 illustria
707 3510 939 3605 reliquissent.
954 3512 992 3581 ln
1004 3512 1124 3606 primis
1142 3526 1256 3587 eutem

182 3633 387 3706 occurrebat
401 3632 540 3704 Murcus
558 3631 712 3728 Agrippa
727 3631 872 3706 coloniae
888 3632 979 3706 illius
996 3645 1123 3721 auctor,
1142 3638 1203 3731 qui
1220 3636 1258 3707 li-

53 3834 57 3840 ,
182 3768 237 3828 eet
252 3759 361 3829 multu
376 3754 481 3840 domi,
501 3758 607 3827 multe
619 3756 701 3828 foris
715 3758 881 3848 praecluru
893 3758 1139 3843 construxerit,
1166 3759 1256 3832 illurn

184 3890 299 3951 temen
312 3901 361 3952 ex
373 3877 535 3952 omnibus
550 3878 692 3971 dignam
705 3878 852 3962 censuit,
871 3878 927 3949 cui
940 3900 1042 3953 suum
1054 3902 1183 3954 nomen
1195 3883 1258 3954 im-

181 4013 340 4093 poneret,
360 3999 549 4076 aedilicutor
565 4024 607 4074 eo
622 4000 768 4074 bellator
784 3998 962 4092 egregius,
981 3999 1181 4097 dignusque
1198 4004 1257 4076 bu·

182 4119 285 4208 bitus,
294 4149 399 4217 quem
414 4125 595 4220 Augustus
607 4124 644 4195 in
657 4144 825 4216 generum
837 4143 885 4193 ex
897 4132 969 4195 toto
981 4123 1066 4196 orbe
1076 4125 1254 4218 deligeret,

144 4248 148 4256 '
182 4244 444 4341 qualiscumque
460 4249 541 4319 liliae
553 4247 691 4331 virum,
711 4247 776 4319 sed
790 4244 939 4330 dileetae,
960 4246 1024 4317 sed
1039 4247 1173 4335 unicae,
1193 4246 1257 4322 sed

183 4374 353 4450 augustae.
368 4369 446 4439 vidi
461 4377 511 4439 tot
524 4369 626 4438 simul
638 4379 760 4440 truncu
771 4367 877 4440 millia
884 4389 1062 4440 sacrorum
1068 4367 1254 4461 virginum,

183 4491 220 4555 et
234 4492 360 4556 terrum
377 4487 558 4576 generosis
574 4487 721 4560 dicatum
738 4487 906 4580 reliquiis,
921 4510 962 4561 uc
977 4488 1192 4578 degenerum
1206 4492 1258 4588 (ut
