2692 5024
403 682 495 729 rinna
516 682 905 733 succubus-emmoni
928 686 947 732 1.
1176 679 1211 739 ttl

134 827 210 898 liter
235 838 396 919 speratur
415 828 461 899 ad
484 838 652 898 aeternam
675 829 828 920 requiem
850 830 1069 920 pervenisse,
1092 844 1153 903 aut
1171 835 1214 905 de

132 950 292 1040 proximo
317 960 571 1041 perventurum
598 971 663 1021 nos
687 950 723 1018 in
749 951 866 1020 saeculi
905 951 1071 1023 fluitantis
1102 977 1214 1046 agone

133 1072 374 1143 remansimus.
402 1071 636 1154 Quamobrem
658 1073 698 1143 si
730 1071 809 1163 quis
841 1083 982 1167 propter
1014 1097 1053 1146 se
1082 1076 1211 1168 ipsum,

131 1193 226 1286 quod
251 1193 393 1265 relictus
417 1202 488 1275 est,
514 1193 636 1278 deflet,
656 1192 773 1264 videat
799 1216 843 1265 ne
868 1195 991 1266 merito
1015 1196 1126 1288 possit
1151 1219 1214 1269 au-

132 1314 207 1387 dire
231 1315 424 1387 Tullianum
452 1314 558 1386 illud:
589 1311 668 1385 Suis
700 1315 912 1386 incommodis
940 1320 1089 1410 praviter
1113 1320 1210 1411 copi,

133 1458 202 1506 non
217 1439 377 1518 amicum,
399 1434 455 1504 scd
474 1457 508 1505 se
536 1437 645 1527 ipsum
668 1437 811 1505 amantis
832 1447 898 1506 est:
920 1438 950 1509 si
970 1460 1056 1509 vero
1072 1414 1222 1534 propter

132 1559 249 1644 illum,
275 1559 468 1630 verendum
494 1569 550 1628 est
586 1580 630 1628 ne
672 1558 730 1651 (ut
754 1557 845 1630 idem
872 1558 937 1652 ait)
966 1561 1074 1634 invidi
1099 1564 1212 1656 magis

130 1701 236 1774 quam
260 1679 362 1751 amici
380 1679 434 1750 sit.
453 1681 533 1750 llaec
550 1701 619 1751 non
641 1690 711 1752 tam
732 1679 778 1752 ad
798 1680 1083 1770 informationem,
1106 1707 1210 1778 quam

131 1801 177 1873 all
207 1801 352 1893 gloriam
384 1810 480 1871 tuam
505 1801 626 1884 retuli3
659 1796 837 1894 quoniam,
866 1802 955 1875 sicut
993 1804 1210 1900 inceperam,

132 1922 261 2014 gratias
277 1921 484 1994 consolatori
505 1931 648 2007 aetemo‚
672 1932 710 1993 tu
729 1933 876 1995 externa
892 1926 1126 1998 consolatione
1142 1950 1211 2000 non

133 2043 505 2137 indigesQuamquam
517 2043 602 2134 quid
614 2043 718 2114 etiam
732 2044 898 2136 indigenti
911 2048 1066 2117 coulerre
1078 2048 1212 2140 potuis-

132 2174 211 2237 sent
235 2165 466 2236 baelitterulae
478 2164 604 2258 raptim
617 2164 662 2235 de
682 2167 873 2237 arescentis
891 2167 1020 2266 ingenii
1042 2168 1210 2241 scatebris

132 2291 345 2380 expressae?
372 2288 632 2380 Supervacuum
656 2298 712 2358 est
736 2287 899 2380 deinceps
925 2288 1062 2359 illorum
1087 2312 1209 2360 exem·
1330 2290 1334 2295 ’

132 2411 188 2504 pla
219 2409 421 2495 subtexere,
454 2411 515 2503 qni
553 2430 697 2480 suorum
734 2418 880 2480 mortem
918 2409 1051 2480 sortiter
1088 2411 1210 2483 tulisse

131 2542 379 2604 memorantur.
406 2533 451 2602 Et
477 2541 615 2617 tamen,
644 2543 681 2603 ut
706 2531 879 2622 intelligas
911 2553 1059 2624 quorum
1085 2553 1152 2623 ego
1178 2543 1210 2603 te

131 2653 286 2725 numeris
311 2652 488 2739 adscribo,
515 2663 681 2746 tantoque
700 2655 811 2724 iratus
832 2653 996 2725 comitatu
1019 2653 1153 2724 baereas
1175 2654 1210 2724 in

131 2777 279 2870 incepto,
307 2789 477 2870 quantum
502 2778 669 2849 memoria
701 2778 882 2871 complecti
912 2787 1058 2870 potuero
1092 2776 1209 2871 (pauci

131 2899 223 2969 enim
247 2899 352 2970 libelli
384 2921 440 2969 me
476 2899 512 2969 in
549 2900 640 2972 banc
677 2898 899 2971 solitudinem
932 2908 1014 2970 sunt
1046 2899 1207 2992 sequuti),

130 3019 261 3112 aliquot
284 3018 453 3092 nobiliora
489 3009 649 3115 exempla
685 3043 732 3091 ex
769 3021 863 3090 omni
899 3020 997 3112 copia
1023 3019 1209 3090 vetustatis

131 3139 343 3212 interseram.
371 3141 530 3213 AEmilius
561 3144 690 3213 Paulus
720 3141 777 3211 vir
807 3140 1044 3233 amplissimus
1074 3149 1110 3210 et
1135 3160 1210 3210 suae

129 3263 243 3334 aetatis
268 3283 310 3336 ac
334 3263 455 3355 patriae
482 3286 657 3335 summum
687 3264 817 3347 decus,
856 3286 903 3335 ex
941 3273 1091 3356 quatuor
1130 3261 1209 3335 liliis

129 3384 406 3477 praeclarissimae
417 3385 557 3470 indolis,
572 3384 678 3471 duos,
692 3395 794 3457 extra
814 3385 977 3457 familiam
998 3384 1033 3456 iu
1050 3385 1209 3480 adoptio

129 3527 208 3577 nem
234 3507 311 3577 aliis
336 3507 468 3593 dando,
490 3508 565 3601 ipse
591 3507 657 3578 sibi
681 3506 848 3590 abstulit3
873 3508 963 3580 duos
984 3508 1137 3602 reliquos
1157 3509 1210 3578 in-

131 3636 182 3698 tra
208 3630 341 3722 s'eptem
366 3629 503 3702 dierum
529 3629 680 3723 spatium
706 3651 800 3700 mors
826 3631 949 3722 rapuit.
989 3631 1069 3722 lpse
1093 3639 1208 3701 tamen

128 3747 311 3821 orbitatem
338 3772 438 3821 suam
465 3762 535 3822 tam
560 3753 703 3823 excelso
728 3751 844 3821 animo
870 3749 1032 3843 pertulit,
1065 3758 1105 3819 ut
1128 3769 1210 3840 pro-

127 3869 217 3943 diret
233 3871 276 3942 irs
285 3872 477 3966 publicum,
493 3872 566 3956 ubi,
580 3872 743 3945 audiente
759 3872 887 3965 populo
903 3872 1067 3954 Romano,
1085 3890 1208 3940 casum

129 4013 233 4062 suum
258 4003 330 4065 tam
355 3992 539 4086 magnifice
557 3996 759 4064 consolatus
779 3999 849 4077 est,
872 4001 910 4062 ut
927 3988 1040 4079 magis
1053 3998 1207 4058 metuere

129 4135 173 4184 ne
197 4137 301 4207 quem
322 4117 421 4187 dolor
446 4117 501 4186 ille
525 4115 701 4206 fregisset,
728 4134 835 4206 quam
860 4112 935 4203 ipse
955 4112 1085 4180 fractus
1109 4128 1206 4192 esse,

128 4236 319 4309 videretur.
346 4240 403 4309 Ex
427 4259 497 4331 quo
522 4258 592 4307 non
617 4234 801 4316 minorem,
830 4232 943 4302 iudice
969 4253 1038 4315 me,
1063 4229 1208 4322 gloriam

127 4359 239 4451 cepit,
274 4382 380 4452 quam
405 4382 453 4431 ex
478 4357 670 4450 triumpho,
704 4376 807 4448 quem
833 4354 900 4424 illis
925 4353 1051 4425 diebus
1076 4352 1208 4446 specio-

129 4480 307 4551 sissimum
334 4492 473 4571 egerat:
500 4505 561 4575 per
587 4480 682 4549 illum
702 4476 794 4549 enim
816 4477 1043 4563 Macedoniae,
1065 4498 1127 4570 per
1143 4475 1208 4545 boc

255 4610 272 4646 ι.
1038 4594 1054 4644 8
