2692 5024
129 795 189 857 284
471 807 512 854 ou
534 804 634 854 nunus
655 804 878 854 rmurnnrnns

47 964 50 968 ·
131 957 222 1032 sent,
253 949 358 1019 tutior
384 955 500 1018 tamen
524 946 644 1018 brevis
668 945 851 1030 transitus,
881 965 988 1039 quam
1015 946 1074 1017 iile
1103 946 1223 1040 ingens

130 1093 194 1167 per
218 1070 394 1143 Etruriam
421 1070 586 1142 circuitus
613 1070 715 1141 visus
746 1076 811 1140 est.
840 1068 934 1154 Quid
966 1069 1108 1141 multa?
1135 1070 1224 1143 Inter

129 1191 282 1264 hostium
300 1190 468 1263 stationes
489 1213 569 1263 cum
590 1190 711 1285 paucis
732 1209 916 1283 egressus,
940 1189 1095 1282 septimo
1109 1190 1224 1264 iraten-

131 1316 195 1388 das
209 1313 360 1399 martias,
375 1314 526 1386 abeunte
534 1315 616 1399 soie,
631 1334 736 1409 carpo
749 1312 825 1384 iter.
839 1311 926 1384 Cum
939 1332 1051 1407 prope
1063 1313 1222 1406 Regium,

131 1438 305 1511 inimicam
318 1437 453 1522 urbem,
465 1437 533 1510 sub
556 1443 657 1508 nocte
669 1435 784 1507 media
804 1432 1067 1527 pervenissem,
1082 1447 1226 1528 repento

131 1562 302 1632 latronum
333 1580 459 1631 manus
485 1581 532 1630 ex
559 1557 695 1630 insidiis
725 1553 891 1647 erumpit,
914 1573 1048 1645 magno
1074 1566 1223 1629 mortem

131 1683 281 1752 clamore
300 1680 522 1751 denuntians.
539 1681 616 1752 Non
636 1687 712 1753 erat
728 1675 863 1751 consilii
883 1675 1047 1758 incultam
1066 1686 1221 1772 tempus,

130 1803 242 1886 locus,
266 1810 301 1873 et
316 1802 551 1874 circumfusus
570 1801 683 1874 hostis
700 1796 965 1893 suspectissima
983 1798 1106 1869 omnia
1124 1801 1224 1873 facie

131 1923 225 1996 bant.
245 1924 365 2009 Pauci,
393 1924 560 2011 inermeS,
585 1921 783 2018 improvidi,
801 1918 887 2013 quid
905 1916 1223 2018 adversus'plures

131 2056 299 2132 armatoS,
318 2055 354 2117 et
374 2047 419 2119 ad
438 2049 553 2119 scelus
578 2047 768 2117 instructos
785 2043 962 2114 iacerent?
978 2041 1057 2114 Una
1077 2041 1117 2115 iu
1142 2046 1222 2138 iuga

131 2178 235 2262 atque
254 2172 289 2240 in
311 2167 464 2240 tenebris
486 2189 569 2262 spes
586 2176 673 2239 erat.

292 2341 461 2419 Diffugiunt
476 2341 620 2415 comites,
639 2347 666 2401 et
685 2346 773 2401 nocte
789 2345 936 2417 teguntur
953 2353 1057 2416 opaca.

132 2526 207 2615 Ego
228 2524 346 2608 ctiam,
369 2523 494 2608 fateor,
508 2543 564 2592 me
585 2521 699 2614 ipsum
714 2520 816 2592 morti
829 2529 864 2590 et
877 2519 1219 2593 circumsonantibus

132 2646 209 2715 telis
230 2643 351 2736 cripui.
371 2646 532 2735 Dumque
553 2645 621 2713 iam
643 2665 746 2714 omne
762 2642 950 2716 discrimen
966 2643 1136 2715 evasisse
1149 2666 1219 2716 cre

131 2767 251 2837 dorem
267 2762 377 2857 (quid,
388 2784 449 2835 oro
464 2772 510 2848 to,
527 2786 675 2856 usquam
685 2774 797 2837 tutum
813 2763 1059 2859 hominiest‘i),
1077 2786 1144 2837 seu
1154 2768 1220 2839 ios·

132 2909 195 2973 sae,
223 2909 286 2958 seu
308 2887 419 2957 trunci
440 2888 539 2970 iorte,
561 2908 624 2957 seu
638 2888 717 2959 saxi
729 2885 828 2959 obice
851 2885 1054 2981 (nihilenim
1071 2910 1218 2982 prorsus

130 3031 272 3082 cernere
291 3007 426 3080 sinebat
441 3008 533 3080 iliius
550 3008 721 3082 nubilosae
733 2984 906 3102 oaeoae'que
926 3008 1038 3080 noctis
1059 3007 1218 3082 obscuri-

131 3139 213 3223 tas),
235 3152 348 3225 equus
362 3131 437 3224 ipse
450 3128 643 3202 fidissimus
656 3138 777 3202 vector
793 3150 903 3214 meus,
918 3150 1074 3201 cernuus
1089 3132 1137 3202 ad
1151 3139 1218 3202 ter-

132 3276 206 3324 ram
220 3255 288 3323 ruit
301 3263 396 3324 tanto
409 3255 553 3348 impetu,
573 3264 612 3324 ut
623 3256 819 3326 confractus
834 3274 874 3323 ac
887 3273 989 3345 paeue
1003 3252 1216 3325 inanimatus

131 3376 209 3445 sim.
232 3375 361 3466 Colligo
392 3378 567 3449 tamenin
591 3377 760 3449 extremis
786 3376 952 3461 animum,
984 3386 1020 3446 et
1046 3398 1215 3471 assur303

130 3495 272 3588 quiquo,
295 3498 412 3568 multis
434 3499 502 3569 iam
523 3497 649 3569 diebus
668 3499 871 3582 interiectis,
887 3498 933 3569 ad
946 3519 986 3570 os
1001 3520 1148 3571 manum
1162 3523 1217 3572 re·

129 3620 219 3689 serre
248 3620 401 3692 nondum
416 3622 531 3706 valeo,
555 3631 650 3707 tuno,
677 3621 883 3692 sublevante
896 3631 1005 3704 metu,
1028 3621 1064 3691 in
1081 3644 1215 3716 equum

130 3741 257 3813 resilui.
281 3743 307 3811 E
331 3743 433 3814 sociis
453 3765 535 3837 pars
556 3743 699 3815 domum
724 3743 837 3828 rediit,
860 3764 942 3838 pars
972 3765 1064 3835 vago
1093 3766 1215 3819 errore

128 3864 349 3948 circumacta,
372 3864 547 3959 inceptum
567 3888 636 3937 non
655 3866 820 3938 deseruit.
835 3869 912 3938 Duo
928 3866 1067 3937 viarum
1087 3868 1212 3954 duces

127 3986 204 4056 coeli
218 4008 259 4057 ac
273 3995 444 4057 terrarum
465 3986 601 4059 indiciis
622 3988 778 4074 amissis,
801 3989 884 4060 sessi
904 4011 944 4060 ao
962 3990 1102 4084 trepidi,
1122 3991 1215 4063 inter

127 4107 208 4179 avia
239 4108 432 4181 subsistere
460 4119 666 4202 coegerunt:
694 4109 801 4194 undo,
833 4110 990 4203 nequid
1020 4106 1214 4184 terrificum

126 4226 281 4316 deesset,
303 4232 521 4305 inimicorum
543 4232 687 4324 vigilum
709 4253 815 4304 voces
837 4234 961 4304 vicinis
987 4234 1107 4305 nescio
1133 4236 1215 4328 qui-

128 4348 193 4421 bus
213 4375 260 4423 ex
281 4355 455 4427 moenibus
475 4355 717 4427 audiebantur.
740 4354 795 4428 Ad
817 4355 892 4427 haee
916 4365 952 4427 et
978 4376 1077 4426 saeva
1104 4378 1214 4448 gran-

127 4470 209 4544 dine
228 4476 361 4548 mixtus
382 4475 492 4549 imber
511 4488 724 4563 accesserat,
745 4489 782 4548 et
802 4479 891 4550 inter
911 4476 1035 4551 erebra
1056 4479 1214 4553 tonitrua

127 4594 321 4669 famosioris
351 4598 515 4670 assiduus
537 4600 638 4671 timor
664 4601 796 4673 mortis.
822 4602 943 4694 Longa
970 4600 1036 4672 erit
1061 4601 1213 4677 historia
