<?xml version="1.0" encoding="UTF-8"?>
<!DOCTYPE html PUBLIC "-//W3C//DTD XHTML 1.0 Transitional//EN"
    "http://www.w3.org/TR/xhtml1/DTD/xhtml1-transitional.dtd">
<html xmlns="http://www.w3.org/1999/xhtml" xml:lang="en" lang="en">
 <head>
  <title>
</title>
<meta http-equiv="Content-Type" content="text/html;charset=utf-8" />
  <meta name='ocr-system' content='tesseract 3.04.00' />
  <meta name='ocr-capabilities' content='ocr_page ocr_carea ocr_par ocr_line ocrx_word'/>
</head>
<body>
  <div class='ocr_page' id='page_1' title='image "./epistolaederebu00fracgoog_0468.png"; bbox 0 0 2692 5024; ppageno 0'>
   <div class='ocr_carea' id='block_1_1' title="bbox 422 722 1212 785">
    <p class='ocr_par' dir='ltr' id='par_1_1' title="bbox 422 722 1212 785">
     <span class='ocr_line' id='line_1_1' title="bbox 422 722 1212 785; baseline 0.009 -8"><span class='ocrx_word' id='word_1_1' title='bbox 422 730 512 778; x_wconf 82' lang='lat' dir='ltr'><strong><em>ursan</em></strong></span> <span class='ocrx_word' id='word_1_2' title='bbox 535 731 879 782; x_wconf 74' lang='lat' dir='ltr'><strong><em>saurus-arissam</em></strong></span> <span class='ocrx_word' id='word_1_3' title='bbox 903 735 920 781; x_wconf 83' lang='lat' dir='ltr'><strong><em>r.</em></strong></span> <span class='ocrx_word' id='word_1_4' title='bbox 1154 722 1212 785; x_wconf 79' lang='lat'><strong><em>305</em></strong></span> 
     </span>
    </p>
   </div>
   <div class='ocr_carea' id='block_1_2' title="bbox 127 879 1221 4416">
    <p class='ocr_par' dir='ltr' id='par_1_2' title="bbox 127 879 1221 4416">
     <span class='ocr_line' id='line_1_2' title="bbox 131 879 1213 965; baseline 0.003 -12"><span class='ocrx_word' id='word_1_5' title='bbox 131 880 292 953; x_wconf 92' lang='lat' dir='ltr'><strong><em>omuibus</em></strong></span> <span class='ocrx_word' id='word_1_6' title='bbox 313 879 419 965; x_wconf 88' lang='lat' dir='ltr'><strong><em>dicat,</em></strong></span> <span class='ocrx_word' id='word_1_7' title='bbox 438 901 553 951; x_wconf 90' lang='lat' dir='ltr'><strong><em>uonna</em></strong></span> <span class='ocrx_word' id='word_1_8' title='bbox 570 881 615 952; x_wconf 86' lang='lat' dir='ltr'><strong><em>de</em></strong></span> <span class='ocrx_word' id='word_1_9' title='bbox 635 881 886 953; x_wconf 78' lang='lat' dir='ltr'><strong><em>nobistantum</em></strong></span> <span class='ocrx_word' id='word_1_10' title='bbox 901 880 1059 953; x_wconf 81' lang='lat' dir='ltr'>sensisse</span> <span class='ocrx_word' id='word_1_11' title='bbox 1072 882 1213 956; x_wconf 87' lang='lat' dir='ltr'><strong><em>videtur</em></strong></span> 
     </span>
     <span class='ocr_line' id='line_1_3' title="bbox 130 1000 1213 1087; baseline -0.001 -13"><span class='ocrx_word' id='word_1_12' title='bbox 130 1003 243 1074; x_wconf 89' lang='lat' dir='ltr'><strong><em>David</em></strong></span> <span class='ocrx_word' id='word_1_13' title='bbox 261 1001 320 1073; x_wconf 94' lang='lat' dir='ltr'><strong><em>ubi</em></strong></span> <span class='ocrx_word' id='word_1_14' title='bbox 340 1003 400 1087; x_wconf 87' lang='lat' dir='ltr'><strong><em>ait,</em></strong></span> <span class='ocrx_word' id='word_1_15' title='bbox 427 1000 591 1074; x_wconf 75' lang='lat' dir='ltr'><strong><em>Universa</em></strong></span> <span class='ocrx_word' id='word_1_16' title='bbox 607 1005 740 1074; x_wconf 75' lang='lat' dir='ltr'><strong><em>vanitas</em></strong></span> <span class='ocrx_word' id='word_1_17' title='bbox 761 1005 975 1073; x_wconf 74' lang='lat' dir='ltr'><em>omnishomo</em></span> <span class='ocrx_word' id='word_1_18' title='bbox 992 1004 1133 1075; x_wconf 82' lang='lat' dir='ltr'><strong><em>vinens?</em></strong></span> <span class='ocrx_word' id='word_1_19' title='bbox 1153 1005 1213 1076; x_wconf 90' lang='lat' dir='ltr'><strong><em>Ve-</em></strong></span> 
     </span>
     <span class='ocr_line' id='line_1_4' title="bbox 127 1125 1213 1220; baseline 0.003 -24"><span class='ocrx_word' id='word_1_20' title='bbox 127 1138 314 1196; x_wconf 89' lang='lat' dir='ltr'><strong><em>rnmtarnen</em></strong></span> <span class='ocrx_word' id='word_1_21' title='bbox 330 1127 366 1195; x_wconf 88' lang='lat' dir='ltr'><strong><em>in</em></strong></span> <span class='ocrx_word' id='word_1_22' title='bbox 388 1126 534 1218; x_wconf 83' lang='lat' dir='ltr'><strong><em>imapino</em></strong></span> <span class='ocrx_word' id='word_1_23' title='bbox 549 1129 730 1220; x_wconf 77' lang='lat' dir='ltr'><strong><em>pertransit</em></strong></span> <span class='ocrx_word' id='word_1_24' title='bbox 746 1128 856 1211; x_wconf 85' lang='lat' dir='ltr'><strong><em>borno,</em></strong></span> <span class='ocrx_word' id='word_1_25' title='bbox 869 1125 925 1199; x_wconf 82' lang='lat' dir='ltr'><strong><em>sed</em></strong></span> <span class='ocrx_word' id='word_1_26' title='bbox 944 1138 976 1197; x_wconf 90' lang='lat' dir='ltr'><strong><em>et</em></strong></span> <span class='ocrx_word' id='word_1_27' title='bbox 990 1131 1118 1217; x_wconf 81' lang='lat' dir='ltr'><strong><em>frastra</em></strong></span> <span class='ocrx_word' id='word_1_28' title='bbox 1135 1150 1213 1199; x_wconf 89' lang='lat' dir='ltr'><strong><em>con-</em></strong></span> 
     </span>
     <span class='ocr_line' id='line_1_5' title="bbox 130 1246 1213 1344; baseline 0.001 -24"><span class='ocrx_word' id='word_1_29' title='bbox 130 1249 289 1321; x_wconf 84' lang='lat' dir='ltr'><strong><em>turbatur.</em></strong></span> <span class='ocrx_word' id='word_1_30' title='bbox 324 1247 369 1317; x_wconf 85' lang='lat' dir='ltr'><strong><em>Et</em></strong></span> <span class='ocrx_word' id='word_1_31' title='bbox 400 1256 440 1318; x_wconf 89' lang='lat' dir='ltr'><strong><em>ut</em></strong></span> <span class='ocrx_word' id='word_1_32' title='bbox 472 1247 604 1319; x_wconf 81' lang='lat' dir='ltr'><strong><em>rabiem</em></strong></span> <span class='ocrx_word' id='word_1_33' title='bbox 638 1246 845 1344; x_wconf 83' lang='lat' dir='ltr'><strong><em>pontificalis</em></strong></span> <span class='ocrx_word' id='word_1_34' title='bbox 872 1248 1031 1321; x_wconf 83' lang='lat' dir='ltr'><strong><em>avaritiae</em></strong></span> <span class='ocrx_word' id='word_1_35' title='bbox 1064 1258 1113 1322; x_wconf 83' lang='lat' dir='ltr'><strong><em>tot</em></strong></span> <span class='ocrx_word' id='word_1_36' title='bbox 1133 1261 1213 1344; x_wconf 90' lang='lat' dir='ltr'><strong><em>post</em></strong></span> 
     </span>
     <span class='ocr_line' id='line_1_6' title="bbox 129 1371 1211 1468; baseline 0.001 -23"><span class='ocrx_word' id='word_1_37' title='bbox 129 1373 267 1445; x_wconf 82' lang='lat' dir='ltr'><strong><em>saeculis</em></strong></span> <span class='ocrx_word' id='word_1_38' title='bbox 288 1373 439 1442; x_wconf 90' lang='lat' dir='ltr'><strong><em>iuturam</em></strong></span> <span class='ocrx_word' id='word_1_39' title='bbox 453 1381 590 1442; x_wconf 90' lang='lat' dir='ltr'><strong><em>notaret</em></strong></span> <span class='ocrx_word' id='word_1_40' title='bbox 601 1371 822 1465; x_wconf 72' lang='lat' dir='ltr'><strong><em>expressius</em></strong></span> <span class='ocrx_word' id='word_1_41' title='bbox 844 1372 1070 1456; x_wconf 73' lang='lat' dir='ltr'><strong><em>Thesaurisat,</em></strong></span> <span class='ocrx_word' id='word_1_42' title='bbox 1085 1375 1211 1468; x_wconf 85' lang='lat' dir='ltr'><strong><em>iuquit,</em></strong></span> 
     </span>
     <span class='ocr_line' id='line_1_7' title="bbox 129 1494 1213 1588; baseline 0.005 -25"><span class='ocrx_word' id='word_1_43' title='bbox 129 1505 161 1564; x_wconf 88' lang='lat' dir='ltr'><strong><em>et</em></strong></span> <span class='ocrx_word' id='word_1_44' title='bbox 178 1496 310 1586; x_wconf 70' lang='lat' dir='ltr'><strong><em>ipnorm</em></strong></span> <span class='ocrx_word' id='word_1_45' title='bbox 343 1496 397 1563; x_wconf 86' lang='lat' dir='ltr'><strong><em>cni</em></strong></span> <span class='ocrx_word' id='word_1_46' title='bbox 429 1496 639 1583; x_wconf 74' lang='lat' dir='ltr'><strong><em>conpropatit</em></strong></span> <span class='ocrx_word' id='word_1_47' title='bbox 673 1517 721 1564; x_wconf 90' lang='lat' dir='ltr'><strong><em>ea.</em></strong></span> <span class='ocrx_word' id='word_1_48' title='bbox 758 1494 841 1566; x_wconf 83' lang='lat' dir='ltr'><strong><em>Haec</em></strong></span> <span class='ocrx_word' id='word_1_49' title='bbox 867 1495 987 1588; x_wconf 88' lang='lat' dir='ltr'><strong><em>utique</em></strong></span> <span class='ocrx_word' id='word_1_50' title='bbox 1007 1495 1111 1567; x_wconf 88' lang='lat' dir='ltr'><strong><em>vobis</em></strong></span> <span class='ocrx_word' id='word_1_51' title='bbox 1131 1507 1213 1568; x_wconf 86' lang='lat' dir='ltr'><strong><em>aute</em></strong></span> 
     </span>
     <span class='ocr_line' id='line_1_8' title="bbox 131 1616 1212 1713; baseline 0.001 -23"><span class='ocrx_word' id='word_1_52' title='bbox 131 1619 232 1701; x_wconf 87' lang='lat' dir='ltr'><strong><em>alios,</em></strong></span> <span class='ocrx_word' id='word_1_53' title='bbox 266 1619 365 1689; x_wconf 86' lang='lat' dir='ltr'><strong><em>avari</em></strong></span> <span class='ocrx_word' id='word_1_54' title='bbox 395 1616 592 1704; x_wconf 84' lang='lat' dir='ltr'><strong><em>Pontifices,</em></strong></span> <span class='ocrx_word' id='word_1_55' title='bbox 626 1618 840 1691; x_wconf 88' lang='lat' dir='ltr'><strong><em>dictasunt.</em></strong></span> <span class='ocrx_word' id='word_1_56' title='bbox 870 1621 1037 1692; x_wconf 89' lang='lat' dir='ltr'><strong><em>Parentes</em></strong></span> <span class='ocrx_word' id='word_1_57' title='bbox 1070 1620 1212 1713; x_wconf 90' lang='lat' dir='ltr'><strong><em>quidem</em></strong></span> 
     </span>
     <span class='ocr_line' id='line_1_9' title="bbox 131 1741 1213 1837; baseline 0.004 -26"><span class='ocrx_word' id='word_1_58' title='bbox 131 1743 409 1814; x_wconf 82' lang='lat' dir='ltr'><strong><em>thesaurizantes</em></strong></span> <span class='ocrx_word' id='word_1_59' title='bbox 435 1741 515 1813; x_wconf 88' lang='lat' dir='ltr'><strong><em>tiliis</em></strong></span> <span class='ocrx_word' id='word_1_60' title='bbox 543 1754 578 1813; x_wconf 89' lang='lat' dir='ltr'><strong><em>et</em></strong></span> <span class='ocrx_word' id='word_1_61' title='bbox 606 1742 756 1834; x_wconf 79' lang='lat' dir='ltr'><strong><em>legimus</em></strong></span> <span class='ocrx_word' id='word_1_62' title='bbox 782 1754 818 1813; x_wconf 92' lang='lat' dir='ltr'><strong><em>et</em></strong></span> <span class='ocrx_word' id='word_1_63' title='bbox 837 1742 1016 1827; x_wconf 89' lang='lat' dir='ltr'><strong><em>videmus;</em></strong></span> <span class='ocrx_word' id='word_1_64' title='bbox 1049 1744 1213 1837; x_wconf 90' lang='lat' dir='ltr'><strong><em>quamvis</em></strong></span> 
     </span>
     <span class='ocr_line' id='line_1_10' title="bbox 132 1862 1213 1957; baseline 0.001 -22"><span class='ocrx_word' id='word_1_65' title='bbox 132 1884 241 1957; x_wconf 71' lang='lat' dir='ltr'><strong><em>saepe,</em></strong></span> <span class='ocrx_word' id='word_1_66' title='bbox 256 1866 392 1935; x_wconf 81' lang='lat' dir='ltr'><strong><em>fortuna</em></strong></span> <span class='ocrx_word' id='word_1_67' title='bbox 405 1863 560 1957; x_wconf 88' lang='lat' dir='ltr'><strong><em>paternis</em></strong></span> <span class='ocrx_word' id='word_1_68' title='bbox 579 1863 669 1934; x_wconf 89' lang='lat' dir='ltr'><strong><em>votis</em></strong></span> <span class='ocrx_word' id='word_1_69' title='bbox 683 1862 856 1948; x_wconf 86' lang='lat' dir='ltr'><strong><em>obstante,</em></strong></span> <span class='ocrx_word' id='word_1_70' title='bbox 870 1862 967 1957; x_wconf 90' lang='lat' dir='ltr'><strong><em>quod</em></strong></span> <span class='ocrx_word' id='word_1_71' title='bbox 980 1864 1058 1935; x_wconf 90' lang='lat' dir='ltr'><strong><em>aliis</em></strong></span> <span class='ocrx_word' id='word_1_72' title='bbox 1077 1876 1213 1957; x_wconf 88' lang='lat' dir='ltr'><strong><em>partum</em></strong></span> 
     </span>
     <span class='ocr_line' id='line_1_11' title="bbox 130 1958 1221 2071; baseline 0.001 -14"><span class='ocrx_word' id='word_1_73' title='bbox 130 1997 217 2071; x_wconf 86' lang='lat' dir='ltr'><strong><em>erat,</em></strong></span> <span class='ocrx_word' id='word_1_74' title='bbox 232 1987 278 2058; x_wconf 91' lang='lat' dir='ltr'><strong><em>ad</em></strong></span> <span class='ocrx_word' id='word_1_75' title='bbox 294 1987 381 2056; x_wconf 92' lang='lat' dir='ltr'><strong><em>alios</em></strong></span> <span class='ocrx_word' id='word_1_76' title='bbox 395 1985 614 2058; x_wconf 88' lang='lat' dir='ltr'><strong><em>devolvatur.</em></strong></span> <span class='ocrx_word' id='word_1_77' title='bbox 628 1987 814 2059; x_wconf 84' lang='lat' dir='ltr'><strong><em>Parentum</em></strong></span> <span class='ocrx_word' id='word_1_78' title='bbox 836 1995 951 2058; x_wconf 90' lang='lat' dir='ltr'><strong><em>tamen</em></strong></span> <span class='ocrx_word' id='word_1_79' title='bbox 972 1986 1116 2059; x_wconf 85' lang='lat' dir='ltr'><strong><em>intentio</em></strong></span> <span class='ocrx_word' id='word_1_80' title='bbox 1130 1958 1221 2058; x_wconf 64' lang='lat' dir='ltr'><strong><em>uota&#39;</em></strong></span> 
     </span>
     <span class='ocr_line' id='line_1_12' title="bbox 129 2109 1213 2203; baseline -0.003 -22"><span class='ocrx_word' id='word_1_81' title='bbox 129 2121 194 2181; x_wconf 90' lang='lat' dir='ltr'><strong><em>est.</em></strong></span> <span class='ocrx_word' id='word_1_82' title='bbox 215 2109 342 2181; x_wconf 86' lang='lat' dir='ltr'><strong><em>Vestra</em></strong></span> <span class='ocrx_word' id='word_1_83' title='bbox 363 2109 507 2181; x_wconf 89' lang='lat' dir='ltr'><strong><em>intentio</em></strong></span> <span class='ocrx_word' id='word_1_84' title='bbox 527 2130 704 2202; x_wconf 84' lang='lat' dir='ltr'><strong><em>quaenam‚</em></strong></span> <span class='ocrx_word' id='word_1_85' title='bbox 725 2113 872 2203; x_wconf 84' lang='lat' dir='ltr'><strong><em>quaeso‘?</em></strong></span> <span class='ocrx_word' id='word_1_86' title='bbox 889 2109 981 2193; x_wconf 87' lang='lat' dir='ltr'><strong><em>Quid</em></strong></span> <span class='ocrx_word' id='word_1_87' title='bbox 1001 2109 1129 2201; x_wconf 80' lang='lat' dir='ltr'><strong><em>agitis?</em></strong></span> <span class='ocrx_word' id='word_1_88' title='bbox 1150 2109 1213 2180; x_wconf 81' lang='lat' dir='ltr'><strong><em>Cui</em></strong></span> 
     </span>
     <span class='ocr_line' id='line_1_13' title="bbox 131 2231 1214 2326; baseline 0.001 -24"><span class='ocrx_word' id='word_1_89' title='bbox 131 2233 379 2304; x_wconf 87' lang='lat' dir='ltr'><strong><em>thesaurizatis</em></strong></span> <span class='ocrx_word' id='word_1_90' title='bbox 404 2232 472 2303; x_wconf 90' lang='lat' dir='ltr'><strong><em>uisi</em></strong></span> <span class='ocrx_word' id='word_1_91' title='bbox 496 2232 635 2304; x_wconf 90' lang='lat' dir='ltr'><strong><em>diabolo</em></strong></span> <span class='ocrx_word' id='word_1_92' title='bbox 660 2242 696 2302; x_wconf 92' lang='lat' dir='ltr'><strong><em>et</em></strong></span> <span class='ocrx_word' id='word_1_93' title='bbox 715 2232 851 2323; x_wconf 81' lang='lat' dir='ltr'><strong><em>angelis</em></strong></span> <span class='ocrx_word' id='word_1_94' title='bbox 872 2233 961 2317; x_wconf 88' lang='lat' dir='ltr'><strong><em>eius,</em></strong></span> <span class='ocrx_word' id='word_1_95' title='bbox 988 2232 1049 2326; x_wconf 91' lang='lat' dir='ltr'><strong><em>qui</em></strong></span> <span class='ocrx_word' id='word_1_96' title='bbox 1082 2231 1214 2304; x_wconf 85' lang='lat' dir='ltr'><strong><em>solicite</em></strong></span> 
     </span>
     <span class='ocr_line' id='line_1_14' title="bbox 131 2355 1213 2440; baseline -0.003 -12"><span class='ocrx_word' id='word_1_97' title='bbox 131 2378 197 2428; x_wconf 87' lang='lat' dir='ltr'><strong><em>vos</em></strong></span> <span class='ocrx_word' id='word_1_98' title='bbox 213 2356 416 2439; x_wconf 90' lang='lat' dir='ltr'><strong><em>observant,</em></strong></span> <span class='ocrx_word' id='word_1_99' title='bbox 440 2364 626 2427; x_wconf 87' lang='lat' dir='ltr'><strong><em>numerant</em></strong></span> <span class='ocrx_word' id='word_1_100' title='bbox 642 2355 733 2440; x_wconf 79' lang='lat' dir='ltr'><strong><em>dieS,</em></strong></span> <span class='ocrx_word' id='word_1_101' title='bbox 754 2366 789 2426; x_wconf 91' lang='lat' dir='ltr'><strong><em>et</em></strong></span> <span class='ocrx_word' id='word_1_102' title='bbox 807 2355 1037 2427; x_wconf 87' lang='lat' dir='ltr'><strong><em>hereditatem</em></strong></span> <span class='ocrx_word' id='word_1_103' title='bbox 1057 2366 1213 2427; x_wconf 90' lang='lat' dir='ltr'><strong><em>vestram</em></strong></span> 
     </span>
     <span class='ocr_line' id='line_1_15' title="bbox 131 2478 1214 2572; baseline -0.002 -22"><span class='ocrx_word' id='word_1_104' title='bbox 131 2479 335 2552; x_wconf 88' lang='lat' dir='ltr'><strong><em>avidissime</em></strong></span> <span class='ocrx_word' id='word_1_105' title='bbox 375 2480 637 2572; x_wconf 86' lang='lat' dir='ltr'><strong><em>praestolantur,</em></strong></span> <span class='ocrx_word' id='word_1_106' title='bbox 680 2479 876 2569; x_wconf 81' lang='lat' dir='ltr'><strong><em>gratissima</em></strong></span> <span class='ocrx_word' id='word_1_107' title='bbox 918 2489 1048 2571; x_wconf 87' lang='lat' dir='ltr'><strong><em>tropaea</em></strong></span> <span class='ocrx_word' id='word_1_108' title='bbox 1085 2478 1214 2549; x_wconf 89' lang='lat' dir='ltr'><strong><em>vestris</em></strong></span> 
     </span>
     <span class='ocr_line' id='line_1_16' title="bbox 131 2600 1216 2695; baseline 0.003 -24"><span class='ocrx_word' id='word_1_109' title='bbox 131 2602 295 2695; x_wconf 89' lang='lat' dir='ltr'><strong><em>inscripta</em></strong></span> <span class='ocrx_word' id='word_1_110' title='bbox 312 2600 512 2672; x_wconf 91' lang='lat' dir='ltr'><strong><em>nominibus</em></strong></span> <span class='ocrx_word' id='word_1_111' title='bbox 530 2601 564 2670; x_wconf 92' lang='lat' dir='ltr'><strong><em>in</em></strong></span> <span class='ocrx_word' id='word_1_112' title='bbox 587 2600 703 2671; x_wconf 90' lang='lat' dir='ltr'><strong><em>limine</em></strong></span> <span class='ocrx_word' id='word_1_113' title='bbox 717 2602 850 2673; x_wconf 82' lang='lat' dir='ltr'><strong><em>Tartari</em></strong></span> <span class='ocrx_word' id='word_1_114' title='bbox 870 2602 915 2674; x_wconf 91' lang='lat' dir='ltr'><strong><em>de</em></strong></span> <span class='ocrx_word' id='word_1_115' title='bbox 937 2601 1112 2674; x_wconf 90' lang='lat' dir='ltr'><strong><em>manubiis</em></strong></span> <span class='ocrx_word' id='word_1_116' title='bbox 1133 2623 1216 2695; x_wconf 90' lang='lat' dir='ltr'><strong><em>spo-</em></strong></span> 
     </span>
     <span class='ocr_line' id='line_1_17' title="bbox 131 2723 1215 2820; baseline 0.001 -26"><span class='ocrx_word' id='word_1_117' title='bbox 131 2725 291 2795; x_wconf 88' lang='lat' dir='ltr'><strong><em>liatorum</em></strong></span> <span class='ocrx_word' id='word_1_118' title='bbox 312 2746 504 2818; x_wconf 88' lang='lat' dir='ltr'><strong><em>pauperum</em></strong></span> <span class='ocrx_word' id='word_1_119' title='bbox 523 2723 696 2796; x_wconf 81' lang='lat' dir='ltr'><strong><em>creaturi?</em></strong></span> <span class='ocrx_word' id='word_1_120' title='bbox 726 2725 795 2798; x_wconf 90' lang='lat' dir='ltr'><strong><em>Sed</em></strong></span> <span class='ocrx_word' id='word_1_121' title='bbox 829 2725 1007 2797; x_wconf 88' lang='lat' dir='ltr'><strong><em>admirans</em></strong></span> <span class='ocrx_word' id='word_1_122' title='bbox 1034 2735 1215 2820; x_wconf 90' lang='lat' dir='ltr'><strong><em>perconta-</em></strong></span> 
     </span>
     <span class='ocr_line' id='line_1_18' title="bbox 133 2845 1215 2940; baseline 0.001 -23"><span class='ocrx_word' id='word_1_123' title='bbox 133 2845 227 2930; x_wconf 85' lang='lat' dir='ltr'><strong><em>bere,</em></strong></span> <span class='ocrx_word' id='word_1_124' title='bbox 249 2869 311 2917; x_wconf 92' lang='lat' dir='ltr'><strong><em>cur</em></strong></span> <span class='ocrx_word' id='word_1_125' title='bbox 332 2845 435 2917; x_wconf 87' lang='lat' dir='ltr'><strong><em>hodio</em></strong></span> <span class='ocrx_word' id='word_1_126' title='bbox 456 2847 571 2939; x_wconf 92' lang='lat' dir='ltr'><strong><em>potius</em></strong></span> <span class='ocrx_word' id='word_1_127' title='bbox 594 2845 673 2930; x_wconf 87' lang='lat' dir='ltr'><strong><em>ista,</em></strong></span> <span class='ocrx_word' id='word_1_128' title='bbox 697 2870 802 2940; x_wconf 88' lang='lat' dir='ltr'><strong><em>quam</em></strong></span> <span class='ocrx_word' id='word_1_129' title='bbox 828 2848 928 2930; x_wconf 90' lang='lat' dir='ltr'><strong><em>alias;</em></strong></span> <span class='ocrx_word' id='word_1_130' title='bbox 955 2871 998 2919; x_wconf 91' lang='lat' dir='ltr'><strong><em>au</em></strong></span> <span class='ocrx_word' id='word_1_131' title='bbox 1021 2851 1075 2920; x_wconf 87' lang='lat' dir='ltr'><strong><em>vei</em></strong></span> <span class='ocrx_word' id='word_1_132' title='bbox 1097 2848 1215 2919; x_wconf 88' lang='lat' dir='ltr'><strong><em>hacte-</em></strong></span> 
     </span>
     <span class='ocr_line' id='line_1_19' title="bbox 135 2969 1213 3054; baseline 0.002 -16"><span class='ocrx_word' id='word_1_133' title='bbox 135 2991 201 3039; x_wconf 89' lang='lat' dir='ltr'><strong><em>uus</em></strong></span> <span class='ocrx_word' id='word_1_134' title='bbox 222 2990 285 3040; x_wconf 92' lang='lat' dir='ltr'><strong><em>uos</em></strong></span> <span class='ocrx_word' id='word_1_135' title='bbox 307 2990 374 3039; x_wconf 94' lang='lat' dir='ltr'><strong><em>nou</em></strong></span> <span class='ocrx_word' id='word_1_136' title='bbox 396 2990 535 3054; x_wconf 89' lang='lat' dir='ltr'><strong><em>avaros,</em></strong></span> <span class='ocrx_word' id='word_1_137' title='bbox 564 2972 620 3040; x_wconf 85' lang='lat' dir='ltr'><strong><em>vel</em></strong></span> <span class='ocrx_word' id='word_1_138' title='bbox 646 2969 827 3040; x_wconf 87' lang='lat' dir='ltr'><strong><em>avaritiam</em></strong></span> <span class='ocrx_word' id='word_1_139' title='bbox 856 2970 978 3040; x_wconf 88' lang='lat' dir='ltr'><strong><em>vitium</em></strong></span> <span class='ocrx_word' id='word_1_140' title='bbox 999 2993 1068 3040; x_wconf 93' lang='lat' dir='ltr'><strong><em>non</em></strong></span> <span class='ocrx_word' id='word_1_141' title='bbox 1088 2970 1213 3049; x_wconf 85' lang='lat' dir='ltr'><strong><em>iuisse;</em></strong></span> 
     </span>
     <span class='ocr_line' id='line_1_20' title="bbox 135 3091 1214 3185; baseline -0.004 -22"><span class='ocrx_word' id='word_1_142' title='bbox 135 3095 189 3163; x_wconf 91' lang='lat' dir='ltr'><strong><em>vei</em></strong></span> <span class='ocrx_word' id='word_1_143' title='bbox 212 3104 245 3165; x_wconf 86' lang='lat' dir='ltr'><strong><em>te</em></strong></span> <span class='ocrx_word' id='word_1_144' title='bbox 265 3114 358 3163; x_wconf 89' lang='lat' dir='ltr'><strong><em>nuno</em></strong></span> <span class='ocrx_word' id='word_1_145' title='bbox 388 3092 536 3185; x_wconf 89' lang='lat' dir='ltr'><strong><em>primum</em></strong></span> <span class='ocrx_word' id='word_1_146' title='bbox 563 3093 683 3163; x_wconf 89' lang='lat' dir='ltr'><strong><em>oculos</em></strong></span> <span class='ocrx_word' id='word_1_147' title='bbox 703 3092 884 3184; x_wconf 91' lang='lat' dir='ltr'><strong><em>aperuisse</em></strong></span> <span class='ocrx_word' id='word_1_148' title='bbox 904 3091 1127 3174; x_wconf 88' lang='lat' dir='ltr'><strong><em>crediderim,</em></strong></span> <span class='ocrx_word' id='word_1_149' title='bbox 1155 3092 1214 3183; x_wconf 88' lang='lat' dir='ltr'><strong><em>qui</em></strong></span> 
     </span>
     <span class='ocr_line' id='line_1_21' title="bbox 132 3211 1214 3310; baseline -0.004 -24"><span class='ocrx_word' id='word_1_150' title='bbox 132 3216 228 3310; x_wconf 91' lang='lat' dir='ltr'><strong><em>prius</em></strong></span> <span class='ocrx_word' id='word_1_151' title='bbox 262 3215 329 3286; x_wconf 85' lang='lat' dir='ltr'><strong><em>ista</em></strong></span> <span class='ocrx_word' id='word_1_152' title='bbox 350 3237 419 3286; x_wconf 91' lang='lat' dir='ltr'><strong><em>nou</em></strong></span> <span class='ocrx_word' id='word_1_153' title='bbox 445 3213 598 3287; x_wconf 82' lang='lat' dir='ltr'><strong><em>videris?</em></strong></span> <span class='ocrx_word' id='word_1_154' title='bbox 628 3213 860 3306; x_wconf 87' lang='lat' dir='ltr'><strong><em>Respondebo</em></strong></span> <span class='ocrx_word' id='word_1_155' title='bbox 886 3211 1104 3285; x_wconf 87' lang='lat' dir='ltr'><strong><em>admirationi</em></strong></span> <span class='ocrx_word' id='word_1_156' title='bbox 1130 3226 1214 3285; x_wconf 85' lang='lat' dir='ltr'><strong><em>tuae:</em></strong></span> 
     </span>
     <span class='ocr_line' id='line_1_22' title="bbox 132 3335 1216 3420; baseline 0 -13"><span class='ocrx_word' id='word_1_157' title='bbox 132 3338 176 3410; x_wconf 82' lang='lat' dir='ltr'><strong><em>Et</em></strong></span> <span class='ocrx_word' id='word_1_158' title='bbox 196 3337 348 3411; x_wconf 88' lang='lat' dir='ltr'><strong><em>sciebam</em></strong></span> <span class='ocrx_word' id='word_1_159' title='bbox 368 3359 432 3407; x_wconf 85' lang='lat' dir='ltr'><strong><em>vos</em></strong></span> <span class='ocrx_word' id='word_1_160' title='bbox 450 3357 589 3420; x_wconf 88' lang='lat' dir='ltr'><strong><em>avaros,</em></strong></span> <span class='ocrx_word' id='word_1_161' title='bbox 607 3345 643 3407; x_wconf 91' lang='lat' dir='ltr'><strong><em>et</em></strong></span> <span class='ocrx_word' id='word_1_162' title='bbox 658 3335 840 3407; x_wconf 86' lang='lat' dir='ltr'><strong><em>avaritiam</em></strong></span> <span class='ocrx_word' id='word_1_163' title='bbox 868 3335 990 3407; x_wconf 91' lang='lat' dir='ltr'><strong><em>vitium</em></strong></span> <span class='ocrx_word' id='word_1_164' title='bbox 1008 3357 1091 3409; x_wconf 90' lang='lat' dir='ltr'><strong><em>esso</em></strong></span> <span class='ocrx_word' id='word_1_165' title='bbox 1114 3358 1216 3408; x_wconf 89' lang='lat' dir='ltr'><strong><em>nemo</em></strong></span> 
     </span>
     <span class='ocr_line' id='line_1_23' title="bbox 133 3458 1217 3554; baseline -0.006 -21"><span class='ocrx_word' id='word_1_166' title='bbox 133 3482 281 3554; x_wconf 91' lang='lat' dir='ltr'><strong><em>usquam</em></strong></span> <span class='ocrx_word' id='word_1_167' title='bbox 302 3469 359 3531; x_wconf 89' lang='lat' dir='ltr'><strong><em>est</em></strong></span> <span class='ocrx_word' id='word_1_168' title='bbox 377 3460 437 3552; x_wconf 91' lang='lat' dir='ltr'><strong><em>qui</em></strong></span> <span class='ocrx_word' id='word_1_169' title='bbox 459 3459 603 3543; x_wconf 82' lang='lat' dir='ltr'><strong><em>nesciat3</em></strong></span> <span class='ocrx_word' id='word_1_170' title='bbox 623 3470 659 3531; x_wconf 90' lang='lat' dir='ltr'><strong><em>et</em></strong></span> <span class='ocrx_word' id='word_1_171' title='bbox 678 3460 714 3530; x_wconf 91' lang='lat' dir='ltr'><strong><em>iu</em></strong></span> <span class='ocrx_word' id='word_1_172' title='bbox 733 3469 918 3553; x_wconf 91' lang='lat' dir='ltr'><strong><em>utrumque</em></strong></span> <span class='ocrx_word' id='word_1_173' title='bbox 939 3479 1008 3531; x_wconf 91' lang='lat' dir='ltr'><strong><em>uon</em></strong></span> <span class='ocrx_word' id='word_1_174' title='bbox 1036 3481 1128 3531; x_wconf 90' lang='lat' dir='ltr'><strong><em>nuuc</em></strong></span> <span class='ocrx_word' id='word_1_175' title='bbox 1148 3458 1217 3551; x_wconf 91' lang='lat' dir='ltr'><strong><em>pri-</em></strong></span> 
     </span>
     <span class='ocr_line' id='line_1_24' title="bbox 135 3581 1217 3676; baseline 0.001 -26"><span class='ocrx_word' id='word_1_176' title='bbox 135 3604 230 3652; x_wconf 88' lang='lat' dir='ltr'><strong><em>mum</em></strong></span> <span class='ocrx_word' id='word_1_177' title='bbox 250 3586 369 3654; x_wconf 88' lang='lat' dir='ltr'><strong><em>oculos</em></strong></span> <span class='ocrx_word' id='word_1_178' title='bbox 388 3583 517 3676; x_wconf 89' lang='lat' dir='ltr'><strong><em>aperio.</em></strong></span> <span class='ocrx_word' id='word_1_179' title='bbox 545 3582 614 3654; x_wconf 85' lang='lat' dir='ltr'><strong><em>Sed</em></strong></span> <span class='ocrx_word' id='word_1_180' title='bbox 639 3584 727 3653; x_wconf 84' lang='lat' dir='ltr'><strong><em>torte</em></strong></span> <span class='ocrx_word' id='word_1_181' title='bbox 751 3603 831 3653; x_wconf 92' lang='lat' dir='ltr'><strong><em>cum</em></strong></span> <span class='ocrx_word' id='word_1_182' title='bbox 858 3582 987 3656; x_wconf 91' lang='lat' dir='ltr'><strong><em>nudius</em></strong></span> <span class='ocrx_word' id='word_1_183' title='bbox 1010 3581 1133 3654; x_wconf 87' lang='lat' dir='ltr'><strong><em>tertius</em></strong></span> <span class='ocrx_word' id='word_1_184' title='bbox 1154 3602 1217 3651; x_wconf 89' lang='lat' dir='ltr'><strong><em>ve·</em></strong></span> 
     </span>
     <span class='ocr_line' id='line_1_25' title="bbox 134 3702 1216 3789; baseline -0.003 -16"><span class='ocrx_word' id='word_1_185' title='bbox 134 3705 266 3776; x_wconf 89' lang='lat' dir='ltr'><strong><em>nissem</em></strong></span> <span class='ocrx_word' id='word_1_186' title='bbox 297 3706 342 3779; x_wconf 89' lang='lat' dir='ltr'><strong><em>ad</em></strong></span> <span class='ocrx_word' id='word_1_187' title='bbox 363 3715 411 3789; x_wconf 90' lang='lat' dir='ltr'><strong><em>te,</em></strong></span> <span class='ocrx_word' id='word_1_188' title='bbox 435 3706 558 3777; x_wconf 87' lang='lat' dir='ltr'><strong><em>altaria</em></strong></span> <span class='ocrx_word' id='word_1_189' title='bbox 592 3718 665 3789; x_wconf 90' lang='lat' dir='ltr'><strong><em>tua,</em></strong></span> <span class='ocrx_word' id='word_1_190' title='bbox 703 3707 771 3779; x_wconf 92' lang='lat' dir='ltr'><strong><em>imo</em></strong></span> <span class='ocrx_word' id='word_1_191' title='bbox 806 3729 890 3778; x_wconf 90' lang='lat' dir='ltr'><strong><em>vero</em></strong></span> <span class='ocrx_word' id='word_1_192' title='bbox 921 3705 1043 3777; x_wconf 82' lang='lat' dir='ltr'><strong><em>altaria</em></strong></span> <span class='ocrx_word' id='word_1_193' title='bbox 1079 3702 1216 3775; x_wconf 88' lang='lat' dir='ltr'><strong><em>Domini</em></strong></span> 
     </span>
     <span class='ocr_line' id='line_1_26' title="bbox 135 3829 1217 3922; baseline -0.008 -22"><span class='ocrx_word' id='word_1_194' title='bbox 135 3829 315 3913; x_wconf 88' lang='lat' dir='ltr'><strong><em>virtutum,</em></strong></span> <span class='ocrx_word' id='word_1_195' title='bbox 344 3839 490 3921; x_wconf 79' lang='lat' dir='ltr'><strong><em>argento</em></strong></span> <span class='ocrx_word' id='word_1_196' title='bbox 511 3839 617 3922; x_wconf 83' lang='lat' dir='ltr'><strong><em>atque</em></strong></span> <span class='ocrx_word' id='word_1_197' title='bbox 642 3851 728 3902; x_wconf 88' lang='lat' dir='ltr'><strong><em>auro</em></strong></span> <span class='ocrx_word' id='word_1_198' title='bbox 755 3840 791 3903; x_wconf 89' lang='lat' dir='ltr'><strong><em>et</em></strong></span> <span class='ocrx_word' id='word_1_199' title='bbox 819 3829 967 3921; x_wconf 79' lang='lat' dir='ltr'><strong><em>gemmis</em></strong></span> <span class='ocrx_word' id='word_1_200' title='bbox 988 3835 1114 3898; x_wconf 90' lang='lat' dir='ltr'><strong><em>onusta</em></strong></span> <span class='ocrx_word' id='word_1_201' title='bbox 1134 3843 1217 3894; x_wconf 90' lang='lat' dir='ltr'><strong><em>con-</em></strong></span> 
     </span>
     <span class='ocr_line' id='line_1_27' title="bbox 133 3946 1217 4046; baseline -0.009 -22"><span class='ocrx_word' id='word_1_202' title='bbox 133 3953 245 4045; x_wconf 89' lang='lat' dir='ltr'><strong><em>spexi,</em></strong></span> <span class='ocrx_word' id='word_1_203' title='bbox 267 3961 374 4046; x_wconf 84' lang='lat' dir='ltr'><strong><em>atquc</em></strong></span> <span class='ocrx_word' id='word_1_204' title='bbox 391 3952 525 4025; x_wconf 88' lang='lat' dir='ltr'><strong><em>insanis</em></strong></span> <span class='ocrx_word' id='word_1_205' title='bbox 546 3952 740 4043; x_wconf 78' lang='lat' dir='ltr'><strong><em>fulgoribus</em></strong></span> <span class='ocrx_word' id='word_1_206' title='bbox 766 3972 957 4044; x_wconf 90' lang='lat' dir='ltr'><strong><em>percussus</em></strong></span> <span class='ocrx_word' id='word_1_207' title='bbox 982 3946 1160 4039; x_wconf 87' lang='lat' dir='ltr'><strong><em>obstupui:</em></strong></span> <span class='ocrx_word' id='word_1_208' title='bbox 1181 3956 1217 4015; x_wconf 89' lang='lat' dir='ltr'><strong><em>et</em></strong></span> 
     </span>
     <span class='ocr_line' id='line_1_28' title="bbox 130 4066 1217 4162; baseline -0.01 -15"><span class='ocrx_word' id='word_1_209' title='bbox 130 4076 205 4147; x_wconf 85' lang='lat' dir='ltr'><strong><em>dixi</em></strong></span> <span class='ocrx_word' id='word_1_210' title='bbox 222 4097 376 4147; x_wconf 88' lang='lat' dir='ltr'><strong><em>mecum:</em></strong></span> <span class='ocrx_word' id='word_1_211' title='bbox 396 4096 477 4146; x_wconf 88' lang='lat' dir='ltr'><strong><em>ecce</em></strong></span> <span class='ocrx_word' id='word_1_212' title='bbox 491 4096 583 4145; x_wconf 89' lang='lat' dir='ltr'><strong><em>nova</em></strong></span> <span class='ocrx_word' id='word_1_213' title='bbox 601 4074 759 4145; x_wconf 72' lang='lat' dir='ltr'><strong><em>avaritiae</em></strong></span> <span class='ocrx_word' id='word_1_214' title='bbox 771 4094 885 4154; x_wconf 89' lang='lat' dir='ltr'><strong><em>arma,</em></strong></span> <span class='ocrx_word' id='word_1_215' title='bbox 905 4091 1035 4140; x_wconf 89' lang='lat' dir='ltr'><strong><em>novum</em></strong></span> <span class='ocrx_word' id='word_1_216' title='bbox 1048 4066 1217 4162; x_wconf 86' lang='lat' dir='ltr'><strong><em>pereundi</em></strong></span> 
     </span>
     <span class='ocr_line' id='line_1_29' title="bbox 131 4190 1216 4291; baseline -0.011 -20"><span class='ocrx_word' id='word_1_217' title='bbox 131 4221 256 4291; x_wconf 78' lang='lat' dir='ltr'><strong><em>genus.</em></strong></span> <span class='ocrx_word' id='word_1_218' title='bbox 280 4198 436 4270; x_wconf 79' lang='lat' dir='ltr'><strong><em>Avaritia</em></strong></span> <span class='ocrx_word' id='word_1_219' title='bbox 456 4196 559 4268; x_wconf 89' lang='lat' dir='ltr'><strong><em>uobis</em></strong></span> <span class='ocrx_word' id='word_1_220' title='bbox 580 4204 700 4268; x_wconf 88' lang='lat' dir='ltr'><strong><em>nostra</em></strong></span> <span class='ocrx_word' id='word_1_221' title='bbox 721 4216 789 4265; x_wconf 90' lang='lat' dir='ltr'><strong><em>nou</em></strong></span> <span class='ocrx_word' id='word_1_222' title='bbox 815 4192 953 4276; x_wconf 88' lang='lat' dir='ltr'><strong><em>sufficit,</em></strong></span> <span class='ocrx_word' id='word_1_223' title='bbox 986 4190 1053 4264; x_wconf 90' lang='lat' dir='ltr'><strong><em>nisi</em></strong></span> <span class='ocrx_word' id='word_1_224' title='bbox 1071 4211 1216 4263; x_wconf 85' lang='lat' dir='ltr'><strong><em>avarum</em></strong></span> 
     </span>
     <span class='ocr_line' id='line_1_30' title="bbox 132 4317 715 4416; baseline -0.015 -22"><span class='ocrx_word' id='word_1_225' title='bbox 132 4344 274 4416; x_wconf 91' lang='lat' dir='ltr'><strong><em>quoque</em></strong></span> <span class='ocrx_word' id='word_1_226' title='bbox 295 4319 474 4394; x_wconf 91' lang='lat' dir='ltr'><strong><em>Christum</em></strong></span> <span class='ocrx_word' id='word_1_227' title='bbox 497 4317 656 4400; x_wconf 88' lang='lat' dir='ltr'><strong><em>iacimus,</em></strong></span> <span class='ocrx_word' id='word_1_228' title='bbox 678 4325 715 4387; x_wconf 91' lang='lat' dir='ltr'><strong><em>et</em></strong></span> 
     </span>
    </p>
   </div>
   <div class='ocr_carea' id='block_1_3' title="bbox 576 4472 1089 4553">
    <p class='ocr_par' dir='ltr' id='par_1_3' title="bbox 576 4472 1089 4553">
     <span class='ocr_line' id='line_1_31' title="bbox 576 4472 1089 4553; baseline -0.008 -17"><span class='ocrx_word' id='word_1_229' title='bbox 576 4472 666 4537; x_wconf 86' lang='lat' dir='ltr'><strong><em>diros</em></strong></span> <span class='ocrx_word' id='word_1_230' title='bbox 684 4472 847 4553; x_wconf 88' lang='lat' dir='ltr'><strong><em>ipsumque</em></strong></span> <span class='ocrx_word' id='word_1_231' title='bbox 866 4484 1012 4533; x_wconf 86' lang='lat' dir='ltr'><strong><em>vocamus</em></strong></span> <span class='ocrx_word' id='word_1_232' title='bbox 1084 4504 1089 4511; x_wconf 94' lang='lat'>·</span> 
     </span>
    </p>
   </div>
   <div class='ocr_carea' id='block_1_4' title="bbox 290 4568 1090 4731">
    <p class='ocr_par' dir='ltr' id='par_1_4' title="bbox 290 4568 1090 4731">
     <span class='ocr_line' id='line_1_32' title="bbox 292 4568 1090 4720; baseline -0.008 -81"><span class='ocrx_word' id='word_1_233' title='bbox 292 4578 324 4639; x_wconf 86' lang='lat' dir='ltr'><strong><em>ln</em></strong></span> <span class='ocrx_word' id='word_1_234' title='bbox 342 4580 462 4656; x_wconf 84' lang='lat' dir='ltr'><strong><em>partem</em></strong></span> <span class='ocrx_word' id='word_1_235' title='bbox 479 4568 812 4652; x_wconf 68' lang='lat' dir='ltr'><strong><em>praemonitorium,</em></strong></span> <span class='ocrx_word' id='word_1_236' title='bbox 1058 4670 1090 4720; x_wconf 50' lang='grc' dir='ltr'>Ὃ</span> 
     </span>
     <span class='ocr_line' id='line_1_33' title="bbox 290 4694 1075 4731; baseline -0.011 -1"><span class='ocrx_word' id='word_1_237' title='bbox 290 4694 306 4731; x_wconf 96' lang='grc'><strong><em>1.</em></strong></span> <span class='ocrx_word' id='word_1_238' title='bbox 1060 4706 1075 4721; x_wconf 78' lang='grc'><strong>.</strong></span> 
     </span>
    </p>
   </div>
   <div class='ocr_carea' id='block_1_5' title="bbox 0 0 1358 5024">
    <p class='ocr_par' dir='ltr' id='par_1_5' title="bbox 0 0 1358 5024">
     <span class='ocr_line' id='line_1_34' title="bbox 0 0 1358 5024; baseline 0 0"><span class='ocrx_word' id='word_1_239' title='bbox 0 0 1358 5024; x_wconf 95' lang='lat' dir='ltr'><strong><em> </em></strong></span> 
     </span>
    </p>
   </div>
  </div>
 </body>
</html>
