<?xml version="1.0" encoding="UTF-8"?>
<!DOCTYPE html PUBLIC "-//W3C//DTD XHTML 1.0 Transitional//EN"
    "http://www.w3.org/TR/xhtml1/DTD/xhtml1-transitional.dtd">
<html xmlns="http://www.w3.org/1999/xhtml" xml:lang="en" lang="en">
 <head>
  <title>
</title>
<meta http-equiv="Content-Type" content="text/html;charset=utf-8" />
  <meta name='ocr-system' content='tesseract 3.04.00' />
  <meta name='ocr-capabilities' content='ocr_page ocr_carea ocr_par ocr_line ocrx_word'/>
</head>
<body>
  <div class='ocr_page' id='page_1' title='image "./epistolaederebu00fracgoog_0312.png"; bbox 0 0 2692 5024; ppageno 0'>
   <div class='ocr_carea' id='block_1_1' title="bbox 382 700 1185 764">
    <p class='ocr_par' dir='ltr' id='par_1_1' title="bbox 382 700 1185 764">
     <span class='ocr_line' id='line_1_1' title="bbox 382 700 1185 764; baseline 0.004 -4"><span class='ocrx_word' id='word_1_1' title='bbox 382 712 475 762; x_wconf 82' lang='lat' dir='ltr'>urnnn</span> <span class='ocrx_word' id='word_1_2' title='bbox 495 712 853 762; x_wconf 65' lang='lat' dir='ltr'>rennos—urruns</span> <span class='ocrx_word' id='word_1_3' title='bbox 875 713 914 762; x_wconf 89' lang='lat' dir='ltr'>vr.</span> <span class='ocrx_word' id='word_1_4' title='bbox 1020 724 1023 731; x_wconf 96' lang='lat'>·</span> <span class='ocrx_word' id='word_1_5' title='bbox 1127 700 1185 764; x_wconf 76' lang='lat' dir='ltr'>rto</span> 
     </span>
    </p>
   </div>
   <div class='ocr_carea' id='block_1_2' title="bbox 104 854 1289 4635">
    <p class='ocr_par' dir='ltr' id='par_1_2' title="bbox 104 854 1289 4635">
     <span class='ocr_line' id='line_1_2' title="bbox 111 854 1186 950; baseline -0.001 -24"><span class='ocrx_word' id='word_1_6' title='bbox 111 856 257 927; x_wconf 88' lang='lat' dir='ltr'>sentiat:</span> <span class='ocrx_word' id='word_1_7' title='bbox 292 854 356 926; x_wconf 91' lang='lat' dir='ltr'>sed</span> <span class='ocrx_word' id='word_1_8' title='bbox 388 854 702 947; x_wconf 87' lang='lat' dir='ltr'>philosophantium</span> <span class='ocrx_word' id='word_1_9' title='bbox 733 856 919 927; x_wconf 85' lang='lat' dir='ltr'>auctoritas</span> <span class='ocrx_word' id='word_1_10' title='bbox 951 877 1020 926; x_wconf 93' lang='lat' dir='ltr'>non</span> <span class='ocrx_word' id='word_1_11' title='bbox 1045 854 1186 950; x_wconf 85' lang='lat' dir='ltr'>impedit</span> 
     </span>
     <span class='ocr_line' id='line_1_3' title="bbox 109 977 1185 1071; baseline -0.001 -21"><span class='ocrx_word' id='word_1_12' title='bbox 109 978 226 1052; x_wconf 90' lang='lat' dir='ltr'>iudicii</span> <span class='ocrx_word' id='word_1_13' title='bbox 247 977 451 1049; x_wconf 89' lang='lat' dir='ltr'>libertatem.</span> <span class='ocrx_word' id='word_1_14' title='bbox 473 977 557 1048; x_wconf 86' lang='lat' dir='ltr'>Mihi</span> <span class='ocrx_word' id='word_1_15' title='bbox 583 979 640 1050; x_wconf 85' lang='lat' dir='ltr'>iiia</span> <span class='ocrx_word' id='word_1_16' title='bbox 668 977 949 1071; x_wconf 85' lang='lat' dir='ltr'>pbilosophorum</span> <span class='ocrx_word' id='word_1_17' title='bbox 987 977 1185 1050; x_wconf 88' lang='lat' dir='ltr'>divinorum</span> 
     </span>
     <span class='ocr_line' id='line_1_4' title="bbox 108 1100 1211 1193; baseline -0.001 -22"><span class='ocrx_word' id='word_1_18' title='bbox 108 1102 225 1173; x_wconf 91' lang='lat' dir='ltr'>verior</span> <span class='ocrx_word' id='word_1_19' title='bbox 247 1100 419 1173; x_wconf 88' lang='lat' dir='ltr'>sententia</span> <span class='ocrx_word' id='word_1_20' title='bbox 446 1100 606 1172; x_wconf 89' lang='lat' dir='ltr'>videtur:</span> <span class='ocrx_word' id='word_1_21' title='bbox 628 1100 749 1172; x_wconf 86' lang='lat' dir='ltr'>beatos</span> <span class='ocrx_word' id='word_1_22' title='bbox 781 1122 861 1171; x_wconf 88' lang='lat' dir='ltr'>esse</span> <span class='ocrx_word' id='word_1_23' title='bbox 886 1122 956 1171; x_wconf 95' lang='lat' dir='ltr'>non</span> <span class='ocrx_word' id='word_1_24' title='bbox 977 1121 1095 1193; x_wconf 87' lang='lat' dir='ltr'>posse,</span> <span class='ocrx_word' id='word_1_25' title='bbox 1126 1100 1185 1192; x_wconf 92' lang='lat' dir='ltr'>qui</span> <span class='ocrx_word' id='word_1_26' title='bbox 1207 1183 1211 1192; x_wconf 37' lang='grc'><strong>,</strong></span> 
     </span>
     <span class='ocr_line' id='line_1_5' title="bbox 108 1223 1187 1318; baseline -0.002 -21"><span class='ocrx_word' id='word_1_27' title='bbox 108 1227 199 1297; x_wconf 88' lang='lat' dir='ltr'>bona</span> <span class='ocrx_word' id='word_1_28' title='bbox 216 1223 374 1296; x_wconf 78' lang='lat' dir='ltr'>dividant</span> <span class='ocrx_word' id='word_1_29' title='bbox 394 1223 574 1318; x_wconf 85' lang='lat' dir='ltr'>tripartito.</span> <span class='ocrx_word' id='word_1_30' title='bbox 598 1224 709 1295; x_wconf 88' lang='lat' dir='ltr'>Unum</span> <span class='ocrx_word' id='word_1_31' title='bbox 723 1223 853 1295; x_wconf 90' lang='lat' dir='ltr'>bonum</span> <span class='ocrx_word' id='word_1_32' title='bbox 865 1233 938 1306; x_wconf 87' lang='lat' dir='ltr'>est;</span> <span class='ocrx_word' id='word_1_33' title='bbox 957 1245 1072 1307; x_wconf 90' lang='lat' dir='ltr'>unum,</span> <span class='ocrx_word' id='word_1_34' title='bbox 1092 1223 1187 1315; x_wconf 91' lang='lat' dir='ltr'>quod</span> 
     </span>
     <span class='ocr_line' id='line_1_6' title="bbox 107 1344 1185 1441; baseline 0 -25"><span class='ocrx_word' id='word_1_35' title='bbox 107 1347 224 1418; x_wconf 86' lang='lat' dir='ltr'>felices</span> <span class='ocrx_word' id='word_1_36' title='bbox 244 1348 355 1418; x_wconf 83' lang='lat' dir='ltr'>iaciat.</span> <span class='ocrx_word' id='word_1_37' title='bbox 376 1347 502 1418; x_wconf 88' lang='lat' dir='ltr'>Vestra</span> <span class='ocrx_word' id='word_1_38' title='bbox 519 1347 659 1439; x_wconf 87' lang='lat' dir='ltr'>quidem</span> <span class='ocrx_word' id='word_1_39' title='bbox 681 1347 782 1417; x_wconf 89' lang='lat' dir='ltr'>nimis</span> <span class='ocrx_word' id='word_1_40' title='bbox 799 1345 899 1441; x_wconf 90' lang='lat' dir='ltr'>inops</span> <span class='ocrx_word' id='word_1_41' title='bbox 919 1355 954 1418; x_wconf 89' lang='lat' dir='ltr'>et</span> <span class='ocrx_word' id='word_1_42' title='bbox 972 1344 1185 1418; x_wconf 85' lang='lat' dir='ltr'>emendicata</span> 
     </span>
     <span class='ocr_line' id='line_1_7' title="bbox 108 1469 1185 1563; baseline -0.002 -23"><span class='ocrx_word' id='word_1_43' title='bbox 108 1469 252 1541; x_wconf 80' lang='lat' dir='ltr'><strong>felicitas</strong></span> <span class='ocrx_word' id='word_1_44' title='bbox 284 1480 353 1553; x_wconf 86' lang='lat' dir='ltr'>est,</span> <span class='ocrx_word' id='word_1_45' title='bbox 384 1469 428 1540; x_wconf 87' lang='lat' dir='ltr'>ad</span> <span class='ocrx_word' id='word_1_46' title='bbox 460 1492 565 1562; x_wconf 87' lang='lat' dir='ltr'>quarn</span> <span class='ocrx_word' id='word_1_47' title='bbox 599 1492 668 1542; x_wconf 95' lang='lat' dir='ltr'>non</span> <span class='ocrx_word' id='word_1_48' title='bbox 702 1470 806 1542; x_wconf 91' lang='lat' dir='ltr'>modo</span> <span class='ocrx_word' id='word_1_49' title='bbox 839 1472 947 1542; x_wconf 79' lang='lat' dir='ltr'>forma</span> <span class='ocrx_word' id='word_1_50' title='bbox 971 1469 1125 1563; x_wconf 90' lang='lat' dir='ltr'>corporis</span> <span class='ocrx_word' id='word_1_51' title='bbox 1149 1477 1185 1539; x_wconf 86' lang='lat' dir='ltr'>ct</span> 
     </span>
     <span class='ocr_line' id='line_1_8' title="bbox 107 1591 1185 1685; baseline -0.001 -22"><span class='ocrx_word' id='word_1_52' title='bbox 107 1593 305 1685; x_wconf 84' lang='lat' dir='ltr'>prosperior</span> <span class='ocrx_word' id='word_1_53' title='bbox 322 1591 498 1677; x_wconf 89' lang='lat' dir='ltr'>valetudo,</span> <span class='ocrx_word' id='word_1_54' title='bbox 518 1592 582 1664; x_wconf 85' lang='lat' dir='ltr'>sod</span> <span class='ocrx_word' id='word_1_55' title='bbox 596 1591 729 1664; x_wconf 75' lang='lat' dir='ltr'>divitiae</span> <span class='ocrx_word' id='word_1_56' title='bbox 745 1593 848 1665; x_wconf 85' lang='lat' dir='ltr'>etiam</span> <span class='ocrx_word' id='word_1_57' title='bbox 866 1592 1104 1675; x_wconf 86' lang='lat' dir='ltr'>admittuntur,</span> <span class='ocrx_word' id='word_1_58' title='bbox 1122 1612 1185 1663; x_wconf 88' lang='lat' dir='ltr'>seu</span> 
     </span>
     <span class='ocr_line' id='line_1_9' title="bbox 107 1715 1184 1810; baseline -0.001 -23"><span class='ocrx_word' id='word_1_59' title='bbox 107 1716 222 1810; x_wconf 88' lang='lat' dir='ltr'>potius</span> <span class='ocrx_word' id='word_1_60' title='bbox 239 1716 451 1807; x_wconf 79' lang='lat' dir='ltr'>exiguntnr3</span> <span class='ocrx_word' id='word_1_61' title='bbox 472 1715 574 1787; x_wconf 91' lang='lat' dir='ltr'>nimis</span> <span class='ocrx_word' id='word_1_62' title='bbox 594 1717 708 1787; x_wconf 89' lang='lat' dir='ltr'>furum</span> <span class='ocrx_word' id='word_1_63' title='bbox 732 1715 866 1787; x_wconf 88' lang='lat' dir='ltr'>insidiis</span> <span class='ocrx_word' id='word_1_64' title='bbox 886 1715 1059 1810; x_wconf 84' lang='lat' dir='ltr'>exposita,</span> <span class='ocrx_word' id='word_1_65' title='bbox 1083 1715 1184 1786; x_wconf 90' lang='lat' dir='ltr'>nimis</span> 
     </span>
     <span class='ocr_line' id='line_1_10' title="bbox 107 1837 1185 1933; baseline -0.001 -23"><span class='ocrx_word' id='word_1_66' title='bbox 107 1837 258 1931; x_wconf 91' lang='lat' dir='ltr'>denique</span> <span class='ocrx_word' id='word_1_67' title='bbox 288 1840 420 1910; x_wconf 84' lang='lat' dir='ltr'>solicita</span> <span class='ocrx_word' id='word_1_68' title='bbox 453 1860 591 1932; x_wconf 86' lang='lat' dir='ltr'>sempor</span> <span class='ocrx_word' id='word_1_69' title='bbox 616 1860 656 1910; x_wconf 86' lang='lat' dir='ltr'>ac</span> <span class='ocrx_word' id='word_1_70' title='bbox 689 1837 840 1933; x_wconf 78' lang='lat' dir='ltr'>trepida:</span> <span class='ocrx_word' id='word_1_71' title='bbox 875 1861 944 1931; x_wconf 93' lang='lat' dir='ltr'>quo</span> <span class='ocrx_word' id='word_1_72' title='bbox 976 1838 1059 1908; x_wconf 89' lang='lat' dir='ltr'>nihii</span> <span class='ocrx_word' id='word_1_73' title='bbox 1085 1848 1140 1911; x_wconf 91' lang='lat' dir='ltr'>est</span> <span class='ocrx_word' id='word_1_74' title='bbox 1164 1861 1185 1909; x_wconf 89' lang='lat' dir='ltr'>a</span> 
     </span>
     <span class='ocr_line' id='line_1_11' title="bbox 106 1961 1185 2055; baseline -0.003 -22"><span class='ocrx_word' id='word_1_75' title='bbox 106 1962 266 2035; x_wconf 79' lang='lat' dir='ltr'>felicitate</span> <span class='ocrx_word' id='word_1_76' title='bbox 290 1964 466 2033; x_wconf 90' lang='lat' dir='ltr'>remotius.</span> <span class='ocrx_word' id='word_1_77' title='bbox 486 1962 570 2031; x_wconf 86' lang='lat' dir='ltr'>Nam</span> <span class='ocrx_word' id='word_1_78' title='bbox 593 1961 649 2032; x_wconf 82' lang='lat' dir='ltr'>ina</span> <span class='ocrx_word' id='word_1_79' title='bbox 671 1962 824 2055; x_wconf 87' lang='lat' dir='ltr'>Epicuri,</span> <span class='ocrx_word' id='word_1_80' title='bbox 851 1961 886 2030; x_wconf 90' lang='lat' dir='ltr'>in</span> <span class='ocrx_word' id='word_1_81' title='bbox 907 1962 1085 2054; x_wconf 84' lang='lat' dir='ltr'>voluptate</span> <span class='ocrx_word' id='word_1_82' title='bbox 1104 1982 1185 2032; x_wconf 93' lang='lat' dir='ltr'>con-</span> 
     </span>
     <span class='ocr_line' id='line_1_12' title="bbox 107 2083 1184 2170; baseline 0.001 -16"><span class='ocrx_word' id='word_1_83' title='bbox 107 2083 249 2170; x_wconf 87' lang='lat' dir='ltr'>sistens,</span> <span class='ocrx_word' id='word_1_84' title='bbox 269 2107 338 2155; x_wconf 94' lang='lat' dir='ltr'>non</span> <span class='ocrx_word' id='word_1_85' title='bbox 359 2086 470 2156; x_wconf 85' lang='lat' dir='ltr'>solum</span> <span class='ocrx_word' id='word_1_86' title='bbox 491 2085 584 2154; x_wconf 85' lang='lat' dir='ltr'>nulla</span> <span class='ocrx_word' id='word_1_87' title='bbox 602 2083 760 2168; x_wconf 61' lang='lat' dir='ltr'>felicitas</span> <span class='ocrx_word' id='word_1_88' title='bbox 782 2083 845 2156; x_wconf 92' lang='lat' dir='ltr'>scd</span> <span class='ocrx_word' id='word_1_89' title='bbox 862 2095 1020 2155; x_wconf 83' lang='lat' dir='ltr'>extrema</span> <span class='ocrx_word' id='word_1_90' title='bbox 1045 2083 1184 2155; x_wconf 82' lang='lat' dir='ltr'>miseria</span> 
     </span>
     <span class='ocr_line' id='line_1_13' title="bbox 106 2205 1185 2299; baseline 0 -22"><span class='ocrx_word' id='word_1_91' title='bbox 106 2218 171 2278; x_wconf 89' lang='lat' dir='ltr'>est.</span> <span class='ocrx_word' id='word_1_92' title='bbox 201 2207 293 2293; x_wconf 89' lang='lat' dir='ltr'>Quid</span> <span class='ocrx_word' id='word_1_93' title='bbox 315 2208 406 2278; x_wconf 89' lang='lat' dir='ltr'>enim</span> <span class='ocrx_word' id='word_1_94' title='bbox 433 2206 562 2277; x_wconf 91' lang='lat' dir='ltr'>homini</span> <span class='ocrx_word' id='word_1_95' title='bbox 587 2205 763 2290; x_wconf 68' lang='lat' dir='ltr'>miserius</span> <span class='ocrx_word' id='word_1_96' title='bbox 785 2228 889 2299; x_wconf 86' lang='lat' dir='ltr'>quarn</span> <span class='ocrx_word' id='word_1_97' title='bbox 911 2205 1102 2278; x_wconf 87' lang='lat' dir='ltr'>humanum</span> <span class='ocrx_word' id='word_1_98' title='bbox 1122 2205 1185 2277; x_wconf 78' lang='lat' dir='ltr'>bo</span> 
     </span>
     <span class='ocr_line' id='line_1_14' title="bbox 107 2329 1184 2425; baseline -0.001 -24"><span class='ocrx_word' id='word_1_99' title='bbox 107 2353 190 2402; x_wconf 89' lang='lat' dir='ltr'>num</span> <span class='ocrx_word' id='word_1_100' title='bbox 207 2329 298 2402; x_wconf 93' lang='lat' dir='ltr'>bono</span> <span class='ocrx_word' id='word_1_101' title='bbox 315 2330 469 2425; x_wconf 89' lang='lat' dir='ltr'>pecudis,</span> <span class='ocrx_word' id='word_1_102' title='bbox 488 2330 556 2401; x_wconf 92' lang='lat' dir='ltr'>hoc</span> <span class='ocrx_word' id='word_1_103' title='bbox 571 2337 626 2400; x_wconf 91' lang='lat' dir='ltr'>est</span> <span class='ocrx_word' id='word_1_104' title='bbox 641 2329 808 2400; x_wconf 87' lang='lat' dir='ltr'>rationem</span> <span class='ocrx_word' id='word_1_105' title='bbox 828 2330 1003 2413; x_wconf 86' lang='lat' dir='ltr'>sensibus,</span> <span class='ocrx_word' id='word_1_106' title='bbox 1027 2329 1184 2401; x_wconf 83' lang='lat' dir='ltr'>substra-</span> 
     </span>
     <span class='ocr_line' id='line_1_15' title="bbox 106 2451 1184 2547; baseline -0.001 -25"><span class='ocrx_word' id='word_1_107' title='bbox 106 2451 226 2523; x_wconf 81' lang='lat' dir='ltr'>visse?</span> <span class='ocrx_word' id='word_1_108' title='bbox 245 2452 314 2523; x_wconf 86' lang='lat' dir='ltr'>Sed</span> <span class='ocrx_word' id='word_1_109' title='bbox 336 2474 449 2524; x_wconf 91' lang='lat' dir='ltr'>noune</span> <span class='ocrx_word' id='word_1_110' title='bbox 469 2473 535 2544; x_wconf 82' lang='lat' dir='ltr'>ego</span> <span class='ocrx_word' id='word_1_111' title='bbox 556 2474 678 2545; x_wconf 89' lang='lat' dir='ltr'>parum</span> <span class='ocrx_word' id='word_1_112' title='bbox 701 2451 776 2523; x_wconf 85' lang='lat' dir='ltr'>sani</span> <span class='ocrx_word' id='word_1_113' title='bbox 796 2452 917 2547; x_wconf 85' lang='lat' dir='ltr'>capitis</span> <span class='ocrx_word' id='word_1_114' title='bbox 941 2452 1100 2536; x_wconf 88' lang='lat' dir='ltr'>videbor,</span> <span class='ocrx_word' id='word_1_115' title='bbox 1124 2452 1184 2546; x_wconf 89' lang='lat' dir='ltr'>qui</span> 
     </span>
     <span class='ocr_line' id='line_1_16' title="bbox 107 2558 1184 2668; baseline 0.002 -26"><span class='ocrx_word' id='word_1_116' title='bbox 107 2574 194 2645; x_wconf 82' lang='lat' dir='ltr'>inter</span> <span class='ocrx_word' id='word_1_117' title='bbox 215 2583 327 2644; x_wconf 88' lang='lat' dir='ltr'>tantas</span> <span class='ocrx_word' id='word_1_118' title='bbox 351 2585 483 2668; x_wconf 84' lang='lat' dir='ltr'>partes,</span> <span class='ocrx_word' id='word_1_119' title='bbox 508 2597 613 2668; x_wconf 85' lang='lat' dir='ltr'>super</span> <span class='ocrx_word' id='word_1_120' title='bbox 645 2575 703 2646; x_wconf 84' lang='lat' dir='ltr'>lite</span> <span class='ocrx_word' id='word_1_121' title='bbox 736 2587 806 2646; x_wconf 87' lang='lat' dir='ltr'>tam</span> <span class='ocrx_word' id='word_1_122' title='bbox 838 2574 959 2661; x_wconf 87' lang='lat' dir='ltr'>dubia,</span> <span class='ocrx_word' id='word_1_123' title='bbox 982 2575 1089 2647; x_wconf 84' lang='lat' dir='ltr'>index</span> <span class='ocrx_word' id='word_1_124' title='bbox 1115 2558 1184 2646; x_wconf 80' lang='lat' dir='ltr'>non</span> 
     </span>
     <span class='ocr_line' id='line_1_17' title="bbox 106 2695 1184 2791; baseline 0.002 -25"><span class='ocrx_word' id='word_1_125' title='bbox 106 2697 236 2767; x_wconf 85' lang='lat' dir='ltr'>electus</span> <span class='ocrx_word' id='word_1_126' title='bbox 262 2698 491 2768; x_wconf 78' lang='lat' dir='ltr'>accesserim?</span> <span class='ocrx_word' id='word_1_127' title='bbox 511 2698 638 2769; x_wconf 84' lang='lat' dir='ltr'>Credat</span> <span class='ocrx_word' id='word_1_128' title='bbox 657 2698 762 2790; x_wconf 81' lang='lat' dir='ltr'>igitur</span> <span class='ocrx_word' id='word_1_129' title='bbox 781 2697 931 2791; x_wconf 88' lang='lat' dir='ltr'>quisque</span> <span class='ocrx_word' id='word_1_130' title='bbox 951 2698 1046 2791; x_wconf 89' lang='lat' dir='ltr'>quod</span> <span class='ocrx_word' id='word_1_131' title='bbox 1070 2695 1184 2768; x_wconf 91' lang='lat' dir='ltr'>credi-</span> 
     </span>
     <span class='ocr_line' id='line_1_18' title="bbox 107 2817 1256 2914; baseline 0 -26"><span class='ocrx_word' id='word_1_132' title='bbox 107 2817 177 2888; x_wconf 91' lang='lat' dir='ltr'>dit:</span> <span class='ocrx_word' id='word_1_133' title='bbox 198 2818 323 2890; x_wconf 90' lang='lat' dir='ltr'>durum</span> <span class='ocrx_word' id='word_1_134' title='bbox 344 2828 400 2889; x_wconf 85' lang='lat' dir='ltr'>est</span> <span class='ocrx_word' id='word_1_135' title='bbox 418 2819 511 2890; x_wconf 88' lang='lat' dir='ltr'>enirn</span> <span class='ocrx_word' id='word_1_136' title='bbox 532 2819 576 2892; x_wconf 86' lang='lat' dir='ltr'>ab</span> <span class='ocrx_word' id='word_1_137' title='bbox 600 2819 801 2893; x_wconf 81' lang='lat' dir='ltr'>inveteratis</span> <span class='ocrx_word' id='word_1_138' title='bbox 827 2819 1048 2914; x_wconf 92' lang='lat' dir='ltr'>opinionibus</span> <span class='ocrx_word' id='word_1_139' title='bbox 1068 2818 1181 2889; x_wconf 85' lang='lat' dir='ltr'>avelli.</span> <span class='ocrx_word' id='word_1_140' title='bbox 1255 2842 1256 2846; x_wconf 44' lang='lat'>¹</span> 
     </span>
     <span class='ocr_line' id='line_1_19' title="bbox 106 2940 1182 3037; baseline 0.003 -29"><span class='ocrx_word' id='word_1_141' title='bbox 106 2940 236 3012; x_wconf 83' lang='lat' dir='ltr'>Extant</span> <span class='ocrx_word' id='word_1_142' title='bbox 254 2942 297 3013; x_wconf 91' lang='lat' dir='ltr'>de</span> <span class='ocrx_word' id='word_1_143' title='bbox 318 2943 371 3013; x_wconf 93' lang='lat' dir='ltr'>bis</span> <span class='ocrx_word' id='word_1_144' title='bbox 398 2943 679 3037; x_wconf 88' lang='lat' dir='ltr'>philosophorum</span> <span class='ocrx_word' id='word_1_145' title='bbox 706 2953 871 3015; x_wconf 88' lang='lat' dir='ltr'>tractatus</span> <span class='ocrx_word' id='word_1_146' title='bbox 906 2943 1006 3026; x_wconf 87' lang='lat' dir='ltr'>varii,</span> <span class='ocrx_word' id='word_1_147' title='bbox 1034 2964 1182 3033; x_wconf 88' lang='lat' dir='ltr'>quorum</span> 
     </span>
     <span class='ocr_line' id='line_1_20' title="bbox 106 3063 1183 3160; baseline -0.003 -26"><span class='ocrx_word' id='word_1_148' title='bbox 106 3066 171 3135; x_wconf 85' lang='lat' dir='ltr'>vix</span> <span class='ocrx_word' id='word_1_149' title='bbox 190 3066 327 3136; x_wconf 90' lang='lat' dir='ltr'>nomina</span> <span class='ocrx_word' id='word_1_150' title='bbox 352 3065 509 3160; x_wconf 80' lang='lat' dir='ltr'>epistolae</span> <span class='ocrx_word' id='word_1_151' title='bbox 534 3066 778 3138; x_wconf 83' lang='lat' dir='ltr'>clauderentur</span> <span class='ocrx_word' id='word_1_152' title='bbox 799 3064 979 3154; x_wconf 81' lang='lat' dir='ltr'>angustiis.</span> <span class='ocrx_word' id='word_1_153' title='bbox 1006 3066 1111 3134; x_wconf 76' lang='lat' dir='ltr'>Extat</span> <span class='ocrx_word' id='word_1_154' title='bbox 1131 3063 1183 3132; x_wconf 94' lang='lat' dir='ltr'>in-</span> 
     </span>
     <span class='ocr_line' id='line_1_21' title="bbox 108 3186 1182 3281; baseline -0.001 -25"><span class='ocrx_word' id='word_1_155' title='bbox 108 3197 205 3279; x_wconf 78' lang='lat' dir='ltr'>teger</span> <span class='ocrx_word' id='word_1_156' title='bbox 223 3187 397 3259; x_wconf 82' lang='lat' dir='ltr'>Ciceronis</span> <span class='ocrx_word' id='word_1_157' title='bbox 417 3188 522 3273; x_wconf 88' lang='lat' dir='ltr'>iiber,</span> <span class='ocrx_word' id='word_1_158' title='bbox 542 3189 602 3281; x_wconf 92' lang='lat' dir='ltr'>qui</span> <span class='ocrx_word' id='word_1_159' title='bbox 623 3188 672 3256; x_wconf 87' lang='lat' dir='ltr'>De</span> <span class='ocrx_word' id='word_1_160' title='bbox 695 3189 761 3280; x_wconf 76' lang='lat' dir='ltr'>fine</span> <span class='ocrx_word' id='word_1_161' title='bbox 788 3189 995 3257; x_wconf 81' lang='lat' dir='ltr'>bonorumet</span> <span class='ocrx_word' id='word_1_162' title='bbox 1021 3186 1182 3255; x_wconf 71' lang='lat' dir='ltr'>mutorum</span> 
     </span>
     <span class='ocr_line' id='line_1_22' title="bbox 105 3308 1182 3403; baseline 0.001 -24"><span class='ocrx_word' id='word_1_163' title='bbox 105 3309 324 3381; x_wconf 85' lang='lat' dir='ltr'>inscribitur:</span> <span class='ocrx_word' id='word_1_164' title='bbox 349 3333 454 3403; x_wconf 85' lang='lat' dir='ltr'>quom</span> <span class='ocrx_word' id='word_1_165' title='bbox 485 3333 564 3382; x_wconf 89' lang='lat' dir='ltr'>cum</span> <span class='ocrx_word' id='word_1_166' title='bbox 590 3308 732 3401; x_wconf 80' lang='lat' dir='ltr'>legeris,</span> <span class='ocrx_word' id='word_1_167' title='bbox 767 3308 885 3380; x_wconf 90' lang='lat' dir='ltr'>nescio</span> <span class='ocrx_word' id='word_1_168' title='bbox 917 3332 961 3381; x_wconf 85' lang='lat' dir='ltr'>an</span> <span class='ocrx_word' id='word_1_169' title='bbox 993 3309 1182 3403; x_wconf 86' lang='lat' dir='ltr'>quidquam</span> 
     </span>
     <span class='ocr_line' id='line_1_23' title="bbox 105 3431 1181 3528; baseline 0 -25"><span class='ocrx_word' id='word_1_170' title='bbox 105 3435 161 3504; x_wconf 88' lang='lat' dir='ltr'>vei</span> <span class='ocrx_word' id='word_1_171' title='bbox 178 3433 322 3505; x_wconf 85' lang='lat' dir='ltr'>auribus</span> <span class='ocrx_word' id='word_1_172' title='bbox 340 3437 396 3505; x_wconf 89' lang='lat' dir='ltr'>vel</span> <span class='ocrx_word' id='word_1_173' title='bbox 414 3434 553 3526; x_wconf 83' lang='lat' dir='ltr'>ingenio</span> <span class='ocrx_word' id='word_1_174' title='bbox 570 3432 725 3505; x_wconf 84' lang='lat' dir='ltr'>relictum</span> <span class='ocrx_word' id='word_1_175' title='bbox 744 3431 802 3521; x_wconf 86' lang='lat' dir='ltr'>sit,</span> <span class='ocrx_word' id='word_1_176' title='bbox 821 3433 915 3525; x_wconf 90' lang='lat' dir='ltr'>quod</span> <span class='ocrx_word' id='word_1_177' title='bbox 936 3433 1181 3528; x_wconf 86' lang='lat' dir='ltr'>requirendum</span> 
     </span>
     <span class='ocr_line' id='line_1_24' title="bbox 106 3554 1180 3650; baseline -0.002 -24"><span class='ocrx_word' id='word_1_178' title='bbox 106 3559 239 3649; x_wconf 70' lang='lat' dir='ltr'>putenti</span> <span class='ocrx_word' id='word_1_179' title='bbox 259 3557 327 3627; x_wconf 86' lang='lat' dir='ltr'>Sed</span> <span class='ocrx_word' id='word_1_180' title='bbox 347 3556 508 3649; x_wconf 87' lang='lat' dir='ltr'>quoniam</span> <span class='ocrx_word' id='word_1_181' title='bbox 530 3578 551 3627; x_wconf 85' lang='lat' dir='ltr'>a</span> <span class='ocrx_word' id='word_1_182' title='bbox 571 3579 640 3641; x_wconf 90' lang='lat' dir='ltr'>me,</span> <span class='ocrx_word' id='word_1_183' title='bbox 664 3578 732 3628; x_wconf 94' lang='lat' dir='ltr'>non</span> <span class='ocrx_word' id='word_1_184' title='bbox 752 3554 835 3650; x_wconf 92' lang='lat' dir='ltr'>quid</span> <span class='ocrx_word' id='word_1_185' title='bbox 856 3578 980 3627; x_wconf 86' lang='lat' dir='ltr'>verum</span> <span class='ocrx_word' id='word_1_186' title='bbox 1015 3557 1064 3648; x_wconf 67' lang='lat' dir='ltr'>(id</span> <span class='ocrx_word' id='word_1_187' title='bbox 1089 3555 1180 3624; x_wconf 87' lang='lat' dir='ltr'>enim</span> 
     </span>
     <span class='ocr_line' id='line_1_25' title="bbox 104 3677 1178 3775; baseline -0.004 -27"><span class='ocrx_word' id='word_1_188' title='bbox 104 3680 191 3750; x_wconf 82' lang='lat' dir='ltr'>sorte</span> <span class='ocrx_word' id='word_1_189' title='bbox 211 3679 365 3750; x_wconf 89' lang='lat' dir='ltr'>abditum</span> <span class='ocrx_word' id='word_1_190' title='bbox 386 3680 468 3775; x_wconf 85' lang='lat' dir='ltr'>cst),</span> <span class='ocrx_word' id='word_1_191' title='bbox 493 3680 554 3752; x_wconf 91' lang='lat' dir='ltr'>sed</span> <span class='ocrx_word' id='word_1_192' title='bbox 579 3679 663 3773; x_wconf 93' lang='lat' dir='ltr'>quid</span> <span class='ocrx_word' id='word_1_193' title='bbox 681 3680 763 3751; x_wconf 88' lang='lat' dir='ltr'>mihi</span> <span class='ocrx_word' id='word_1_194' title='bbox 785 3680 963 3751; x_wconf 87' lang='lat' dir='ltr'>vidorotur</span> <span class='ocrx_word' id='word_1_195' title='bbox 983 3677 1178 3773; x_wconf 85' lang='lat' dir='ltr'>postulasti,</span> 
     </span>
     <span class='ocr_line' id='line_1_26' title="bbox 105 3798 1180 3893; baseline -0.002 -23"><span class='ocrx_word' id='word_1_196' title='bbox 105 3801 204 3872; x_wconf 89' lang='lat' dir='ltr'>brevi</span> <span class='ocrx_word' id='word_1_197' title='bbox 224 3823 297 3873; x_wconf 83' lang='lat' dir='ltr'>rem</span> <span class='ocrx_word' id='word_1_198' title='bbox 317 3824 456 3873; x_wconf 90' lang='lat' dir='ltr'>omnem</span> <span class='ocrx_word' id='word_1_199' title='bbox 476 3802 545 3874; x_wconf 89' lang='lat' dir='ltr'>fine</span> <span class='ocrx_word' id='word_1_200' title='bbox 565 3803 744 3876; x_wconf 85' lang='lat' dir='ltr'>concludo.</span> <span class='ocrx_word' id='word_1_201' title='bbox 765 3802 841 3872; x_wconf 92' lang='lat' dir='ltr'>Noli</span> <span class='ocrx_word' id='word_1_202' title='bbox 862 3799 988 3893; x_wconf 90' lang='lat' dir='ltr'>iniquis</span> <span class='ocrx_word' id='word_1_203' title='bbox 1007 3798 1180 3870; x_wconf 85' lang='lat' dir='ltr'>consulto-</span> 
     </span>
     <span class='ocr_line' id='line_1_27' title="bbox 106 3921 1180 4020; baseline -0.003 -27"><span class='ocrx_word' id='word_1_204' title='bbox 106 3922 204 3993; x_wconf 92' lang='lat' dir='ltr'>ribus</span> <span class='ocrx_word' id='word_1_205' title='bbox 221 3944 341 3995; x_wconf 83' lang='lat' dir='ltr'>aurem</span> <span class='ocrx_word' id='word_1_206' title='bbox 358 3925 531 4018; x_wconf 67' lang='lat' dir='ltr'>praebere,</span> <span class='ocrx_word' id='word_1_207' title='bbox 546 3926 734 4020; x_wconf 81' lang='lat' dir='ltr'>quinoque</span> <span class='ocrx_word' id='word_1_208' title='bbox 750 3927 891 4008; x_wconf 83' lang='lat' dir='ltr'>famam,</span> <span class='ocrx_word' id='word_1_209' title='bbox 905 3943 1018 4013; x_wconf 86' lang='lat' dir='ltr'>neque</span> <span class='ocrx_word' id='word_1_210' title='bbox 1033 3921 1180 3991; x_wconf 88' lang='lat' dir='ltr'>salutem</span> 
     </span>
     <span class='ocr_line' id='line_1_28' title="bbox 106 4041 1181 4140; baseline -0.004 -24"><span class='ocrx_word' id='word_1_211' title='bbox 106 4055 201 4116; x_wconf 89' lang='lat' dir='ltr'>tuam</span> <span class='ocrx_word' id='word_1_212' title='bbox 226 4046 396 4140; x_wconf 78' lang='lat' dir='ltr'>diligunt3</span> <span class='ocrx_word' id='word_1_213' title='bbox 417 4048 451 4118; x_wconf 93' lang='lat' dir='ltr'>id</span> <span class='ocrx_word' id='word_1_214' title='bbox 472 4057 605 4120; x_wconf 88' lang='lat' dir='ltr'>tantum</span> <span class='ocrx_word' id='word_1_215' title='bbox 629 4050 816 4120; x_wconf 92' lang='lat' dir='ltr'>consulunt</span> <span class='ocrx_word' id='word_1_216' title='bbox 839 4044 932 4138; x_wconf 93' lang='lat' dir='ltr'>quod</span> <span class='ocrx_word' id='word_1_217' title='bbox 953 4045 1009 4114; x_wconf 89' lang='lat' dir='ltr'>vei</span> <span class='ocrx_word' id='word_1_218' title='bbox 1035 4042 1100 4115; x_wconf 92' lang='lat' dir='ltr'>sibi</span> <span class='ocrx_word' id='word_1_219' title='bbox 1120 4041 1181 4113; x_wconf 89' lang='lat' dir='ltr'>eii-</span> 
     </span>
     <span class='ocr_line' id='line_1_29' title="bbox 106 4163 1181 4261; baseline -0.003 -23"><span class='ocrx_word' id='word_1_220' title='bbox 106 4177 241 4259; x_wconf 81' lang='lat' dir='ltr'>gerent,</span> <span class='ocrx_word' id='word_1_221' title='bbox 264 4173 320 4241; x_wconf 87' lang='lat' dir='ltr'>voi</span> <span class='ocrx_word' id='word_1_222' title='bbox 341 4169 400 4241; x_wconf 93' lang='lat' dir='ltr'>tibi</span> <span class='ocrx_word' id='word_1_223' title='bbox 427 4180 565 4260; x_wconf 82' lang='lat' dir='ltr'>gratum</span> <span class='ocrx_word' id='word_1_224' title='bbox 590 4178 721 4261; x_wconf 85' lang='lat' dir='ltr'>putant.</span> <span class='ocrx_word' id='word_1_225' title='bbox 744 4168 795 4237; x_wconf 84' lang='lat' dir='ltr'>Tu</span> <span class='ocrx_word' id='word_1_226' title='bbox 825 4186 911 4236; x_wconf 91' lang='lat' dir='ltr'>voro</span> <span class='ocrx_word' id='word_1_227' title='bbox 944 4163 1028 4234; x_wconf 88' lang='lat' dir='ltr'>nihii</span> <span class='ocrx_word' id='word_1_228' title='bbox 1052 4173 1181 4258; x_wconf 86' lang='lat' dir='ltr'>praeter</span> 
     </span>
     <span class='ocr_line' id='line_1_30' title="bbox 105 4285 1182 4384; baseline -0.006 -21"><span class='ocrx_word' id='word_1_229' title='bbox 105 4292 290 4364; x_wconf 88' lang='lat' dir='ltr'>honestum</span> <span class='ocrx_word' id='word_1_230' title='bbox 315 4293 482 4384; x_wconf 83' lang='lat' dir='ltr'>cogitare,</span> <span class='ocrx_word' id='word_1_231' title='bbox 506 4290 590 4361; x_wconf 93' lang='lat' dir='ltr'>nihil</span> <span class='ocrx_word' id='word_1_232' title='bbox 610 4291 645 4359; x_wconf 95' lang='lat' dir='ltr'>iu</span> <span class='ocrx_word' id='word_1_233' title='bbox 666 4288 766 4361; x_wconf 91' lang='lat' dir='ltr'>bouis</span> <span class='ocrx_word' id='word_1_234' title='bbox 792 4309 974 4359; x_wconf 87' lang='lat' dir='ltr'>numerare</span> <span class='ocrx_word' id='word_1_235' title='bbox 991 4285 1110 4360; x_wconf 84' lang='lat' dir='ltr'>debes.</span> <span class='ocrx_word' id='word_1_236' title='bbox 1135 4285 1182 4357; x_wconf 82' lang='lat' dir='ltr'>At</span> 
     </span>
     <span class='ocr_line' id='line_1_31' title="bbox 105 4410 1181 4509; baseline -0.006 -23"><span class='ocrx_word' id='word_1_237' title='bbox 105 4416 196 4486; x_wconf 53' lang='lat' dir='ltr'>utile*</span> <span class='ocrx_word' id='word_1_238' title='bbox 208 4419 342 4488; x_wconf 91' lang='lat' dir='ltr'>lucrum</span> <span class='ocrx_word' id='word_1_239' title='bbox 359 4426 428 4488; x_wconf 86' lang='lat' dir='ltr'>cst:</span> <span class='ocrx_word' id='word_1_240' title='bbox 444 4415 489 4486; x_wconf 88' lang='lat' dir='ltr'>ita</span> <span class='ocrx_word' id='word_1_241' title='bbox 503 4434 660 4509; x_wconf 88' lang='lat' dir='ltr'>prorsus,</span> <span class='ocrx_word' id='word_1_242' title='bbox 680 4412 709 4483; x_wconf 92' lang='lat' dir='ltr'>si</span> <span class='ocrx_word' id='word_1_243' title='bbox 732 4434 812 4484; x_wconf 91' lang='lat' dir='ltr'>curn</span> <span class='ocrx_word' id='word_1_244' title='bbox 834 4413 1016 4485; x_wconf 89' lang='lat' dir='ltr'>honestate</span> <span class='ocrx_word' id='word_1_245' title='bbox 1039 4410 1181 4486; x_wconf 90' lang='lat' dir='ltr'>coniun-</span> 
     </span>
     <span class='ocr_line' id='line_1_32' title="bbox 105 4533 1289 4635; baseline -0.004 -25"><span class='ocrx_word' id='word_1_246' title='bbox 105 4549 199 4611; x_wconf 91' lang='lat' dir='ltr'>ctum</span> <span class='ocrx_word' id='word_1_247' title='bbox 217 4539 283 4621; x_wconf 90' lang='lat' dir='ltr'>sit;</span> <span class='ocrx_word' id='word_1_248' title='bbox 303 4539 454 4633; x_wconf 88' lang='lat' dir='ltr'>alioquin</span> <span class='ocrx_word' id='word_1_249' title='bbox 474 4537 559 4609; x_wconf 92' lang='lat' dir='ltr'>nihil</span> <span class='ocrx_word' id='word_1_250' title='bbox 577 4535 718 4610; x_wconf 90' lang='lat' dir='ltr'>noveris</span> <span class='ocrx_word' id='word_1_251' title='bbox 740 4557 822 4611; x_wconf 88' lang='lat' dir='ltr'>esse</span> <span class='ocrx_word' id='word_1_252' title='bbox 840 4557 946 4630; x_wconf 87' lang='lat' dir='ltr'>posse</span> <span class='ocrx_word' id='word_1_253' title='bbox 964 4533 1178 4611; x_wconf 87' lang='lat' dir='ltr'>damnosius.</span> <span class='ocrx_word' id='word_1_254' title='bbox 1283 4626 1289 4635; x_wconf 28' lang='grc' dir='ltr'>Ι</span> 
     </span>
    </p>
   </div>
   <div class='ocr_carea' id='block_1_3' title="bbox 0 0 1350 5024">
    <p class='ocr_par' dir='ltr' id='par_1_3' title="bbox 0 0 1350 5024">
     <span class='ocr_line' id='line_1_33' title="bbox 0 0 1350 5024; baseline 0 1"><span class='ocrx_word' id='word_1_255' title='bbox 0 0 1350 5024; x_wconf 95' lang='lat' dir='ltr'> </span> 
     </span>
    </p>
   </div>
  </div>
 </body>
</html>
