2692 5024
335 674 426 721 nronn
449 674 592 724 neurius
603 694 638 706 -
654 672 808 725 nnrsuonl
826 678 855 725 x.
1078 667 1135 730 159

52 819 129 889 Non
145 818 234 912 plus,
254 818 403 908 inquam,
424 817 620 901 metuenda,
634 839 740 909 quam
755 840 898 890 somnus
912 830 973 891 aut
986 822 1135 915 requies

52 939 144 1026 Quid
164 938 257 1009 enim
291 938 382 1008 inter
408 938 528 1009 mortis
558 947 594 1009 et
625 939 769 1030 originis
793 940 886 1013 diem
914 945 1039 1014 refert?
1064 945 1138 1017 lmo

53 1086 140 1136 vero
158 1060 316 1153 largiter:
338 1061 393 1130 ille
414 1082 476 1132 nos
497 1061 661 1134 humanae
680 1062 764 1134 vitae
780 1062 958 1137 laboribus
976 1067 1136 1154 involvit,

54 1187 112 1258 hio
131 1184 264 1256 liberat.
287 1183 373 1255 llino
393 1183 450 1254 ille
470 1206 555 1269 mos,
573 1205 621 1255 ex
639 1183 768 1256 intimis
786 1185 1016 1281 philosophiae
1032 1209 1139 1281 pene·

55 1308 201 1382 tualibus
226 1307 389 1392 eductus
415 1307 452 1375 in
478 1327 622 1378 suorum
647 1316 727 1379 ortu
748 1309 956 1401 lugentium,
979 1321 1083 1404 atque
1104 1311 1139 1382 iu

55 1438 168 1502 morte
187 1429 422 1521 gaudentium.
450 1428 535 1514 Sed,
562 1451 607 1500 ne
631 1427 677 1499 ab
702 1430 921 1525 opinionibus
942 1433 1140 1525 vulgarium

57 1552 277 1636 recedamus
305 1575 325 1624 a
351 1549 479 1645 quibus
506 1561 633 1638 tamen,
657 1554 685 1625 si
708 1553 924 1627 adsalutem
944 1556 1139 1650 pergimus,

58 1698 163 1771 quam
201 1675 403 1767 longissime
440 1674 675 1748 recedendum
701 1687 771 1763 est,
797 1679 917 1764 detur,
952 1677 1141 1751 timendam

59 1822 141 1872 esse
160 1808 318 1883 mortem,
341 1808 377 1869 et
395 1797 480 1870 illud
501 1799 782 1891 vulgatissimum
803 1799 1001 1873 Aristotelis
1021 1800 1144 1873 audia-

61 1932 129 2008 tur,
149 1932 283 1991 mortam
298 1942 364 1991 esse
380 1921 534 1991 ultimum
551 1923 766 1992 terribilium:
784 1922 844 2016 qui
860 1933 896 1993 et
912 1924 988 2016 ipse
1004 1946 1144 2017 quoque

59 2047 218 2116 consulto
237 2067 306 2116 non
331 2044 522 2115 maximum
547 2044 664 2116 dicere
689 2044 813 2129 voluit,
844 2045 906 2117 sed
932 2056 1140 2117 extremum.

61 2167 145 2251 Sed,
171 2175 262 2250 esto,
291 2166 336 2237 sit
360 2167 576 2237 maximum:
604 2175 707 2256 putas
733 2189 776 2237 ne
802 2168 895 2239 illam
916 2167 995 2240 ideo
1016 2168 1142 2253 vitane,

60 2291 143 2383 quia
164 2289 254 2361 bello
279 2289 433 2360 abstines
460 2298 520 2359 aut
545 2289 656 2359 mari?
680 2288 806 2362 Notum
831 2299 867 2360 et
891 2290 976 2364 illud
1000 2289 1143 2362 alterius

62 2425 190 2509 poetae:

283 2536 406 2600 Frustra
422 2542 549 2599 cruento
568 2543 666 2599 marte
682 2537 871 2608 carebimus,

283 2634 455 2714 Frautisque
474 2636 559 2698 rauci
575 2636 718 2699 lluotibus
734 2637 869 2712 lladriae3

344 2734 469 2798 Frustra
486 2749 541 2814 per
557 2741 723 2797 autumnus
741 2741 902 2798 nocentem

409 2831 596 2911 Corporibus
612 2838 788 2895 metuemus
805 2841 954 2897 austrum.

64 3031 262 3118 Quamlibet
291 3041 451 3105 exactam
477 3055 598 3104 curam
623 3034 732 3105 nostri
756 3033 911 3126 corporis
937 3032 1146 3104 habentibus

14 3132 17 3142 Ι
65 3155 279 3227 moriendum
305 3167 370 3228 est.
397 3156 467 3226 Sed
492 3156 704 3249 prolatandae
729 3155 852 3226 mortis
879 3155 1032 3227 studium
1061 3159 1149 3227 solet

64 3302 147 3352 esse
163 3279 380 3352 mortalibus:
398 3281 523 3362 sateor;
542 3289 577 3349 et
593 3279 855 3350 excusationem
874 3277 1023 3371 publicae
1039 3278 1150 3351 imbe-

64 3403 214 3476 oillitatis
234 3426 397 3496 agnosco.
415 3404 582 3489 Primum,
605 3425 666 3476 oro
688 3413 736 3486 te,
759 3404 925 3495 quantula
945 3402 1012 3476 ista
1031 3402 1150 3476 dilatio

66 3526 137 3611 est;
158 3528 285 3601 deinde
304 3538 389 3620 quot
404 3537 441 3599 et
457 3549 563 3622 quam
580 3527 678 3599 duris
695 3525 836 3598 casibus
852 3526 1026 3622 exposita
1044 3550 1150 3620 quam

67 3651 187 3725 multis
206 3650 342 3722 vixisse
365 3651 494 3736 nocuit,
520 3661 556 3723 et
581 3649 664 3721 vitae
689 3648 834 3742 gloriam
860 3650 1032 3721 imminuit
1057 3669 1151 3718 mors

67 3775 195 3848 dilata?
216 3773 432 3857 Quotidianis
453 3773 624 3866 exemplis
646 3771 883 3855 abundamus;
905 3771 968 3842 sed
988 3789 1151 3841 reveren·

70 3899 139 3969 tius
157 3897 298 3992 antiqua
315 3919 561 3981 oommemoru,
576 3906 696 3969 nostra
713 3917 851 3989 quoque
868 3893 1030 3965 libentius
1047 3912 1149 3985 quam

69 4029 227 4090 externa.
249 4021 285 4091 Si
306 4023 408 4114 paulo
428 4020 544 4091 minus
563 4020 682 4090 Tullus
701 4018 866 4091 Hostilius
885 4017 1043 4100 vixisset
1063 4015 1151 4085 ictus

70 4140 212 4211 fulmine
234 4164 303 4212 non
328 4141 461 4213 luisset.
487 4141 620 4212 Pauoos
646 4160 755 4210 annos
781 4137 924 4210 detrahe
950 4135 1151 4229 Tarquinio;

71 4287 137 4336 rex
169 4277 327 4338 mortuus
360 4263 425 4335 erit
456 4262 528 4344 ille,
560 4282 628 4332 non
653 4261 746 4329 exul.
774 4258 886 4352 Appio
911 4258 1055 4331 Claudio
1079 4259 1151 4331 vita

72 4388 206 4480 longior
226 4388 429 4468 caecitatem,
451 4382 561 4456 llario
585 4401 776 4465 carcerem,
805 4389 840 4450 et
864 4381 1073 4473 degenerem
1099 4383 1152 4453 fu-

73 4530 169 4601 gam,
197 4509 446 4600 latibulumque
471 4507 603 4579 limosae
623 4501 761 4597 paludis
788 4503 911 4577 attulit.
937 4503 1029 4591 Quid
1052 4505 1151 4578 Pom·
