2692 5024
193 612 254 675 alo
524 618 566 669 nn
587 618 688 668 nanus
709 618 932 697 runnrrunns

82 787 93 802 ’
194 770 280 843 dam
299 765 384 838 illud
404 772 512 846 tuum,
533 762 609 832 sive
629 761 860 854 epigramma,
880 760 958 830 sive
975 759 1193 854 epitaphium
1205 761 1277 835 dici

195 888 321 975 mavis,
338 885 434 983 quod
449 896 578 958 aeterne
595 905 799 956 mansurum
814 904 897 955 esse
912 880 1064 967 conlido,
1083 904 1199 977 nuper
1214 884 1278 958 de-

194 1015 322 1086 iunctae
340 1009 454 1106 neptis
474 1008 677 1080 memoriam
696 1006 898 1090 celebrabit3
917 1028 1056 1101 semper
1071 1007 1130 1079 illa
1147 1018 1274 1109 tecum

194 1143 326 1208 etcum
346 1131 548 1206 clarissimis
573 1131 687 1202 omnis
711 1130 779 1201 aevi
805 1129 1001 1203 nominibus
1027 1128 1135 1201 vivet.
1162 1132 1276 1204 Erunt

194 1260 255 1353 qui
276 1268 423 1330 mortem
442 1257 673 1340 immaturam,
700 1263 736 1327 et
759 1255 927 1326 iacturam
954 1254 1079 1326 modici
1105 1256 1274 1350 temporis

196 1380 255 1455 tali
273 1380 415 1475 cupiant
438 1400 682 1473 compensasse
706 1377 931 1475 panegyrico,
958 1377 1089 1471 quique
1108 1378 1205 1471 quod
1231 1380 1275 1453 de

194 1502 328 1576 Achille
345 1503 482 1576 dixisse
514 1504 622 1573 fertur
641 1500 842 1573 Alexander
867 1499 1022 1586 lllaoedo,
1054 1501 1273 1595 suspirantes

195 1625 327 1698 dicant:
343 1623 373 1693 0
388 1626 574 1708 fortunata,
597 1641 678 1716 quae
699 1625 801 1695 talem
824 1641 1019 1717 praeconem
1040 1628 1113 1693 tuae
1131 1623 1273 1696 virtutis

195 1744 374 1817 invenisti!
395 1745 465 1817 Sed
476 1745 544 1817 iam
560 1755 678 1816 metuo
691 1767 735 1815 ne
748 1744 929 1837 prolixitas
946 1745 980 1814 in
998 1744 1180 1818 fastidium
1197 1770 1275 1820 vor-

196 1879 274 1963 gat3
290 1869 547 1962 elegantissima
567 1889 708 1961 quoque
723 1866 879 1938 brevitas
900 1879 960 1939 tua
984 1890 1028 1939 ne
1048 1869 1190 1962 longius
1214 1892 1275 1944 va-

195 2014 259 2085 ger
271 1990 462 2064 admonuit.
476 1990 673 2063 subsistam
688 1991 801 2083 igitur,
816 1994 925 2062 Deum
938 2012 1045 2063 orans
1060 2002 1275 2088 cunctosque

195 2114 381 2200 coliculus,
405 2123 444 2185 ut
465 2115 688 2187 serenitatem
713 2122 817 2199 tuam,
845 2112 995 2202 geminis
1012 2122 1082 2185 tam
1104 2113 1274 2187 bellorum

196 2259 300 2330 quam
322 2236 515 2308 studiorum
536 2234 665 2307 laureis
690 2245 856 2320 ornatam,
879 2234 940 2307 din
966 2233 1110 2307 iubeant
1129 2235 1166 2308 in
1185 2246 1275 2310 statu

196 2358 394 2431 felicissimo
415 2358 547 2430 llorere.
569 2359 664 2428 Vale.

336 2502 387 2556 Vll
406 2502 467 2556 Kal.
483 2501 613 2557 Ianuarii.
629 2501 672 2554 Ad
686 2500 790 2556 lonlern
805 2503 918 2575 Sorgiaa.

697 2669 774 2680 —

610 2851 787 2938 nunnoni
808 2876 854 2940 rv.

216 3047 409 3098 FRANCISCUS
428 3049 596 3098 PETRAllCA
614 3049 746 3099 lOllANlll
764 3051 922 3101 COLUMNAE
941 3051 1114 3100 elunlulnl
1133 3054 1159 3103 S.
1180 3055 1208 3103 Ρ.
1228 3057 1256 3105 Ι).

196 3208 315 3263 Nuuciat
329 3226 358 3263 se
373 3227 429 3265 una
441 3210 592 3283 eademque
606 3211 650 3266 die
664 3211 784 3267 Romam
796 3218 824 3267 et
836 3214 956 3269 Parisios
970 3214 1151 3284 accersitum,
1165 3217 1203 3271 ad
1217 3233 1277 3289 poe·

285 3297 366 3352 ticam
382 3301 504 3353 lauream
518 3300 720 3371 recipiendam:
742 3307 769 3355 et
787 3301 846 3356 eius
864 3302 898 3356 de
917 3303 1051 3357 alterutro
1069 3305 1130 3359 loeo
1149 3305 1275 3377 eligendo

286 3390 450 3442 sententiam
465 3391 592 3461 exquirit.

294 3580 440 3676 Ancipiti
461 3583 495 3653 in
516 3585 610 3658 bivio
631 3608 724 3669 sum;
747 3611 809 3659 nec
829 3611 898 3680 quo
918 3589 1138 3682 potissimum
1157 3603 1277 3665 vertar

198 3704 278 3777 scio.
297 3706 384 3778 llira
405 3708 545 3800 quidem
563 3711 624 3782 sed
643 3710 761 3783 brevis
776 3712 920 3784 historia
933 3723 998 3784 est.
1014 3713 1194 3787 Hodierno
1206 3716 1273 3800 die,

197 3832 282 3904 hora
305 3834 412 3903 ferme
438 3834 546 3919 tortia,
575 3835 696 3906 litterae
722 3847 865 3909 senatus
891 3837 975 3907 rnihi
1001 3835 1148 3908 redditae
1175 3850 1274 3921 sunt,

198 3955 378 4049 inquibus
399 3956 528 4028 obnixo
561 3958 748 4030 admodum
774 3970 809 4029 ot
834 3960 951 4031 mullis
971 3960 1273 4054 persuasionibus,

197 4077 242 4149 ad
257 4079 512 4173 percipiendam
534 4083 683 4152 lauream
706 4083 874 4176 poeticam
895 4086 1040 4154 Romam
1062 4106 1180 4155 vocor.
1209 4087 1276 4157 llo-

196 4199 273 4270 dem
296 4201 361 4272 hoc
380 4201 454 4294 ipso
475 4203 539 4287 die,
568 4202 658 4274 circa
678 4202 798 4275 lrorarn
817 4205 1000 4289 decimam,
1025 4227 1131 4302 super
1151 4209 1275 4281 eadem

125 4354 131 4359 ·
197 4342 234 4390 re
248 4320 292 4391 ab
305 4322 427 4394 illustri
442 4325 516 4397 viro
530 4326 688 4411 Roberto,
704 4327 813 4398 Studii
827 4328 1034 4400 Parisieusis
1049 4330 1274 4413 Cancellario

196 4442 339 4514 concive
351 4467 437 4529 meo,
455 4447 606 4542 mihique
619 4460 654 4519 ot
672 4449 779 4520 rebus
793 4451 881 4521 meis
894 4451 1113 4537 amicissimo,
1129 4453 1276 4527 nuntius
