2692 5024
10 17 952 335 w

355 726 448 777 urana
469 725 847 778 smarnos-arumna
869 731 899 777 x.
1108 718 1164 781 377

87 870 201 967 spatio
226 871 346 940 venire
375 868 581 943 debuissent
610 893 658 942 ex
690 872 851 969 AEgypto.
885 873 1065 946 Venerunt
1087 898 1167 949 cum

85 994 137 1066 eis
163 1003 199 1064 et
223 993 413 1064 amicorum
439 994 583 1075 litterae,
617 1004 653 1065 ot
684 994 834 1066 duorum
865 995 951 1067 lacie
981 997 1066 1067 mibi
1097 1019 1168 1072 non

85 1125 265 1201 notorum,
289 1114 351 1187 sed
372 1116 492 1210 utique
521 1116 719 1203 illustrium,
742 1126 781 1190 ut
798 1118 898 1206 dicis,
921 1118 1101 1206 iuvenum,
1129 1131 1169 1193 ut

88 1239 217 1333 scripta
244 1245 428 1342 testmtur,
452 1259 598 1309 senum:
619 1239 742 1330 quales
763 1239 893 1312 utinam
915 1244 1041 1313 multos
1061 1241 1169 1314 babe-

87 1370 143 1434 ret
166 1361 291 1433 civitas
317 1370 447 1445 vestra,
472 1362 501 1431 si
522 1371 726 1432 tamennon
746 1363 896 1434 essetin
919 1363 1062 1436 exilium
1083 1364 1169 1438 mia-

87 1506 194 1570 sura,
228 1483 297 1555 imo
323 1484 426 1555 etiam
454 1483 483 1554 si
509 1484 680 1569 missura,
702 1508 850 1580 quorum
883 1484 1057 1583 dispersio
1087 1486 1169 1558 reli-

86 1628 174 1700 quas
209 1608 334 1679 saltem
366 1606 526 1698 civitates
560 1607 692 1682 italicas
723 1609 919 1682 adornaret.
954 1610 1021 1682 Sed
1046 1611 1167 1685 omitto

85 1730 177 1802 hauc
197 1730 446 1801 inexhaustam
464 1751 602 1826 semper
617 1740 651 1803 et
671 1741 825 1803 veterem
846 1736 1037 1826 querelam,
1061 1743 1096 1804 et
1112 1754 1169 1805 re-

87 1862 206 1926 vertor
231 1853 276 1925 ad
301 1853 444 1925 litteras.
462 1854 622 1925 Omnium
643 1856 714 1925 fere
735 1877 803 1926 una
825 1857 994 1929 sententia
1014 1866 1080 1928 est.
1101 1857 1167 1929 Ar-

86 1999 188 2070 guor,
215 1985 295 2070 post
328 1976 541 2070 propositum
575 1976 737 2048 veniendi
770 1979 998 2062 Florentiam,
1033 1980 1097 2051 iter
1131 1981 1167 2052 in

86 2100 294 2195 Cisalpinam
332 2099 476 2170 Galliam
511 2098 715 2185 deflexisse,
752 2100 854 2194 quasi
886 2103 1010 2173 natalis
1044 2103 1166 2196 patriae

85 2233 313 2320 contemptor,
339 2232 375 2292 et
401 2244 481 2315 spes
506 2244 548 2294 ac
573 2234 654 2294 vota
675 2226 860 2295 multorum
887 2246 942 2296 me
966 2224 1033 2297 illic
1057 2247 1167 2321 expe-

85 2348 250 2420 ctantium
271 2345 432 2418 elusisse.
453 2348 598 2417 Possem
619 2345 664 2417 ad
685 2346 760 2418 baec
781 2347 1000 2420 multifariam
1022 2368 1166 2443 respon·

86 2474 185 2557 dere,
204 2482 240 2542 et
258 2470 343 2564 quid
356 2469 502 2541 aliorum
516 2491 750 2566 responsurus
772 2471 837 2542 sim
858 2469 993 2554 litteris,
1015 2471 1166 2542 necdum

86 2595 169 2668 scio.
190 2593 422 2686 Respondebo
449 2603 565 2665 tamen
589 2593 734 2686 aliquid,
756 2594 835 2667 licet
865 2595 1163 2689 occupatissimus.

88 2722 202 2812 Rogas
227 2718 340 2801 enim;
378 2741 505 2811 sequar
530 2718 718 2814 impetum:
752 2718 834 2790 dum
862 2720 1015 2791 calamus
1040 2717 1106 2789 erit
1130 2717 1165 2790 in

90 2842 262 2927 manibuS,
288 2843 344 2913 ille
367 2841 468 2926 mibi,
491 2864 560 2934 quo
589 2864 628 2912 se
651 2842 732 2913 duci
756 2841 851 2925 velit,
874 2840 1042 2913 ostendet.
1065 2841 1165 2911 Certe

89 2988 166 3038 cum
186 2965 268 3050 illis,
293 2976 331 3036 ut
352 2964 430 3035 stilo
452 2963 673 3034 scribentium
700 2963 856 3046 satisfiat,
880 2984 1058 3033 musarum
1081 2960 1164 3030 mibi

87 3088 249 3181 przesidio
270 3110 358 3182 opus
379 3087 454 3157 erit.
482 3085 556 3156 Tibi
586 3096 717 3169 autem,
745 3085 800 3155 cui
827 3084 900 3154 sine
926 3085 994 3155 ullo
1020 3082 1164 3156 artificio

87 3223 207 3308 aperta
226 3223 261 3283 et
280 3209 374 3280 nuda
399 3208 517 3281 omnia
540 3230 621 3279 esse
646 3205 787 3290 debent,
810 3229 918 3278 unum
939 3205 1005 3277 boc
1022 3204 1164 3278 minime

88 3333 267 3418 tacuerim,
289 3331 385 3425 quod
402 3354 517 3423 neque
535 3331 669 3403 viarum
692 3329 803 3414 labor,
823 3351 936 3422 neque
955 3329 1064 3426 pestis
1082 3328 1164 3401 anni

87 3457 191 3526 buius
223 3454 426 3533 universum
453 3453 585 3538 orbem,
609 3451 670 3524 sed
694 3462 818 3524 cuncta
841 3452 1036 3545 praesertim
1064 3452 1164 3523 litora
1279 3471 1281 3479 ’

86 3588 269 3673 protereus
303 3585 407 3669 atque
434 3594 658 3661 consumens,
686 3596 799 3668 neque
827 3574 932 3646 animi
957 3570 1025 3644 mei
1050 3573 1161 3657 dolor,

87 3722 201 3794 neque
239 3702 329 3771 mala
369 3699 448 3792 (nisi
482 3698 591 3791 fallor)
631 3708 666 3769 et
698 3697 816 3793 iniqua
851 3697 973 3793 patriae
1006 3693 1163 3766 tractatio

87 3846 143 3895 me
182 3846 203 3895 a
242 3833 406 3917 suscepto
443 3823 565 3894 itinere
596 3822 816 3906 detorsisset,
844 3819 1037 3913 praesertim
1069 3839 1160 3900 oum,

87 3946 219 4017 maiore
235 3945 364 4016 laboris
381 3956 477 4037 parte
495 3944 656 4027 conlecta,
672 3943 739 4014 iam
754 3945 894 4014 ianuam
912 3939 1161 4033 pervenissem.

87 4068 170 4138 llaec
202 4067 308 4159 igitur
333 4067 449 4138 verior
478 4076 514 4137 et
543 4066 653 4158 potior
681 4087 787 4138 causa
817 4065 893 4150 fuit,
921 4060 1014 4156 quod
1040 4081 1164 4132 secun-

86 4187 171 4261 dum
205 4213 304 4285 spem
337 4213 441 4284 quam
475 4201 590 4260 mente
622 4209 862 4281 conceperam,
896 4187 964 4257 imo
996 4206 1080 4257 vero
1113 4183 1164 4279 (ut

86 4322 237 4386 eventus
257 4313 385 4408 docuit)
408 4313 678 4396 somniaveram,
701 4311 775 4382 fieri
801 4301 870 4381 non
890 4329 995 4401 posse
1019 4304 1164 4379 videba-

88 4443 159 4521 tur,
181 4438 264 4528 quin
287 4436 437 4530 aliquem
461 4434 520 4505 tibi
542 4457 659 4506 rerum
680 4445 877 4508 nostrarum
901 4431 1069 4503 laetiorem
1088 4429 1164 4502 exi-
1242 4475 1247 4487 ·

89 4568 160 4629 tum
178 4558 348 4630 afferrem.
370 4560 490 4652 ltaque
510 4554 611 4630 dulce
631 4566 705 4630 erat
724 4565 911 4649 expectare
931 4555 1043 4627 donec
1059 4553 1094 4623 in
1115 4553 1174 4624 lo-
