2692 5024
335 717 427 768 nmen
448 717 808 776 orturus—errarem
831 718 862 766 n.
1076 704 1136 770 253

61 860 212 944 traxisti,
241 869 342 952 teque
363 859 497 932 cunctis
517 858 738 932 audientibus
764 859 909 954 simplici
929 880 1007 933 meo
1027 861 1137 934 verbo

58 993 257 1058 contentum
276 1002 357 1054 esse
377 981 522 1054 dixisti?
538 982 645 1055 Cuius
663 1004 710 1054 ne
728 992 789 1055 aut
800 982 1003 1077 poenituisse
1016 995 1058 1070 te,
1076 995 1138 1057 aut

59 1105 347 1205 impraemeditata
363 1106 441 1179 facti
458 1106 654 1199 benignitas
671 1105 859 1192 videretur,
877 1128 958 1209 cum
978 1128 1072 1203 saepe
1090 1110 1138 1180 si-

59 1232 159 1303 miles
176 1251 281 1302 casus
297 1228 494 1313 acciderint,
513 1229 707 1301 iurantibus
724 1229 866 1315 cunctis,
885 1252 1064 1324 nunquam
1080 1253 1137 1303 me

58 1356 175 1427 iurare
186 1375 226 1425 es
244 1373 382 1445 passus.
402 1351 493 1437 Quid
506 1351 571 1424 hoc
584 1351 708 1425 iudicio
722 1353 807 1425 tanti
819 1355 927 1448 patris
945 1355 1137 1426 illustrius?

60 1475 188 1563 Quanti
209 1476 332 1547 volunt
356 1497 480 1546 aurum
499 1486 535 1546 et
559 1496 716 1565 gemmas
737 1475 913 1549 aestiment
934 1478 1044 1562 avari,
1070 1477 1137 1550 hoc

60 1601 236 1673 aestimare
252 1620 322 1670 non
339 1606 512 1690 poterunt.
529 1597 720 1671 llenovasti
738 1599 772 1670 in
789 1622 854 1686 mc,
873 1610 970 1694 pater
981 1600 1136 1674 omniurn

61 1721 200 1817 optime,
218 1719 422 1792 Xenocratis
439 1719 636 1814 philosophi
653 1720 833 1814 antiquum
850 1722 967 1808 decus,
986 1722 1085 1795 cuins
1102 1723 1139 1795 in

61 1843 217 1938 epistolis
240 1843 287 1915 ad
311 1840 463 1914 Atticum
489 1843 698 1916 mentionem
718 1845 801 1917 lacit
820 1845 953 1930 Cicero;
979 1847 1039 1940 qui
1059 1869 1139 1920 cum

62 1965 295 2040 testimonium
307 1965 480 2051 dicturus,
498 1966 614 2038 iurare
628 1967 819 2039 secundum
837 1970 934 2060 leges
952 1977 1137 2056 teneretur,

60 2111 104 2161 ea
124 2087 191 2160 sibi
208 2087 253 2161 ab
272 2088 545 2161 Atheniensibus
564 2096 730 2182 spectatae
748 2087 829 2161 fidei
846 2090 1067 2165 credentibus
1084 2115 1139 2165 re-

62 2194 169 2286 missa
181 2212 373 2286 necessitas
386 2212 461 2284 luit.
476 2215 562 2299 Hoc,
582 2212 736 2306 inquam,
751 2213 786 2283 in
803 2236 859 2285 me
873 2217 1057 2302 renovasti,
1072 2215 1140 2289 nisi

61 2336 157 2431 qnod
176 2335 224 2407 illi
244 2346 380 2409 maturo
396 2317 479 2421 aeri,
501 2333 537 2405 id
558 2334 771 2407 adolescenti
790 2335 884 2422 mihi,
905 2337 1071 2430 quodque
1089 2336 1139 2408 illi

63 2461 173 2534 semel
193 2458 330 2545 accidit,
358 2469 395 2533 tu
419 2459 503 2531 mihi
523 2470 729 2553 perpetuum
748 2457 870 2531 fecisti.
892 2459 937 2531 Et
955 2467 1058 2555 putas
1084 2480 1140 2531 me

61 2606 167 2683 posse
189 2584 308 2656 talium
327 2582 507 2655 oblivisci?
532 2583 660 2676 lugens
681 2581 747 2655 erit
770 2582 931 2668 historia,
959 2583 989 2655 si
1016 2581 1141 2655 similia

62 2705 243 2801 complecti
269 2705 396 2777 velim:
423 2727 486 2779 neo
512 2716 648 2799 tempus
674 2705 818 2801 patitur,
846 2727 910 2779 nec
933 2708 1041 2778 locus.
1067 2705 1142 2779 lla-

64 2828 218 2921 gnanimi
236 2827 343 2922 patris
362 2827 412 2900 1111
429 2850 551 2902 vocem
569 2829 684 2904 audio.
698 2830 809 2902 Extra
825 2850 943 2902 muros
959 2828 1054 2902 urbis
1068 2851 1138 2915 me,

65 2951 145 3022 licet
162 2949 323 3037 invitum,
345 2962 593 3045 prosecuturus
613 2951 765 3025 advenit.
785 2952 958 3025 Hodierno
977 2952 1035 3024 die
1047 2949 1140 3044 apud

64 3074 240 3146 Praeneste
261 3095 362 3146 suum
382 3074 603 3168 hospitabor:
625 3075 672 3145 ibi
693 3094 750 3145 me
766 3074 982 3145 clarissimus
1002 3095 1048 3143 ex
1070 3070 1140 3143 filio

66 3217 163 3281 suna,
184 3217 231 3269 611
250 3197 356 3270 lratre
377 3206 458 3268 tuus
478 3217 586 3291 nepos
607 3203 779 3289 expectat.
797 3196 892 3267 Vale.

209 3341 321 3412 Romae,
338 3341 409 3397 Non.
426 3341 560 3397 Octobris.
677 3392 680 3401 .

486 3689 663 3755 urlslohl
683 3689 726 3753 lll.

90 3859 283 3911 runnclscus
300 3858 467 3910 pernhach
484 3860 617 3910 roulant
633 3859 790 3910 COLUMNAE
808 3855 978 3908 clamatu
994 3856 1020 3904 S.
1039 3855 1066 3902 Ρ.
1085 3853 1115 3902 lt.

155 4014 211 4070 lter
223 4033 305 4073 sunm
319 4015 463 4091 Neapon
476 4035 564 4090 usqne
577 4018 720 4090 describit,
736 4025 763 4074 et
774 4019 850 4074 illius
863 4016 933 4072 aula
947 4022 1056 4087 turpem

378 4106 535 4179 loedamqne
549 4108 659 4164 exhibet
672 4107 830 4178 imaginem.

166 4307 209 4380 Ut
229 4308 333 4383 fidem
351 4310 555 4400 frangerem,
572 4318 608 4380 et
626 4307 685 4379 tibi
704 4307 785 4379 utile
802 4307 938 4380 etmihi
957 4328 1064 4404 prope
1081 4330 1144 4381 ne-

64 4435 257 4509 cessarium
278 4431 353 4505 suit.
375 4431 550 4506 Pollicitus
567 4453 623 4504 me
639 4431 811 4505 maritimo
830 4432 956 4505 itinere
970 4433 1141 4527 prolectu-

66 4579 154 4640 rum,
171 4580 239 4631 non
256 4555 359 4632 aliam
376 4554 423 4629 ob
439 4576 583 4629 causam
603 4552 670 4629 nisi
686 4555 768 4649 quia
785 4558 893 4650 vulgo
908 4555 977 4631 iam
994 4576 1139 4652 persna-
