2692 5024
188 658 240 707 civ
572 654 838 707 uuotnaotfflttou.

380 795 564 868 hortaturque
575 795 611 851 ad
625 795 789 851 modestiam
801 801 829 851 et
842 795 1096 867 magnanimitatem
1111 811 1178 867 erga
1194 797 1232 852 vi·

381 889 451 941 ctos.
468 883 561 940 Civilis
575 884 719 941 discordie
729 885 831 940 damna
838 889 1047 954 commemorat,
1057 901 1189 958 armaque
1201 885 1230 939 in

382 978 512 1029 externos
524 973 619 1028 hostes
634 973 819 1029 convertenda
831 973 938 1029 suadet.

185 1060 236 1135 Ep.
272 1060 301 1117 d.
321 1058 1228 1134 DucranouamoRmauucrcaGnuunuars.-andoptabam.

340 1148 415 1222 Arq.
433 1147 557 1206 nentur
573 1148 679 1205 bellum
700 1166 765 1205 cum
782 1149 817 1205 iis
834 1165 851 1205 a
868 1166 933 1221 rege
950 1155 1126 1222 erraceptum,
1140 1151 1231 1207 horta·

376 1242 480 1309 tuaque
491 1242 524 1292 ut
536 1237 566 1291 iu
579 1238 640 1293 eiua
652 1238 767 1293 exitium
779 1243 918 1294 costanter
931 1238 1085 1294 conficiant.

184 1326 234 1399 Ep.
273 1326 299 1380 7.
321 1325 447 1381 Gurnoru
460 1325 604 1382 Errscoro
618 1325 783 1382 Ponrunusr
797 1325 965 1381 Cenomani.
975 1327 1192 1382 —Licentiom

342 1415 415 1487 Ar9.
435 1412 555 1470 Nunciat
568 1431 598 1470 ae
611 1431 677 1470 eum
690 1414 800 1471 duobus
810 1415 954 1471 mensibus
964 1414 1069 1470 trustra
1083 1421 1229 1488 oppertum

377 1506 433 1561 iam
447 1505 589 1560 Avenione
602 1504 757 1575 digressum
770 1504 801 1560 in
814 1502 923 1559 ltaliam
937 1520 1096 1576 properare.

102 1582 105 1587 ’
183 1593 234 1665 Ep.
271 1593 298 1649 8.
319 1593 431 1649 Pourro
445 1593 571 1648 Sauaoru
583 1593 756 1649 anrosrro
770 1591 986 1647 cavanmcnusr.
997 1593 1160 1648 —Porcat

342 1682 416 1753 Arq.
436 1679 555 1736 Excusat
570 1681 723 1753 sequodeo
732 1680 881 1737 insalutato
894 1679 1009 1751 abierit,
1023 1696 1108 1752 seque
1121 1679 1230 1737 ltaliam

378 1784 476 1825 versus
488 1769 602 1826 nunciat
614 1770 776 1843 propediem
788 1771 989 1843 protecturum.

607 1955 715 2021 LIBER
735 1958 796 2020 XV.

182 2127 232 2200 Ep.
269 2126 296 2183 i.
317 2125 414 2183 Lento
429 2139 492 2182 suo.
503 2153 539 2168 -
549 2125 688 2193 Qcamcic
701 2126 848 2198 antiquata.

342 2217 415 2290 Arp.
444 2216 563 2272 Accusat
589 2215 754 2273 diuturnum
776 2216 857 2271 amici
878 2215 1036 2286 silentium,
1064 2222 1092 2272 et
1117 2232 1231 2288 respon-

376 2303 460 2359 dendi
473 2304 502 2358 in
515 2321 548 2360 eo
562 2303 719 2358 tarditatem
738 2303 924 2374 reprehendit.
939 2303 1073 2358 Hortatur
1085 2302 1184 2357 deinde
1197 2308 1230 2356 ut

376 2398 504 2464 suscepto
521 2407 637 2447 munere
658 2390 816 2462 reipublice
839 2389 1029 2458 sublevandae,
1043 2390 1170 2462 superbis
1183 2405 1231 2444 ne·

376 2482 530 2552 quidquam
544 2480 730 2549 obstantibus,
744 2478 817 2532 virili
830 2480 923 2534 animo
936 2480 1077 2550 iungatur.

181 2567 230 2639 Ep.
268 2567 295 2622 2.
315 2567 478 2623 Fatucrsco
493 2567 597 2621 Puronr
611 2568 660 2621 SS.
675 2567 901 2622 Arosrononuu.
911 2567 1023 2621 -Nou
1037 2567 1131 2620 trabat.

340 2658 412 2727 Arp.
431 2656 533 2710 Narrat
546 2671 576 2709 se
588 2654 667 2709 Valle
680 2653 779 2708 Clausa
797 2653 967 2724 digressum,
984 2652 1084 2725 pedem
1097 2653 1172 2709 unde
1189 2654 1229 2711 di·

373 2751 492 2800 vcrterat
514 2745 619 2799 referre
631 2743 775 2812 debuisse,
793 2741 887 2815 ibique
908 2743 1076 2798 consistendi
1097 2745 1154 2799 iam
1176 2745 1228 2801 sibi

375 2850 436 2888 esse
449 2833 631 2905 propositum.

181 2924 231 2997 Ep.
270 2923 297 2979 3.
317 2923 442 2978 Znuouro
457 2922 655 2978 Fronnrarra'o.
666 2922 777 2978 —Scio
792 2926 818 2977 te
832 2922 951 2976 mirari.

338 3009 411 3081 Arq.
431 3008 472 3064 De
481 3008 584 3064 ,eadem
598 3024 628 3063 re
642 3025 704 3080 qum
717 3008 747 3064 in
761 3009 876 3081 epistola
888 3010 1033 3082 superiori.
1046 3010 1114 3074 Qum
1127 3009 1180 3065 sibi
1189 3011 1227 3065 sit

374 3097 410 3152 ad
423 3097 529 3152 iontem
542 3096 646 3168 Sergia
659 3097 729 3152 ratio
743 3098 860 3154 vivendi.

179 3184 230 3257 Ep.
267 3184 295 3239 4.
316 3185 446 3240 Annum
459 3183 596 3240 Daruouo
610 3198 678 3239 nucr
691 3184 892 3241 Vrunrranuu.
904 3215 940 3227 -
950 3184 1032 3252 Quod
1045 3186 1077 3241 in
1090 3186 1215 3241 ailon-tio.

340 3275 414 3345 Acq.
439 3273 496 3327 Gur
518 3279 575 3327 tam
601 3290 673 3345 saepe
700 3273 754 3329 loci
780 3274 932 3329 mutatione
953 3274 1080 3345 gaudeat.
1106 3275 1227 3346 Peregre

376 3362 475 3433 agendi
489 3363 718 3418 consuetudinem
732 3362 861 3418 laudibus
872 3364 1058 3434 prosequitur.

180 3451 231 3525 Ep.
269 3452 295 3506 5.
317 3453 416 3507 Pnruo
430 3453 541 3506 Annarr
555 3451 583 3506 S.
600 3451 727 3506 Rnurcrr.
738 3452 859 3506 -Miro
873 3451 1000 3520 quidem.

339 3542 411 3613 Arq.
427 3541 534 3596 Laudat
549 3543 608 3596 cius
622 3541 761 3597 scribendi
774 3540 925 3595 rationem:
948 3540 1056 3610 attingit
1076 3542 1173 3596 leviter
1190 3542 1225 3597 de

375 3629 496 3701 quadam
510 3631 626 3701 epistola
639 3631 771 3685 adversus
784 3628 918 3697 medicos,
932 3628 1054 3700 itemque
1068 3631 1102 3686 de
1117 3631 1224 3687 Caesure

374 3719 409 3773 ub
422 3718 501 3773 Italia
515 3719 689 3774 abhorrente.
727 3789 734 3799 ι

179 3808 229 3881 Ep,
269 3810 295 3864 6.
317 3810 416 3865 Parno
430 3809 541 3863 Anam
555 3809 583 3863 S.
600 3811 728 3864 Rnurcn.
739 3809 833 3864 -Lis
847 3815 888 3864 cat
901 3811 979 3864 mibi
991 3828 1109 3882 ittaqna.

338 3899 410 3970 Arq.
426 3897 527 3952 Narrat
540 3898 709 3953 calumniam
723 3913 739 3950 a
752 3897 858 3951 medico
878 3898 907 3950 in
928 3898 971 3952 sui
985 3899 1135 3971 perniciem
1149 3900 1225 3953 evul-

373 3990 479 4055 gatam,
502 3985 612 4055 culpam
630 4001 647 4038 a
667 4000 697 4038 se
711 3989 834 4053 amovet,
849 3990 877 4039 ct
897 3985 926 4039 in
946 3986 1112 4040 maledicum
1133 3985 1226 4040 obiur-

374 4079 498 4143 gatorem
512 4078 663 4144 retorquet.

179 4159 229 4232 Ep.
268 4161 294 4215 7.
315 4163 469 4218 Srrruaao
491 4163 637 4219 Corcura:
655 4163 827 4219 anrosrro
848 4164 876 4218 S.
897 4164 1154 4218 ausurus-Aac
1173 4180 1224 4236 eqo

372 4252 471 4323 failor.

337 4338 410 4411 Arp.
435 4341 521 4410 Mala,
544 4343 727 4413 calamitates,
755 4342 930 4399 incommoda
954 4343 1058 4416 ubique
1085 4349 1225 4399 terrarum

373 4430 463 4484 ocium
475 4437 503 4486 et
515 4432 741 4504 tranquillitatem
755 4433 816 4487 vitae
828 4432 990 4503 praepcdire.
