2692 5024
340 654 433 702 crana
456 654 608 703 cernuus.
623 656 823 704 -musrom
846 658 896 704 ru.
1104 645 1160 706 tir

87 816 213 865 causas
235 795 505 888 principiumque
525 796 668 867 nescire.
688 797 773 864 Nam
793 818 855 867 nec
876 797 1078 887 ignorantia,
1101 822 1166 871 nec

88 918 162 1008 ipsa
183 917 322 1009 quidem
345 918 451 1009 pestis
472 917 626 989 odiosior
651 918 753 1009 nugis
781 939 822 989 ac
847 918 973 989 sabulis
999 941 1166 1012 quorum-

85 1038 166 1110 dam
184 1039 377 1123 hominum,
394 1039 453 1130 qui
469 1039 617 1130 professi
636 1040 750 1109 omnia
769 1040 883 1110 sciunt
899 1040 999 1124 nihii,
1016 1064 1164 1133 quorum

87 1173 202 1233 tamen
215 1185 289 1246 ora,
305 1163 384 1233 licet
399 1164 596 1233 assuefacta
614 1161 819 1245 mendaciis,
840 1161 978 1232 tandem
997 1162 1111 1246 silent,
1130 1173 1166 1234 et

86 1303 167 1374 quae
192 1284 404 1376 impudentia
429 1283 577 1377 primum
604 1305 650 1353 ex
676 1305 773 1354 more
798 1286 992 1367 laxaverat,
1015 1282 1060 1354 ad
1087 1282 1164 1353 uiti-

87 1426 180 1475 mum
199 1406 323 1476 elausit
340 1417 470 1499 stupor.
490 1405 558 1476 Sed
575 1405 621 1476 ad
637 1405 892 1497 inquisitionem
912 1427 1024 1476 meam
1046 1407 1163 1477 redeo.

85 1526 139 1595 An
163 1548 246 1597 vero
267 1528 357 1598 sicut
374 1530 515 1618 longum
534 1526 598 1596 iter
615 1528 801 1618 agentibus
818 1529 936 1600 evenit
957 1539 994 1598 ut
1010 1527 1076 1597 alia
1095 1528 1164 1599 viae

85 1669 166 1739 pars
192 1648 426 1739 fatigationem
447 1649 560 1734 saciat,
589 1649 654 1720 alia
680 1650 846 1730 fateatur3
875 1651 924 1721 sic
949 1650 1050 1721 nobis
1075 1651 1165 1722 acei-

85 1770 136 1840 dit
157 1781 194 1840 ut
215 1771 337 1841 lenitas
360 1781 430 1854 tua,
451 1773 556 1856 Deus,
580 1772 740 1842 humanis
764 1774 926 1864 paulatim
949 1776 1078 1845 lassata
1098 1774 1164 1845 eri-

87 1894 252 1978 minibus,
275 1905 310 1964 et
330 1894 400 1984 iugi
422 1895 622 1965 accessione
647 1907 879 1990 praegravata,
907 1918 999 1966 nune
1024 1897 1163 1988 potissi-

87 2038 179 2085 mum
219 2017 310 2088 victa
353 2015 568 2099 subsederit,
609 2029 714 2108 tuque
750 2040 829 2102 neS,
864 2028 985 2088 vector
1017 2020 1160 2111 optime,

85 2142 232 2211 tolerare
252 2141 401 2234 amplius
424 2160 491 2209 non
511 2142 642 2225 valens,
667 2143 701 2209 in
723 2150 820 2232 terga
839 2140 1039 2233 proieceris
1058 2151 1162 2233 atque

84 2284 104 2331 a
122 2246 225 2333 nobis
241 2262 489 2336 misericordiae
506 2272 577 2333 tuae
592 2265 711 2335 oeulos
729 2263 837 2334 iratus
855 2263 1050 2334 averteris?
1062 2263 1163 2345 Quod

85 2385 114 2455 si
131 2396 200 2468 est,
215 2406 284 2455 non
302 2399 499 2459 nostrorum
516 2388 634 2471 modo,
656 2386 718 2457 sed
736 2395 957 2480 paternorum
977 2386 1080 2456 simul
1096 2387 1163 2456 eri·

84 2506 214 2578 minum
236 2531 357 2602 poenas
377 2509 514 2594 damus,
535 2531 580 2579 an
597 2509 734 2602 peiores
752 2506 818 2577 iliis
836 2507 968 2593 neseio,
989 2508 1053 2579 sed
1069 2517 1163 2579 certe

84 2629 294 2703 miseriores.
317 2630 371 2701 An
392 2633 475 2704 illud
496 2634 646 2703 sortasse
665 2632 786 2701 verius
807 2632 902 2723 quod
923 2653 1050 2723 magna
1067 2652 1164 2723 quae·

85 2753 167 2849 dam
189 2753 325 2843 ingenia
348 2755 524 2849 suspicata
546 2765 641 2839 sunt,
663 2756 771 2826 Deum
795 2756 950 2827 mortalia
973 2777 1039 2826 non
1062 2778 1163 2826 cura-

83 2877 146 2943 re?
166 2874 234 2945 Sed
255 2872 347 2945 absit
366 2897 386 2945 a
408 2876 583 2947 mentibus
604 2878 734 2947 nostris
756 2879 832 2948 baec
853 2878 1013 2948 amentia.
1036 2877 1071 2946 Si
1092 2897 1162 2946 non

82 3007 230 3079 curaret,
248 2996 303 3066 ilia
320 3019 387 3066 non
403 2997 644 3069 subsisterent,
663 3000 749 3068 Nam
764 2999 807 3070 de
826 2998 881 3069 his
898 3000 957 3090 qui
976 2999 1085 3069 nostri
1102 3021 1162 3069 cu-

82 3141 171 3203 ram,
191 3142 260 3190 non
278 3120 350 3190 Deo
377 3118 542 3205 tribuunt,
567 3121 630 3192 sed
655 3131 803 3205 naturae,
831 3121 917 3212 quid
942 3121 1161 3192 sentiendum

83 3241 183 3312 nobis
206 3242 264 3325 sit,
287 3241 445 3312 veritatis
468 3253 538 3314 tuae
559 3245 675 3316 studio
693 3244 844 3315 deditis?
864 3267 942 3315 eum
961 3247 1092 3316 Seneca
1110 3243 1162 3313 in-

33 3383 38 3391 ·
83 3363 301 3452 gratissimos
316 3365 468 3435 omnium
483 3366 641 3458 appellet,
657 3366 730 3457 qui,
747 3374 878 3436 mutato
896 3367 1043 3450 nomine,
1058 3366 1163 3438 dissi-

84 3488 217 3556 mulent
237 3485 300 3556 Dei
322 3508 481 3569 munera,
504 3499 540 3556 et
563 3487 759 3558 cavillando
777 3489 892 3580 impie,
914 3509 1075 3580 supernae
1100 3488 1162 3558 de-

82 3606 189 3676 bitum
204 3608 376 3698 abnegent
388 3609 605 3679 maiestatis?
619 3610 728 3681 Curas
742 3614 894 3703 profecto
907 3630 971 3679 nos
985 3619 1019 3679 et
1031 3617 1158 3693 nostra,

82 3730 188 3798 Deus.
211 3730 279 3801 Sed
300 3730 431 3822 aliquid
453 3731 618 3801 latitantis
635 3741 670 3801 et
691 3731 818 3821 ignotae
836 3730 934 3800 nobis
952 3752 1070 3801 causae
1089 3741 1158 3815 est,

82 3872 145 3921 cur
168 3873 216 3921 ex
248 3852 410 3922 omnibus
445 3854 583 3925 saeouiis
616 3853 813 3946 dignissimi
844 3853 911 3924 visi
945 3875 1068 3923 sumus
1100 3855 1161 3946 qui

82 3972 249 4042 acerrime
263 3974 507 4065 plecteremur,
527 3995 596 4043 non
614 3974 740 4044 idcireo
757 3975 888 4045 minore
905 3972 1047 4055 iustitia,
1067 3973 1161 4065 quod

82 4096 215 4164 occulta
248 4105 313 4164 est.
340 4095 496 4187 Namque
522 4095 725 4167 iudiciorum
754 4109 888 4167 tuorum
915 4095 1161 4187 imperscruta-

83 4214 176 4298 bilis,
198 4225 234 4286 et
258 4218 420 4287 humanis
446 4217 611 4287 sensibus
640 4217 818 4287 inaccessa
843 4216 1069 4308 profunditas.
1096 4218 1158 4287 Vel

82 4356 167 4427 ergo
187 4338 329 4429 pessimi
350 4338 502 4406 omnium
524 4358 608 4407 vere
631 4357 767 4420 sumus,
789 4340 883 4429 quod
903 4359 1033 4429 negare
1054 4340 1158 4409 veiim

84 4459 197 4550 potius
226 4483 330 4550 quam
364 4459 489 4542 ausim,
518 4460 574 4529 vei
599 4458 643 4529 ad
669 4458 784 4530 sutura
810 4458 898 4530 bona
924 4461 1158 4553 praesentibus
