<?xml version="1.0" encoding="UTF-8"?>
<!DOCTYPE html PUBLIC "-//W3C//DTD XHTML 1.0 Transitional//EN"
    "http://www.w3.org/TR/xhtml1/DTD/xhtml1-transitional.dtd">
<html xmlns="http://www.w3.org/1999/xhtml" xml:lang="en" lang="en">
 <head>
  <title>
</title>
<meta http-equiv="Content-Type" content="text/html;charset=utf-8" />
  <meta name='ocr-system' content='tesseract 3.04.00' />
  <meta name='ocr-capabilities' content='ocr_page ocr_carea ocr_par ocr_line ocrx_word'/>
</head>
<body>
  <div class='ocr_page' id='page_1' title='image "./epistolaederebu00fracgoog_0488.png"; bbox 0 0 2692 5024; ppageno 0'>
   <div class='ocr_carea' id='block_1_1' title="bbox 417 737 1213 799">
    <p class='ocr_par' dir='ltr' id='par_1_1' title="bbox 417 737 1213 799">
     <span class='ocr_line' id='line_1_1' title="bbox 417 737 1213 799; baseline 0.004 -4"><span class='ocrx_word' id='word_1_1' title='bbox 417 747 509 796; x_wconf 83' lang='lat' dir='ltr'><strong>urnun</strong></span> <span class='ocrx_word' id='word_1_2' title='bbox 530 747 875 796; x_wconf 79' lang='lat' dir='ltr'><strong>sexsus-urrsroua</strong></span> <span class='ocrx_word' id='word_1_3' title='bbox 897 750 938 797; x_wconf 88' lang='lat' dir='ltr'><strong>ru.</strong></span> <span class='ocrx_word' id='word_1_4' title='bbox 1154 737 1213 799; x_wconf 74' lang='lat'><strong>325</strong></span> 
     </span>
    </p>
   </div>
   <div class='ocr_carea' id='block_1_2' title="bbox 134 894 1213 2580">
    <p class='ocr_par' dir='ltr' id='par_1_2' title="bbox 134 894 1213 2580">
     <span class='ocr_line' id='line_1_2' title="bbox 138 894 1213 988; baseline 0.002 -21"><span class='ocrx_word' id='word_1_5' title='bbox 138 896 288 969; x_wconf 90' lang='lat' dir='ltr'><strong>modum.</strong></span> <span class='ocrx_word' id='word_1_6' title='bbox 310 895 337 964; x_wconf 89' lang='lat' dir='ltr'>E</span> <span class='ocrx_word' id='word_1_7' title='bbox 355 894 484 988; x_wconf 90' lang='lat' dir='ltr'><strong>quihus</strong></span> <span class='ocrx_word' id='word_1_8' title='bbox 504 894 591 967; x_wconf 90' lang='lat' dir='ltr'><strong>lorte</strong></span> <span class='ocrx_word' id='word_1_9' title='bbox 617 894 808 965; x_wconf 92' lang='lat' dir='ltr'><strong>secundum</strong></span> <span class='ocrx_word' id='word_1_10' title='bbox 835 896 954 980; x_wconf 86' lang='lat' dir='ltr'><strong>fatear,</strong></span> <span class='ocrx_word' id='word_1_11' title='bbox 981 897 1131 987; x_wconf 91' lang='lat' dir='ltr'><strong>primum</strong></span> <span class='ocrx_word' id='word_1_12' title='bbox 1152 922 1213 968; x_wconf 88' lang='lat' dir='ltr'><strong>ne-</strong></span> 
     </span>
     <span class='ocr_line' id='line_1_3' title="bbox 135 1019 1213 1114; baseline -0.001 -20"><span class='ocrx_word' id='word_1_13' title='bbox 135 1044 225 1114; x_wconf 79' lang='lat' dir='ltr'><strong>gem.</strong></span> <span class='ocrx_word' id='word_1_14' title='bbox 248 1021 441 1091; x_wconf 88' lang='lat' dir='ltr'><strong>Senescunt</strong></span> <span class='ocrx_word' id='word_1_15' title='bbox 462 1020 562 1091; x_wconf 84' lang='lat' dir='ltr'><strong>solito</strong></span> <span class='ocrx_word' id='word_1_16' title='bbox 582 1019 697 1104; x_wconf 91' lang='lat' dir='ltr'><strong>citius,</strong></span> <span class='ocrx_word' id='word_1_17' title='bbox 720 1041 784 1091; x_wconf 91' lang='lat' dir='ltr'><strong>uec</strong></span> <span class='ocrx_word' id='word_1_18' title='bbox 805 1019 839 1092; x_wconf 93' lang='lat' dir='ltr'><strong>id</strong></span> <span class='ocrx_word' id='word_1_19' title='bbox 861 1022 977 1092; x_wconf 82' lang='lat' dir='ltr'>forsan</span> <span class='ocrx_word' id='word_1_20' title='bbox 1015 1042 1213 1114; x_wconf 88' lang='lat' dir='ltr'><strong>usquequa-</strong></span> 
     </span>
     <span class='ocr_line' id='line_1_4' title="bbox 136 1141 1213 1236; baseline 0.001 -22"><span class='ocrx_word' id='word_1_21' title='bbox 136 1165 204 1236; x_wconf 87' lang='lat' dir='ltr'><strong>que</strong></span> <span class='ocrx_word' id='word_1_22' title='bbox 225 1164 347 1214; x_wconf 87' lang='lat' dir='ltr'><strong>verum</strong></span> <span class='ocrx_word' id='word_1_23' title='bbox 367 1153 432 1214; x_wconf 87' lang='lat' dir='ltr'><strong>est.</strong></span> <span class='ocrx_word' id='word_1_24' title='bbox 454 1142 524 1214; x_wconf 87' lang='lat' dir='ltr'><strong>Sed</strong></span> <span class='ocrx_word' id='word_1_25' title='bbox 545 1141 638 1236; x_wconf 94' lang='lat' dir='ltr'><strong>quod</strong></span> <span class='ocrx_word' id='word_1_26' title='bbox 663 1143 899 1216; x_wconf 65' lang='lat' dir='ltr'><strong>incunctanter</strong></span> <span class='ocrx_word' id='word_1_27' title='bbox 916 1143 1092 1227; x_wconf 86' lang='lat' dir='ltr'><strong>affirmem,</strong></span> <span class='ocrx_word' id='word_1_28' title='bbox 1113 1145 1213 1215; x_wconf 92' lang='lat' dir='ltr'><strong>solito</strong></span> 
     </span>
     <span class='ocr_line' id='line_1_5' title="bbox 136 1264 1211 1351; baseline -0.001 -12"><span class='ocrx_word' id='word_1_29' title='bbox 136 1267 236 1339; x_wconf 86' lang='lat' dir='ltr'><strong>citius</strong></span> <span class='ocrx_word' id='word_1_30' title='bbox 269 1276 465 1351; x_wconf 87' lang='lat' dir='ltr'><strong>canescunt,</strong></span> <span class='ocrx_word' id='word_1_31' title='bbox 489 1265 565 1337; x_wconf 90' lang='lat' dir='ltr'><strong>sive</strong></span> <span class='ocrx_word' id='word_1_32' title='bbox 597 1264 774 1338; x_wconf 61' lang='lat' dir='ltr'><strong>id*latens</strong></span> <span class='ocrx_word' id='word_1_33' title='bbox 799 1286 919 1350; x_wconf 88' lang='lat' dir='ltr'><strong>causa,</strong></span> <span class='ocrx_word' id='word_1_34' title='bbox 955 1265 1030 1338; x_wconf 92' lang='lat' dir='ltr'><strong>sive</strong></span> <span class='ocrx_word' id='word_1_35' title='bbox 1049 1289 1211 1338; x_wconf 89' lang='lat' dir='ltr'><strong>curarum</strong></span> 
     </span>
     <span class='ocr_line' id='line_1_6' title="bbox 135 1388 1213 1463; baseline 0 -4"><span class='ocrx_word' id='word_1_36' title='bbox 135 1388 319 1462; x_wconf 92' lang='lat' dir='ltr'><strong>multitudo</strong></span> <span class='ocrx_word' id='word_1_37' title='bbox 337 1389 452 1461; x_wconf 49' lang='lat' dir='ltr'><strong>efficite</strong></span> <span class='ocrx_word' id='word_1_38' title='bbox 471 1390 627 1462; x_wconf 85' lang='lat' dir='ltr'><strong>Profecto</strong></span> <span class='ocrx_word' id='word_1_39' title='bbox 643 1389 735 1459; x_wconf 92' lang='lat' dir='ltr'><strong>enim</strong></span> <span class='ocrx_word' id='word_1_40' title='bbox 761 1390 871 1460; x_wconf 89' lang='lat' dir='ltr'><strong>nostri</strong></span> <span class='ocrx_word' id='word_1_41' title='bbox 889 1390 1037 1462; x_wconf 88' lang='lat' dir='ltr'><strong>maiores</strong></span> <span class='ocrx_word' id='word_1_42' title='bbox 1062 1392 1213 1463; x_wconf 91' lang='lat' dir='ltr'><strong>meliori-</strong></span> 
     </span>
     <span class='ocr_line' id='line_1_7' title="bbox 135 1511 1209 1607; baseline 0.002 -23"><span class='ocrx_word' id='word_1_43' title='bbox 135 1512 219 1596; x_wconf 91' lang='lat' dir='ltr'><strong>bus,</strong></span> <span class='ocrx_word' id='word_1_44' title='bbox 254 1533 317 1584; x_wconf 91' lang='lat' dir='ltr'><strong>nos</strong></span> <span class='ocrx_word' id='word_1_45' title='bbox 350 1511 508 1607; x_wconf 88' lang='lat' dir='ltr'><strong>pluribus</strong></span> <span class='ocrx_word' id='word_1_46' title='bbox 537 1513 630 1583; x_wconf 89' lang='lat' dir='ltr'><strong>curis</strong></span> <span class='ocrx_word' id='word_1_47' title='bbox 655 1513 877 1584; x_wconf 86' lang='lat' dir='ltr'><strong>involvimur.</strong></span> <span class='ocrx_word' id='word_1_48' title='bbox 904 1511 994 1584; x_wconf 90' lang='lat' dir='ltr'><strong>Nihil</strong></span> <span class='ocrx_word' id='word_1_49' title='bbox 1015 1523 1071 1587; x_wconf 92' lang='lat' dir='ltr'><strong>est</strong></span> <span class='ocrx_word' id='word_1_50' title='bbox 1094 1524 1209 1586; x_wconf 90' lang='lat' dir='ltr'><strong>antem</strong></span> 
     </span>
     <span class='ocr_line' id='line_1_8' title="bbox 135 1633 1210 1731; baseline 0.002 -26"><span class='ocrx_word' id='word_1_51' title='bbox 135 1633 228 1729; x_wconf 93' lang='lat' dir='ltr'><strong>quod</strong></span> <span class='ocrx_word' id='word_1_52' title='bbox 253 1635 364 1726; x_wconf 80' lang='lat' dir='ltr'><strong>magis</strong></span> <span class='ocrx_word' id='word_1_53' title='bbox 386 1635 573 1731; x_wconf 82' lang='lat' dir='ltr'><strong>praecipitet</strong></span> <span class='ocrx_word' id='word_1_54' title='bbox 593 1635 743 1706; x_wconf 88' lang='lat' dir='ltr'><strong>iuventae</strong></span> <span class='ocrx_word' id='word_1_55' title='bbox 764 1636 900 1720; x_wconf 84' lang='lat' dir='ltr'><strong>florem,</strong></span> <span class='ocrx_word' id='word_1_56' title='bbox 922 1658 1028 1729; x_wconf 86' lang='lat' dir='ltr'><strong>quam</strong></span> <span class='ocrx_word' id='word_1_57' title='bbox 1047 1659 1210 1709; x_wconf 84' lang='lat' dir='ltr'><strong>curarum</strong></span> 
     </span>
     <span class='ocr_line' id='line_1_9' title="bbox 135 1758 1208 1843; baseline -0.002 -11"><span class='ocrx_word' id='word_1_58' title='bbox 135 1759 294 1832; x_wconf 78' lang='lat' dir='ltr'><strong>anxietas</strong></span> <span class='ocrx_word' id='word_1_59' title='bbox 311 1768 347 1830; x_wconf 90' lang='lat' dir='ltr'><strong>et</strong></span> <span class='ocrx_word' id='word_1_60' title='bbox 359 1759 456 1830; x_wconf 89' lang='lat' dir='ltr'><strong>labor</strong></span> <span class='ocrx_word' id='word_1_61' title='bbox 468 1758 584 1829; x_wconf 91' lang='lat' dir='ltr'><strong>animi.</strong></span> <span class='ocrx_word' id='word_1_62' title='bbox 599 1760 772 1830; x_wconf 83' lang='lat' dir='ltr'><strong>Caeterum</strong></span> <span class='ocrx_word' id='word_1_63' title='bbox 793 1759 876 1830; x_wconf 82' lang='lat' dir='ltr'><strong>vitae</strong></span> <span class='ocrx_word' id='word_1_64' title='bbox 893 1759 1029 1843; x_wconf 74' lang='lat' dir='ltr'><strong>modus</strong></span> <span class='ocrx_word' id='word_1_65' title='bbox 1049 1759 1117 1830; x_wconf 91' lang='lat' dir='ltr'><strong>nisi</strong></span> <span class='ocrx_word' id='word_1_66' title='bbox 1129 1782 1208 1830; x_wconf 92' lang='lat' dir='ltr'><strong>eum</strong></span> 
     </span>
     <span class='ocr_line' id='line_1_10' title="bbox 135 1881 1209 1978; baseline -0.001 -25"><span class='ocrx_word' id='word_1_67' title='bbox 135 1903 240 1953; x_wconf 86' lang='lat' dir='ltr'><strong>casus</strong></span> <span class='ocrx_word' id='word_1_68' title='bbox 264 1892 325 1952; x_wconf 89' lang='lat' dir='ltr'><strong>aut</strong></span> <span class='ocrx_word' id='word_1_69' title='bbox 349 1884 450 1976; x_wconf 92' lang='lat' dir='ltr'><strong>culpa</strong></span> <span class='ocrx_word' id='word_1_70' title='bbox 475 1881 710 1975; x_wconf 87' lang='lat' dir='ltr'><strong>praesecuerit,</strong></span> <span class='ocrx_word' id='word_1_71' title='bbox 738 1882 831 1954; x_wconf 90' lang='lat' dir='ltr'><strong>idem</strong></span> <span class='ocrx_word' id='word_1_72' title='bbox 857 1882 1106 1978; x_wconf 79' lang='lat' dir='ltr'>propemodum</span> <span class='ocrx_word' id='word_1_73' title='bbox 1132 1904 1209 1976; x_wconf 89' lang='lat' dir='ltr'><strong>per-</strong></span> 
     </span>
     <span class='ocr_line' id='line_1_11' title="bbox 134 2004 1210 2100; baseline 0.001 -25"><span class='ocrx_word' id='word_1_74' title='bbox 134 2014 263 2088; x_wconf 90' lang='lat' dir='ltr'><strong>manet,</strong></span> <span class='ocrx_word' id='word_1_75' title='bbox 285 2004 344 2097; x_wconf 93' lang='lat' dir='ltr'><strong>qui</strong></span> <span class='ocrx_word' id='word_1_76' title='bbox 366 2005 622 2099; x_wconf 79' lang='lat' dir='ltr'><strong>psalmographi</strong></span> <span class='ocrx_word' id='word_1_77' title='bbox 642 2004 868 2100; x_wconf 81' lang='lat' dir='ltr'><strong>praescriptus</strong></span> <span class='ocrx_word' id='word_1_78' title='bbox 889 2018 944 2077; x_wconf 89' lang='lat' dir='ltr'><strong>est</strong></span> <span class='ocrx_word' id='word_1_79' title='bbox 963 2005 1125 2077; x_wconf 87' lang='lat' dir='ltr'><strong>carmine.</strong></span> <span class='ocrx_word' id='word_1_80' title='bbox 1141 2005 1210 2077; x_wconf 90' lang='lat' dir='ltr'><strong>Sed</strong></span> 
     </span>
     <span class='ocr_line' id='line_1_12' title="bbox 135 2127 1208 2221; baseline -0.001 -22"><span class='ocrx_word' id='word_1_81' title='bbox 135 2128 296 2220; x_wconf 88' lang='lat' dir='ltr'><strong>quoniam</strong></span> <span class='ocrx_word' id='word_1_82' title='bbox 315 2137 374 2198; x_wconf 89' lang='lat' dir='ltr'><strong>tua</strong></span> <span class='ocrx_word' id='word_1_83' title='bbox 393 2150 448 2199; x_wconf 91' lang='lat' dir='ltr'><strong>me</strong></span> <span class='ocrx_word' id='word_1_84' title='bbox 464 2129 624 2221; x_wconf 80' lang='lat' dir='ltr'><strong>religiosa</strong></span> <span class='ocrx_word' id='word_1_85' title='bbox 645 2127 815 2200; x_wconf 90' lang='lat' dir='ltr'><strong>modestia</strong></span> <span class='ocrx_word' id='word_1_86' title='bbox 832 2138 963 2199; x_wconf 89' lang='lat' dir='ltr'><strong>certum</strong></span> <span class='ocrx_word' id='word_1_87' title='bbox 981 2128 1069 2212; x_wconf 79' lang='lat' dir='ltr'><strong>lacit,</strong></span> <span class='ocrx_word' id='word_1_88' title='bbox 1089 2148 1157 2198; x_wconf 93' lang='lat' dir='ltr'><strong>non</strong></span> <span class='ocrx_word' id='word_1_89' title='bbox 1176 2137 1208 2198; x_wconf 86' lang='lat' dir='ltr'><strong>te</strong></span> 
     </span>
     <span class='ocr_line' id='line_1_13' title="bbox 134 2250 1206 2345; baseline -0.003 -23"><span class='ocrx_word' id='word_1_90' title='bbox 134 2271 240 2322; x_wconf 89' lang='lat' dir='ltr'><strong>canos</strong></span> <span class='ocrx_word' id='word_1_91' title='bbox 256 2251 420 2343; x_wconf 81' lang='lat' dir='ltr'><strong>conqueri</strong></span> <span class='ocrx_word' id='word_1_92' title='bbox 443 2250 543 2343; x_wconf 84' lang='lat' dir='ltr'><strong>(quos</strong></span> <span class='ocrx_word' id='word_1_93' title='bbox 563 2250 678 2344; x_wconf 91' lang='lat' dir='ltr'><strong>potins</strong></span> <span class='ocrx_word' id='word_1_94' title='bbox 695 2251 868 2345; x_wconf 88' lang='lat' dir='ltr'><strong>amplecti,</strong></span> <span class='ocrx_word' id='word_1_95' title='bbox 887 2250 954 2322; x_wconf 91' lang='lat' dir='ltr'><strong>etsi</strong></span> <span class='ocrx_word' id='word_1_96' title='bbox 972 2250 1206 2343; x_wconf 86' lang='lat' dir='ltr'><strong>intempestivi</strong></span> 
     </span>
     <span class='ocr_line' id='line_1_14' title="bbox 134 2372 1208 2465; baseline 0 -21"><span class='ocrx_word' id='word_1_97' title='bbox 134 2382 264 2457; x_wconf 89' lang='lat' dir='ltr'><strong>essent,</strong></span> <span class='ocrx_word' id='word_1_98' title='bbox 288 2395 328 2443; x_wconf 87' lang='lat' dir='ltr'><strong>ac</strong></span> <span class='ocrx_word' id='word_1_99' title='bbox 352 2372 506 2464; x_wconf 82' lang='lat' dir='ltr'><strong>gaudere</strong></span> <span class='ocrx_word' id='word_1_100' title='bbox 527 2393 596 2443; x_wconf 93' lang='lat' dir='ltr'><strong>nou</strong></span> <span class='ocrx_word' id='word_1_101' title='bbox 615 2372 748 2456; x_wconf 88' lang='lat' dir='ltr'><strong>dubito,</strong></span> <span class='ocrx_word' id='word_1_102' title='bbox 772 2373 810 2456; x_wconf 86' lang='lat' dir='ltr'><strong>si,</strong></span> <span class='ocrx_word' id='word_1_103' title='bbox 829 2374 924 2465; x_wconf 94' lang='lat' dir='ltr'><strong>quod</strong></span> <span class='ocrx_word' id='word_1_104' title='bbox 948 2373 1123 2446; x_wconf 78' lang='lat' dir='ltr'><strong>stilichoni</strong></span> <span class='ocrx_word' id='word_1_105' title='bbox 1144 2395 1208 2444; x_wconf 95' lang='lat' dir='ltr'><strong>suo</strong></span> 
     </span>
     <span class='ocr_line' id='line_1_15' title="bbox 134 2471 824 2580; baseline 0.003 -15"><span class='ocrx_word' id='word_1_106' title='bbox 134 2495 342 2567; x_wconf 88' lang='lat' dir='ltr'><strong>Claudianus</strong></span> <span class='ocrx_word' id='word_1_107' title='bbox 363 2494 530 2580; x_wconf 82' lang='lat' dir='ltr'><strong>attribuit,</strong></span> <span class='ocrx_word' id='word_1_108' title='bbox 820 2471 824 2479; x_wconf 37' lang='lat'>¹</span> 
     </span>
    </p>
   </div>
   <div class='ocr_carea' id='block_1_3' title="bbox 291 2692 974 2872">
    <p class='ocr_par' dir='ltr' id='par_1_3' title="bbox 291 2692 974 2872">
     <span class='ocr_line' id='line_1_16' title="bbox 571 2692 974 2759; baseline 0.005 -5"><span class='ocrx_word' id='word_1_109' title='bbox 571 2692 677 2756; x_wconf 84' lang='lat' dir='ltr'><strong>Vultus</strong></span> <span class='ocrx_word' id='word_1_110' title='bbox 695 2695 808 2758; x_wconf 88' lang='lat' dir='ltr'><strong>lactura</strong></span> <span class='ocrx_word' id='word_1_111' title='bbox 825 2696 974 2759; x_wconf 89' lang='lat' dir='ltr'><strong>verendos</strong></span> 
     </span>
     <span class='ocr_line' id='line_1_17' title="bbox 291 2791 678 2872; baseline -0.003 -16"><span class='ocrx_word' id='word_1_112' title='bbox 291 2791 420 2856; x_wconf 84' lang='lat' dir='ltr'><strong>Canities</strong></span> <span class='ocrx_word' id='word_1_113' title='bbox 436 2792 542 2856; x_wconf 86' lang='lat' dir='ltr'><strong>lestiua</strong></span> <span class='ocrx_word' id='word_1_114' title='bbox 560 2792 678 2872; x_wconf 81' lang='lat' dir='ltr'><strong>veuit),</strong></span> 
     </span>
    </p>
   </div>
   <div class='ocr_carea' id='block_1_4' title="bbox 132 2998 1206 3830">
    <p class='ocr_par' dir='ltr' id='par_1_4' title="bbox 132 2998 1206 3830">
     <span class='ocr_line' id='line_1_18' title="bbox 137 2998 1203 3090; baseline 0.004 -25"><span class='ocrx_word' id='word_1_115' title='bbox 137 3017 255 3066; x_wconf 90' lang='lat' dir='ltr'><strong>verum</strong></span> <span class='ocrx_word' id='word_1_116' title='bbox 275 2998 342 3066; x_wconf 90' lang='lat' dir='ltr'><strong>alia</strong></span> <span class='ocrx_word' id='word_1_117' title='bbox 361 2998 524 3090; x_wconf 85' lang='lat' dir='ltr'><strong>quaedam</strong></span> <span class='ocrx_word' id='word_1_118' title='bbox 551 2999 740 3070; x_wconf 89' lang='lat' dir='ltr'><strong>senectutis</strong></span> <span class='ocrx_word' id='word_1_119' title='bbox 773 2999 989 3071; x_wconf 87' lang='lat' dir='ltr'><strong>incommoda</strong></span> <span class='ocrx_word' id='word_1_120' title='bbox 1014 3001 1203 3084; x_wconf 89' lang='lat' dir='ltr'><strong>lamentari,</strong></span> 
     </span>
     <span class='ocr_line' id='line_1_19' title="bbox 133 3120 1204 3216; baseline 0.002 -26"><span class='ocrx_word' id='word_1_121' title='bbox 133 3141 213 3210; x_wconf 85' lang='lat' dir='ltr'><strong>quae</strong></span> <span class='ocrx_word' id='word_1_122' title='bbox 236 3122 335 3214; x_wconf 88' lang='lat' dir='ltr'><strong>plura</strong></span> <span class='ocrx_word' id='word_1_123' title='bbox 360 3121 452 3214; x_wconf 86' lang='lat' dir='ltr'><strong>apud</strong></span> <span class='ocrx_word' id='word_1_124' title='bbox 488 3120 588 3205; x_wconf 67' lang='lat' dir='ltr'><strong>alios</strong></span> <span class='ocrx_word' id='word_1_125' title='bbox 623 3121 716 3216; x_wconf 86' lang='lat' dir='ltr'><strong>apud</strong></span> <span class='ocrx_word' id='word_1_126' title='bbox 742 3121 887 3192; x_wconf 85' lang='lat' dir='ltr'><strong>Tullium</strong></span> <span class='ocrx_word' id='word_1_127' title='bbox 927 3131 1009 3191; x_wconf 91' lang='lat' dir='ltr'><strong>sunt</strong></span> <span class='ocrx_word' id='word_1_128' title='bbox 1041 3132 1204 3214; x_wconf 88' lang='lat' dir='ltr'><strong>quatuor:</strong></span> 
     </span>
     <span class='ocr_line' id='line_1_20' title="bbox 133 3228 1206 3335; baseline 0.008 -26"><span class='ocrx_word' id='word_1_129' title='bbox 133 3241 323 3313; x_wconf 91' lang='lat' dir='ltr'><strong>imminutio</strong></span> <span class='ocrx_word' id='word_1_130' title='bbox 342 3228 483 3326; x_wconf 87' lang='lat' dir='ltr'><strong>virium,</strong></span> <span class='ocrx_word' id='word_1_131' title='bbox 519 3243 677 3315; x_wconf 91' lang='lat' dir='ltr'><strong>avocatio</strong></span> <span class='ocrx_word' id='word_1_132' title='bbox 709 3243 855 3315; x_wconf 89' lang='lat' dir='ltr'><strong>arebus</strong></span> <span class='ocrx_word' id='word_1_133' title='bbox 888 3243 1064 3335; x_wconf 82' lang='lat' dir='ltr'><strong>gerendis,</strong></span> <span class='ocrx_word' id='word_1_134' title='bbox 1087 3243 1206 3318; x_wconf 87' lang='lat' dir='ltr'><strong>adem-</strong></span> 
     </span>
     <span class='ocr_line' id='line_1_21' title="bbox 134 3364 1206 3461; baseline 0.007 -27"><span class='ocrx_word' id='word_1_135' title='bbox 134 3364 205 3455; x_wconf 92' lang='lat' dir='ltr'><strong>ptio</strong></span> <span class='ocrx_word' id='word_1_136' title='bbox 218 3367 446 3457; x_wconf 85' lang='lat' dir='ltr'><strong>voluptatum,</strong></span> <span class='ocrx_word' id='word_1_137' title='bbox 462 3365 652 3461; x_wconf 90' lang='lat' dir='ltr'><strong>mortisque</strong></span> <span class='ocrx_word' id='word_1_138' title='bbox 666 3366 838 3450; x_wconf 89' lang='lat' dir='ltr'><strong>vicinitas;</strong></span> <span class='ocrx_word' id='word_1_139' title='bbox 857 3369 964 3439; x_wconf 89' lang='lat' dir='ltr'><strong>multa</strong></span> <span class='ocrx_word' id='word_1_140' title='bbox 981 3368 1122 3461; x_wconf 88' lang='lat' dir='ltr'><strong>quidem</strong></span> <span class='ocrx_word' id='word_1_141' title='bbox 1140 3368 1206 3441; x_wconf 90' lang='lat' dir='ltr'><strong>hoc</strong></span> 
     </span>
     <span class='ocr_line' id='line_1_22' title="bbox 133 3485 1206 3583; baseline 0.007 -29"><span class='ocrx_word' id='word_1_142' title='bbox 133 3487 209 3556; x_wconf 91' lang='lat' dir='ltr'><strong>loco</strong></span> <span class='ocrx_word' id='word_1_143' title='bbox 237 3485 272 3555; x_wconf 92' lang='lat' dir='ltr'><strong>in</strong></span> <span class='ocrx_word' id='word_1_144' title='bbox 297 3497 391 3557; x_wconf 90' lang='lat' dir='ltr'><strong>tuam</strong></span> <span class='ocrx_word' id='word_1_145' title='bbox 421 3488 690 3561; x_wconf 90' lang='lat' dir='ltr'><strong>consolationem</strong></span> <span class='ocrx_word' id='word_1_146' title='bbox 716 3488 782 3561; x_wconf 91' lang='lat' dir='ltr'><strong>dici</strong></span> <span class='ocrx_word' id='word_1_147' title='bbox 801 3499 959 3583; x_wconf 88' lang='lat' dir='ltr'><strong>possent:</strong></span> <span class='ocrx_word' id='word_1_148' title='bbox 995 3490 1058 3561; x_wconf 92' lang='lat' dir='ltr'><strong>sed</strong></span> <span class='ocrx_word' id='word_1_149' title='bbox 1085 3511 1158 3561; x_wconf 93' lang='lat' dir='ltr'><strong>rem</strong></span> <span class='ocrx_word' id='word_1_150' title='bbox 1184 3512 1206 3561; x_wconf 89' lang='lat' dir='ltr'><strong>a</strong></span> 
     </span>
     <span class='ocr_line' id='line_1_23' title="bbox 134 3608 1204 3697; baseline 0.005 -21"><span class='ocrx_word' id='word_1_151' title='bbox 134 3608 242 3679; x_wconf 91' lang='lat' dir='ltr'><strong>Tullio</strong></span> <span class='ocrx_word' id='word_1_152' title='bbox 254 3631 299 3681; x_wconf 81' lang='lat' dir='ltr'><strong>ex</strong></span> <span class='ocrx_word' id='word_1_153' title='bbox 313 3610 500 3684; x_wconf 90' lang='lat' dir='ltr'><strong>intentione</strong></span> <span class='ocrx_word' id='word_1_154' title='bbox 516 3622 694 3686; x_wconf 88' lang='lat' dir='ltr'><strong>tractatam</strong></span> <span class='ocrx_word' id='word_1_155' title='bbox 707 3614 877 3697; x_wconf 86' lang='lat' dir='ltr'><strong>refricare,</strong></span> <span class='ocrx_word' id='word_1_156' title='bbox 893 3613 1078 3684; x_wconf 88' lang='lat' dir='ltr'><strong>temeritas.</strong></span> <span class='ocrx_word' id='word_1_157' title='bbox 1089 3610 1204 3682; x_wconf 88' lang='lat' dir='ltr'><strong>Habes</strong></span> 
     </span>
     <span class='ocr_line' id='line_1_24' title="bbox 132 3729 1203 3830; baseline 0.002 -31"><span class='ocrx_word' id='word_1_158' title='bbox 132 3729 207 3800; x_wconf 92' lang='lat' dir='ltr'><strong>eius</strong></span> <span class='ocrx_word' id='word_1_159' title='bbox 228 3730 273 3803; x_wconf 90' lang='lat' dir='ltr'><strong>de</strong></span> <span class='ocrx_word' id='word_1_160' title='bbox 293 3733 477 3806; x_wconf 85' lang='lat' dir='ltr'><strong>Senectute</strong></span> <span class='ocrx_word' id='word_1_161' title='bbox 498 3736 638 3820; x_wconf 89' lang='lat' dir='ltr'><strong>bbrum,</strong></span> <span class='ocrx_word' id='word_1_162' title='bbox 665 3735 724 3830; x_wconf 93' lang='lat' dir='ltr'><strong>qui</strong></span> <span class='ocrx_word' id='word_1_163' title='bbox 758 3735 955 3807; x_wconf 88' lang='lat' dir='ltr'><strong>inscribitur</strong></span> <span class='ocrx_word' id='word_1_164' title='bbox 987 3732 1067 3804; x_wconf 83' lang='lat' dir='ltr'><strong>Coto</strong></span> <span class='ocrx_word' id='word_1_165' title='bbox 1083 3735 1203 3814; x_wconf 81' lang='lat' dir='ltr'><strong>mci0r3</strong></span> 
     </span>
    </p>
   </div>
   <div class='ocr_carea' id='block_1_5' title="bbox 131 3855 1333 3953">
    <p class='ocr_par' dir='ltr' id='par_1_5' title="bbox 131 3855 1333 3953">
     <span class='ocr_line' id='line_1_25' title="bbox 131 3855 1333 3953; baseline 0.002 -31"><span class='ocrx_word' id='word_1_166' title='bbox 131 3873 200 3944; x_wconf 94' lang='lat' dir='ltr'><strong>quo</strong></span> <span class='ocrx_word' id='word_1_167' title='bbox 229 3856 332 3939; x_wconf 90' lang='lat' dir='ltr'><strong>lecto,</strong></span> <span class='ocrx_word' id='word_1_168' title='bbox 368 3856 450 3927; x_wconf 93' lang='lat' dir='ltr'><strong>nihil</strong></span> <span class='ocrx_word' id='word_1_169' title='bbox 468 3858 534 3929; x_wconf 88' lang='lat' dir='ltr'><strong>erit</strong></span> <span class='ocrx_word' id='word_1_170' title='bbox 567 3859 662 3952; x_wconf 92' lang='lat' dir='ltr'><strong>quod</strong></span> <span class='ocrx_word' id='word_1_171' title='bbox 681 3859 838 3953; x_wconf 89' lang='lat' dir='ltr'><strong>requiras</strong></span> <span class='ocrx_word' id='word_1_172' title='bbox 857 3855 1020 3951; x_wconf 91' lang='lat' dir='ltr'><strong>amplius,</strong></span> <span class='ocrx_word' id='word_1_173' title='bbox 1055 3865 1093 3926; x_wconf 97' lang='lat' dir='ltr'><strong>ut</strong></span> <span class='ocrx_word' id='word_1_174' title='bbox 1117 3875 1202 3941; x_wconf 91' lang='lat' dir='ltr'><strong>reor,</strong></span> <span class='ocrx_word' id='word_1_175' title='bbox 1331 3922 1333 3926; x_wconf 12' lang='grc' dir='ltr'><em>Α</em></span> 
     </span>
    </p>
   </div>
   <div class='ocr_carea' id='block_1_6' title="bbox 130 3955 1204 4192">
    <p class='ocr_par' dir='ltr' id='par_1_6' title="bbox 130 3955 1204 4192">
     <span class='ocr_line' id='line_1_26' title="bbox 130 3955 1204 4073; baseline 0.003 -29"><span class='ocrx_word' id='word_1_176' title='bbox 130 3955 283 4070; x_wconf 85' lang='lat' dir='ltr'><strong>nihilque</strong></span> <span class='ocrx_word' id='word_1_177' title='bbox 303 3979 398 4073; x_wconf 93' lang='lat' dir='ltr'><strong>quod</strong></span> <span class='ocrx_word' id='word_1_178' title='bbox 418 4003 487 4053; x_wconf 93' lang='lat' dir='ltr'><strong>uon</strong></span> <span class='ocrx_word' id='word_1_179' title='bbox 504 3981 608 4054; x_wconf 93' lang='lat' dir='ltr'><strong>modo</strong></span> <span class='ocrx_word' id='word_1_180' title='bbox 628 4005 696 4053; x_wconf 93' lang='lat' dir='ltr'><strong>nou</strong></span> <span class='ocrx_word' id='word_1_181' title='bbox 715 3985 909 4064; x_wconf 90' lang='lat' dir='ltr'><strong>molestam,</strong></span> <span class='ocrx_word' id='word_1_182' title='bbox 930 3980 992 4051; x_wconf 91' lang='lat' dir='ltr'><strong>sed</strong></span> <span class='ocrx_word' id='word_1_183' title='bbox 1014 3999 1082 4049; x_wconf 92' lang='lat' dir='ltr'><strong>uon</strong></span> <span class='ocrx_word' id='word_1_184' title='bbox 1102 3979 1204 4070; x_wconf 88' lang='lat' dir='ltr'><strong>plane</strong></span> 
     </span>
     <span class='ocr_line' id='line_1_27' title="bbox 130 4099 1203 4192; baseline 0.006 -28"><span class='ocrx_word' id='word_1_185' title='bbox 130 4099 366 4186; x_wconf 80' lang='lat' dir='ltr'><strong>gratissimam</strong></span> <span class='ocrx_word' id='word_1_186' title='bbox 391 4112 604 4175; x_wconf 85' lang='lat' dir='ltr'><strong>senectutem</strong></span> <span class='ocrx_word' id='word_1_187' title='bbox 631 4104 733 4175; x_wconf 90' lang='lat' dir='ltr'><strong>laciat</strong></span> <span class='ocrx_word' id='word_1_188' title='bbox 759 4100 828 4172; x_wconf 94' lang='lat' dir='ltr'><strong>tibi.</strong></span> <span class='ocrx_word' id='word_1_189' title='bbox 851 4100 937 4170; x_wconf 92' lang='lat' dir='ltr'><strong>Nam</strong></span> <span class='ocrx_word' id='word_1_190' title='bbox 964 4109 1132 4192; x_wconf 92' lang='lat' dir='ltr'><strong>quantum</strong></span> <span class='ocrx_word' id='word_1_191' title='bbox 1158 4099 1203 4170; x_wconf 90' lang='lat' dir='ltr'><strong>ad</strong></span> 
     </span>
    </p>
   </div>
   <div class='ocr_carea' id='block_1_7' title="bbox 128 4219 1204 4686">
    <p class='ocr_par' dir='ltr' id='par_1_7' title="bbox 128 4219 1204 4686">
     <span class='ocr_line' id='line_1_28' title="bbox 129 4219 1202 4321; baseline 0.005 -33"><span class='ocrx_word' id='word_1_192' title='bbox 129 4219 337 4293; x_wconf 88' lang='lat' dir='ltr'><strong>celeritatem</strong></span> <span class='ocrx_word' id='word_1_193' title='bbox 363 4225 656 4321; x_wconf 89' lang='lat' dir='ltr'><strong>anticipatumque</strong></span> <span class='ocrx_word' id='word_1_194' title='bbox 681 4235 818 4318; x_wconf 86' lang='lat' dir='ltr'><strong>tempus</strong></span> <span class='ocrx_word' id='word_1_195' title='bbox 843 4222 980 4305; x_wconf 89' lang='lat' dir='ltr'><strong>attinet,</strong></span> <span class='ocrx_word' id='word_1_196' title='bbox 1004 4223 1069 4294; x_wconf 91' lang='lat' dir='ltr'><strong>hoc</strong></span> <span class='ocrx_word' id='word_1_197' title='bbox 1095 4245 1202 4293; x_wconf 89' lang='lat' dir='ltr'><strong>uuum</strong></span> 
     </span>
     <span class='ocr_line' id='line_1_29' title="bbox 129 4338 1200 4439; baseline 0.007 -28"><span class='ocrx_word' id='word_1_198' title='bbox 129 4338 290 4413; x_wconf 87' lang='lat' dir='ltr'><strong>dixerim.</strong></span> <span class='ocrx_word' id='word_1_199' title='bbox 306 4346 400 4417; x_wconf 91' lang='lat' dir='ltr'><strong>Sicut</strong></span> <span class='ocrx_word' id='word_1_200' title='bbox 412 4349 503 4417; x_wconf 91' lang='lat' dir='ltr'><strong>enim</strong></span> <span class='ocrx_word' id='word_1_201' title='bbox 526 4347 736 4439; x_wconf 88' lang='lat' dir='ltr'><strong>ubicumque</strong></span> <span class='ocrx_word' id='word_1_202' title='bbox 752 4367 845 4416; x_wconf 91' lang='lat' dir='ltr'><strong>mors</strong></span> <span class='ocrx_word' id='word_1_203' title='bbox 864 4345 1024 4430; x_wconf 86' lang='lat' dir='ltr'><strong>occurrit,</strong></span> <span class='ocrx_word' id='word_1_204' title='bbox 1041 4354 1200 4419; x_wconf 89' lang='lat' dir='ltr'><strong>senectus</strong></span> 
     </span>
     <span class='ocr_line' id='line_1_30' title="bbox 128 4467 1204 4565; baseline 0.007 -31"><span class='ocrx_word' id='word_1_205' title='bbox 128 4476 184 4535; x_wconf 89' lang='lat' dir='ltr'><strong>cst</strong></span> <span class='ocrx_word' id='word_1_206' title='bbox 197 4478 317 4539; x_wconf 91' lang='lat' dir='ltr'><strong>nostra</strong></span> <span class='ocrx_word' id='word_1_207' title='bbox 334 4468 440 4562; x_wconf 82' lang='lat' dir='ltr'><strong>(quod</strong></span> <span class='ocrx_word' id='word_1_208' title='bbox 452 4468 662 4543; x_wconf 87' lang='lat' dir='ltr'><strong>doctissimis</strong></span> <span class='ocrx_word' id='word_1_209' title='bbox 683 4468 769 4543; x_wconf 89' lang='lat' dir='ltr'><strong>viris</strong></span> <span class='ocrx_word' id='word_1_210' title='bbox 785 4467 920 4565; x_wconf 76' lang='lat' dir='ltr'><strong>placet),</strong></span> <span class='ocrx_word' id='word_1_211' title='bbox 939 4469 990 4543; x_wconf 91' lang='lat' dir='ltr'><strong>sic</strong></span> <span class='ocrx_word' id='word_1_212' title='bbox 1007 4468 1121 4543; x_wconf 89' lang='lat' dir='ltr'><strong>ubivis</strong></span> <span class='ocrx_word' id='word_1_213' title='bbox 1140 4469 1204 4544; x_wconf 90' lang='lat' dir='ltr'><strong>de-</strong></span> 
     </span>
     <span class='ocr_line' id='line_1_31' title="bbox 129 4583 1203 4686; baseline 0.007 -31"><span class='ocrx_word' id='word_1_214' title='bbox 129 4583 244 4659; x_wconf 84' lang='lat' dir='ltr'><strong>bilitas</strong></span> <span class='ocrx_word' id='word_1_215' title='bbox 257 4593 412 4686; x_wconf 88' lang='lat' dir='ltr'><strong>corporis</strong></span> <span class='ocrx_word' id='word_1_216' title='bbox 425 4593 570 4679; x_wconf 85' lang='lat' dir='ltr'><strong>alluerit,</strong></span> <span class='ocrx_word' id='word_1_217' title='bbox 585 4604 748 4668; x_wconf 85' lang='lat' dir='ltr'><strong>senectus</strong></span> <span class='ocrx_word' id='word_1_218' title='bbox 760 4603 879 4668; x_wconf 86' lang='lat' dir='ltr'><strong>nostra</strong></span> <span class='ocrx_word' id='word_1_219' title='bbox 890 4605 954 4667; x_wconf 89' lang='lat' dir='ltr'><strong>est.</strong></span> <span class='ocrx_word' id='word_1_220' title='bbox 968 4594 1056 4669; x_wconf 90' lang='lat' dir='ltr'><strong>Nam</strong></span> <span class='ocrx_word' id='word_1_221' title='bbox 1070 4605 1107 4667; x_wconf 97' lang='lat' dir='ltr'><strong>ut</strong></span> <span class='ocrx_word' id='word_1_222' title='bbox 1120 4591 1203 4663; x_wconf 87' lang='lat' dir='ltr'><strong>vitae</strong></span> 
     </span>
    </p>
   </div>
   <div class='ocr_carea' id='block_1_8' title="bbox 0 0 1350 5024">
    <p class='ocr_par' dir='ltr' id='par_1_8' title="bbox 0 0 1350 5024">
     <span class='ocr_line' id='line_1_32' title="bbox 0 0 1350 5024; baseline 0 2"><span class='ocrx_word' id='word_1_223' title='bbox 0 0 1350 5024; x_wconf 95' lang='lat' dir='ltr'><strong> </strong></span> 
     </span>
    </p>
   </div>
  </div>
 </body>
</html>
