2692 5024
133 696 192 758 3'ld
469 706 511 755 llll
532 702 633 754 REBUS
654 702 879 753 remittimus

133 854 202 948 gis,
234 861 270 924 at
294 854 418 924 saltem
444 853 545 923 lamae
571 869 659 921 meae
688 850 842 921 consule.
874 848 952 921 Scis
972 862 1104 942 quanta
1135 854 1222 925 mihi

133 975 333 1072 impendeat
359 977 523 1072 procella,
546 984 687 1067 quanta,
710 971 741 1044 si
760 971 828 1044 labi
853 973 1018 1066 caeperis,
1049 972 1085 1045 in
1114 989 1222 1070 caput

133 1122 251 1174 meum
285 1098 576 1194 reprehensorum
613 1095 714 1167 turba
741 1096 928 1192 conspiret.
962 1096 1115 1170 Proinde
1142 1096 1221 1169 dum

134 1236 260 1319 tempos
284 1234 331 1294 est
353 1221 408 1317 (ut
423 1220 651 1293 Terentianus
677 1219 826 1311 loquitur
850 1218 1096 1314 adolescens),
1124 1222 1221 1293 etiem

133 1358 231 1439 atque
259 1347 357 1416 etium
387 1347 504 1434 capito.
538 1344 784 1439 Circumspice,
814 1364 889 1427 oro,
924 1365 1069 1417 summo
1107 1344 1219 1419 studio

133 1469 220 1564 quid
243 1488 352 1560 agas3
376 1477 503 1539 excute
527 1467 654 1539 acriter
673 1478 708 1538 te
727 1465 863 1559 ipsum;
892 1467 1064 1538 examina
1090 1478 1230 1555 tecum,-

134 1614 199 1665 neo
223 1600 257 1661 te
282 1591 394 1674 salas,
429 1590 489 1681 qni
523 1589 586 1676 sis,
613 1588 673 1683 qui
698 1587 818 1681 fueris,
840 1589 947 1674 unde,
967 1611 1044 1684 quo
1063 1594 1213 1677 veneris,

133 1736 316 1809 quorsum,
344 1713 512 1785 inoffensa
545 1711 715 1798 libertate,
746 1711 910 1807 progredi
933 1714 987 1783 fas
1013 1713 1087 1785 sit:
1120 1737 1214 1811 quam

133 1858 317 1933 personam
348 1835 517 1921 indueris,
544 1836 639 1930 quod
670 1857 797 1907 nomen
828 1837 1093 1931 assumpseris,
1122 1860 1214 1935 quam

134 1983 231 2058 spem
253 1962 303 2032 tui
322 1959 460 2046 leceris,
482 1959 567 2054 quid
587 1960 766 2055 professus
786 1957 905 2030 fueris.
927 1958 1083 2032 Videbis
1103 1971 1140 2035 te
1158 1984 1209 2035 non

133 2083 311 2156 dominum
331 2082 557 2179 Reipublicae,
581 2082 643 2154 sed
660 2081 867 2153 ministrum.
887 2081 985 2152 Vale.

275 2228 380 2296 lanum,
397 2227 437 2282 lll
453 2227 514 2282 Kal.
531 2224 700 2283 Decembris.

542 2618 718 2682 EPlS'l'OLll
740 2619 806 2682 Vlll.

250 2800 441 2849 Fnauctsctts
464 2801 630 2849 Pertinet
659 2799 790 2850 lOlldNNl
813 2801 951 2851 inerma
974 2803 1001 2851 S.
1023 2807 1054 2854 Ρ.
1074 2808 1105 2854 Ι).

465 2967 626 3022 Gratulatur
639 2967 674 3021 do
691 2967 763 3022 bono
777 2973 887 3026 eventu.

232 3189 354 3259 Omnia
379 3197 495 3282 optato
527 3187 749 3279 proveniunt,
784 3185 901 3256 amice.
934 3185 1103 3259 Gratulor
1137 3211 1212 3282 ergo

131 3312 286 3382 liberatae
303 3311 438 3402 patriae,
457 3308 647 3405 principum
670 3317 865 3380 nostrorum
886 3307 1022 3399 gloriae,
1050 3312 1212 3406 tranquil-

132 3435 217 3506 litati
235 3433 379 3518 oivium,
400 3433 577 3525 roligionis
592 3444 791 3526 augmento,
810 3431 957 3527 publicae
974 3432 1127 3519 laetitiae,
1149 3435 1213 3506 sin-

131 3559 297 3652 gulariter
317 3557 438 3629 honori
465 3568 535 3641 tuo,
558 3556 657 3627 cuius
682 3554 841 3626 manibus
867 3553 1014 3625 turbidae
1044 3555 1212 3628 hactenus

130 3695 167 3756 et
187 3681 381 3755 tenebrosae
405 3680 481 3751 urbi
507 3681 632 3752 blanda
660 3681 827 3751 serenitas
854 3690 890 3749 ct
920 3700 989 3771 pax
1023 3680 1212 3771 praedulcis

131 3808 315 3879 invehitur.
338 3804 462 3876 Votivo
491 3823 629 3895 qunque
647 3801 826 3873 successui
851 3801 1072 3872 familiarium
1095 3824 1212 3874 rerum

131 3940 267 4002 tuarum
289 3930 453 4022 gratulor.
475 3927 657 3997 Perrarum
679 3936 733 3996 cst
757 3937 795 3996 ut
821 3928 899 3998 laeta
917 3926 1097 3997 cumulate
1126 3926 1212 3998 acci-

130 4053 228 4134 dent,
263 4051 346 4144 quin
379 4053 524 4121 fortunae
558 4050 671 4121 dulcia
703 4069 839 4144 semper
871 4048 1054 4119 immixtus
1086 4047 1211 4144 aliquis

130 4197 267 4248 amaror
287 4173 424 4246 inliciat.
445 4173 491 4245 At
512 4173 700 4266 siquando
722 4172 821 4265 plene
845 4169 992 4266 propitia
1013 4191 1099 4243 esse
1120 4174 1209 4253 vult,

130 4316 174 4366 er
213 4296 443 4368 amaritudine
477 4318 593 4367 rerum
631 4296 706 4388 ipsa
740 4291 957 4364 dulcedinem
995 4292 1209 4389 insperatam

131 4417 226 4487 miris
254 4419 364 4489 modis
390 4420 486 4489 norit
510 4419 644 4490 elicere.
668 4419 768 4511 Smpo
797 4415 903 4507 igilur
934 4416 1023 4488 dura
1051 4419 1211 4490 molliens

130 4549 163 4607 ot
189 4538 385 4620 inflectens,
420 4561 500 4631 qum
529 4543 639 4612 tristia
664 4539 885 4619 videbantur,
920 4537 1025 4610 vertit.
1057 4539 1096 4612 in
1127 4562 1212 4635 gau-
