2692 5024
510 619 553 667 ult
574 620 675 671 RBBUS
696 620 930 671 scoturninus-

594 880 769 945 uulsloln
795 883 840 946 xl.

280 1088 473 1140 snnncrscus
492 1088 661 1138 perannat
680 1089 796 1138 mcouo
813 1088 1012 1140 unssnnausr
1029 1093 1056 1141 s
1074 1092 1102 1142 r.
1123 1095 1155 1142 n.

485 1276 525 1331 De
538 1282 628 1331 morte
643 1277 756 1332 Thomae
767 1278 861 1332 fratris
874 1278 944 1333 eius.

268 1500 350 1570 Post
376 1499 541 1569 Thomam
560 1520 690 1582 meum,
705 1500 823 1584 sateor,
838 1498 926 1569 mori
944 1498 1048 1583 volui,
1067 1520 1134 1571 noc
1151 1502 1260 1594 potui.

171 1621 324 1714 Speravi,
346 1621 409 1692 sed
429 1622 550 1692 elusus
572 1643 661 1692 sum.
688 1622 759 1693 Noc
784 1623 904 1713 ignoro
925 1620 1023 1714 qnid,
1051 1622 1082 1693 si
1107 1622 1178 1695 hoc
1198 1647 1262 1698 au-

169 1745 257 1829 diat,
281 1764 513 1837 responsurus
540 1744 585 1815 sit
609 1744 765 1817 Annaens
791 1745 941 1815 Seneca:
967 1747 1101 1816 frustra
1126 1747 1261 1821 scilicet

169 1867 280 1963 optari
300 1868 395 1960 quod
415 1868 450 1937 in
469 1888 575 1939 manu
600 1868 752 1963 positum
777 1878 897 1940 nostra
923 1868 977 1939 sit.
1003 1868 1081 1959 Ego
1107 1891 1198 1943 vero
1223 1871 1260 1943 in

169 1991 286 2065 multis
305 1990 457 2063 hominis
477 1991 656 2083 ingenium
677 1990 844 2084 probans,
867 1989 912 2063 ab
932 1989 1055 2062 eodem
1077 2000 1200 2065 tamen
1222 1995 1258 2066 in

170 2115 301 2198 multiS,
320 2125 355 2185 et
374 2115 570 2209 praesertim
591 2116 627 2184 in
646 2114 713 2186 hac
733 2113 901 2208 praecipiti
918 2136 959 2184 ao
977 2117 1164 2188 temeraria
1181 2118 1256 2212 opi-

170 2236 284 2320 nione,
298 2237 485 2320 dissenti03
507 2258 613 2329 quam
634 2259 704 2308 non
724 2238 836 2307 solum
856 2237 998 2321 nostris,
1019 2237 1083 2309 sed
1100 2240 1257 2334 philoso-

169 2360 317 2451 phorum
348 2381 487 2453 quoque
524 2357 702 2449 gentilium
742 2358 946 2429 testimoniis
980 2370 1016 2430 et
1048 2361 1255 2436 auctoritate

168 2481 387 2564 convincere,
401 2502 470 2550 non
483 2500 630 2570 operosa
647 2477 835 2570 disputatio
852 2490 962 2564 osset;
982 2482 1044 2553 sed
1063 2482 1168 2554 modo
1185 2507 1255 2557 non

169 2601 205 2672 id
225 2601 374 2692 agimus.
396 2601 504 2690 lgitur
525 2609 563 2670 ut
582 2600 628 2671 ad
648 2621 720 2671 rem
747 2601 898 2684 veniam,
926 2602 1172 2675 infelicissimis
1196 2631 1255 2679 ru-

169 2721 324 2793 moribus
343 2722 476 2804 affecto,
495 2730 530 2791 et
546 2723 675 2814 optima
692 2722 758 2795 moi
778 2734 874 2815 parte
891 2725 1038 2810 amissa,
1055 2728 1164 2800 vitam
1180 2730 1254 2800 sine

168 2844 226 2918 illo
245 2866 330 2916 vere
351 2843 538 2915 solitariam
555 2854 659 2938 atque
677 2847 818 2917 anxiam
838 2870 971 2941 peroso,
992 2861 1254 2945 peropportuna

168 2969 273 3042 febris
294 2970 416 3054 adluit,
444 2991 513 3061 qua
538 2968 640 3055 duce,
669 2971 770 3041 laetus
798 2972 978 3063 usquead
1006 2974 1121 3065 ipsum
1147 2976 1253 3046 limen

169 3093 288 3163 mortis
313 3089 456 3163 accessi.
491 3090 559 3161 Sed
591 3113 670 3160 oum
705 3092 851 3162 transire
885 3095 1019 3175 vellem,
1055 3094 1091 3164 in
1115 3095 1250 3167 loribus

169 3214 334 3305 scriptum
359 3224 455 3283 erat:
491 3213 558 3283 noli
592 3214 727 3296 adhuc,
762 3215 916 3286 nondum
944 3215 1040 3286 venit
1067 3216 1154 3288 hora
1182 3229 1249 3290 tua.

169 3332 328 3404 Continui
349 3334 509 3424 gradum,
538 3344 573 3403 et
598 3338 760 3428 repulsus
787 3336 876 3422 indo,
906 3350 1054 3409 moestus
1076 3339 1251 3413 advitam

169 3455 263 3527 redii.
289 3452 402 3547 Atque
427 3455 473 3523 ita
501 3477 590 3537 sum,
619 3465 657 3526 ut
681 3457 780 3527 facile
813 3459 1037 3531 cernentibus
1071 3472 1250 3556 appareat,

168 3600 223 3650 me
243 3578 391 3649 invitum
412 3576 544 3648 vivore.
566 3578 656 3650 Vivo
677 3588 807 3663 tamen,
830 3582 924 3673 quod
944 3605 1065 3654 omnes
1092 3596 1254 3657 metuunt

169 3705 263 3772 solus
298 3724 456 3795 sperans
488 3711 523 3771 et
554 3702 708 3772 dolorem
740 3725 855 3773 meum
883 3703 1054 3776 brevitate
1080 3709 1285 3803 consolor.x

168 3826 245 3896 Scio
262 3827 353 3896 enim
367 3825 461 3918 quod
479 3824 561 3895 mihi
579 3847 657 3896 oum
673 3836 781 3896 morte
794 3825 923 3909 soedus,
939 3828 1033 3920 quod
1049 3850 1130 3898 cum
1148 3852 1252 3902 carne

168 3948 423 4019 commercium.
447 3946 583 4018 Utinam
605 3946 654 4017 sic
675 3947 767 4032 mihi,
791 3952 1147 4042 quantulumcumque
1170 3953 1253 4024 vitae

169 4081 344 4162 superest,
360 4070 537 4162 contingat
550 4091 668 4159 agere,
687 4079 725 4139 ut
741 4070 902 4141 omnihus
924 4070 1020 4140 horis
1039 4071 1252 4168 inpromptu

168 4202 204 4262 et
226 4193 276 4286 (ut
296 4193 362 4265 dici
390 4194 489 4288 solet)
518 4193 553 4262 in
580 4205 760 4265 numerato
785 4193 933 4266 habeam
961 4195 1055 4288 quod
1081 4196 1249 4281 debeam3
1319 4229 1320 4233 ¹

171 4313 285 4405 sitque
305 4317 399 4409 quod
418 4318 466 4388 ait
485 4316 690 4390 Psalmista:
713 4318 834 4389 Animo
851 4342 924 4390 tneo
943 4320 980 4389 in
997 4320 1152 4407 manitus
1172 4325 1253 4394 meir

169 4456 304 4526 sottrper.
324 4440 417 4510 Vale.
