2692 5024
580 640 843 690 rnotnuottnttort.
1213 640 1255 688 vrt

174 781 370 857 bibliotheca,
392 795 485 859 quam
511 780 647 843 moriens
673 780 738 859 ipse
764 777 924 856 Murricipio
953 777 1129 855 tergestino
1157 796 1255 842 arinua

172 905 247 951 aum
264 888 334 950 dote
353 884 517 948 liberaliter
537 884 658 963 legauit.
681 882 784 956 Quum
805 898 898 962 porro
920 884 1029 959 multa,
1052 900 1148 962 eaque
1171 885 1256 948 varta

174 992 354 1057 Franciscus
370 990 509 1052 Petraroa
526 989 640 1068 ingenii
657 989 706 1051 sui
720 993 918 1051 monumenta
933 988 1103 1066 reliquerit,
1115 1004 1133 1050 e
1145 988 1257 1067 quibus

175 1099 318 1168 ominibus
335 1096 469 1176 epistolae
481 1101 600 1158 tantum
614 1097 712 1157 soluta
726 1094 862 1156 oratione
873 1093 1061 1173 conscriptae,
1073 1094 1135 1157 imo
1149 1109 1255 1156 earum

176 1220 246 1284 pars
263 1218 324 1265 una
341 1200 437 1263 nostri
453 1200 637 1262 oonstituant
657 1197 769 1261 laborls
789 1198 965 1272 materiam,
988 1213 1039 1259 eos
1061 1204 1179 1262 lantum
1196 1200 1255 1261 edi·

178 1308 275 1370 tiones
287 1306 346 1368 hoc
359 1304 416 1368 loci
429 1304 627 1367 recensendas
638 1310 792 1383 putamus,
805 1318 873 1380 quae
885 1303 934 1364 vel
944 1301 1085 1380 epistolas
1095 1301 1256 1363 seiunctim

175 1412 213 1474 ab
229 1411 298 1473 aliis
313 1407 459 1488 operibus
475 1407 633 1482 exhibent,
653 1407 701 1469 vel
717 1422 768 1468 eas
786 1405 867 1481 aliis,
886 1404 1070 1468 omnibusve
1082 1405 1257 1467 coniunctas

176 1514 427 1594 complectuntur.
444 1512 489 1574 En
507 1511 603 1590 igitur
619 1526 689 1590 quae
706 1512 859 1577 eiusmodi
875 1511 1034 1590 nucusque
1051 1519 1180 1593 peractas
1196 1512 1256 1575 edi·

177 1621 275 1683 tiones
292 1616 381 1683 nobis
398 1619 568 1682 innotuere.

228 1847 249 1899 I.
269 1844 350 1901 1484.
369 1843 447 1916 (Sine
464 1844 549 1916 loeo.)
562 1842 608 1898 Fr.
628 1844 784 1899 Petrerohm
802 1845 941 1917 Epistolae.
959 1847 1041 1901 Hane
1055 1847 1124 1902 citat
1142 1847 1257 1903 Balael·

405 1929 482 1989 lius¹
497 1934 585 2003 (idem
598 1939 734 2003 sequutus
748 1934 914 1988 Maittairii.
928 1932 938 1965 ¹

213 2021 246 2076 ll.
267 2020 346 2076 lm
366 2020 412 2076 Fr.
419 2020 575 2075 Petrnrcbai
584 2019 714 2093 Epistola)
723 2019 892 2077 Familiares.
904 2021 981 2077 Libri
988 2023 1062 2078 VIII.
1076 2025 1187 2079 Glmrta
1199 2025 1256 2081 117

403 2108 552 2179 terpolsoea
561 2107 843 2180 naba:-lmprssso
854 2109 887 2162 in
895 2111 967 2165 urbe
977 2111 1164 2167 Venetiarnm
1174 2115 1258 2185 operi

402 2195 627 2266 pnlonannem
637 2202 665 2250 el
676 2198 851 2269 Greporium
860 2201 903 2254 De
910 2202 1058 2272 Grepom'is
1067 2206 1176 2273 [ratres
1183 2204 1257 2275 selis

406 2285 568 2355 imponitur
577 2284 655 2355 fines.
669 2285 850 2356 Castipotum
864 2294 904 2342 est
913 2295 1011 2343 autem
1021 2307 1080 2360 quo
1088 2292 1155 2360 fieri
1160 2293 1257 2361 potuit

405 2373 559 2445 diligentia
567 2374 761 2428 aSebastiano
767 2376 888 2429 Manilio
895 2378 1025 2431 Romano
1036 2379 1094 2430 cios
1104 2379 1165 2430 viro
1176 2380 1257 2434 baud

406 2461 556 2517 illitterato
567 2463 708 2517 numanae
716 2464 941 2518 restaurationis
950 2481 1028 2519 anno
1038 2479 1254 2521 ucccctxxxxn.

406 2550 506 2613 Illiber
523 2551 693 2621 septembris
707 2551 870 2622 Aupustino
884 2551 1049 2607 Barbaclieo
1063 2553 1256 2610 serenissimo

408 2637 594 2692 Venetiamm
606 2637 743 2709 principe
757 2638 980 2709 Rempublieam
994 2646 1115 2695 tenente.

374 2728 432 2781 l'ol.
451 2727 482 2794 1,
497 2727 568 2780 irs-h
581 2732 692 2781 oonstat
705 2728 798 2780 chart.
823 2727 881 2782 117
896 2733 1010 2798 proeter
1028 2730 1156 2784 litteram
1175 2731 1254 2785 dedi·

402 2816 561 2883 oatoriam,
576 2816 718 2882 indicem,
733 2817 866 2871 stellari.
882 2817 1020 2872 ultimam
1032 2835 1256 2890 monopramma

401 2908 533 2975 mrum
544 2906 588 2960 De
603 2906 753 2976 Greporiis
766 2906 801 2975 (Z
816 2905 1058 2975 elmanensem.

367 2992 491 3048 Rossetti
513 2995 607 3050 Catal.
630 3008 665 3049 n⁰
687 2995 737 3050 53.
753 2996 952 3050 Rarissimam
975 2997 1027 3049 boe
1048 2998 1182 3050 uolumen
1204 2999 1255 3051 sub

405 3080 494 3135 oeulis
509 3083 600 3137 habui
612 3083 689 3136 milri
708 3081 918 3136 humanissime
937 3081 1150 3134 commodatum
1164 3099 1181 3133 a
1196 3085 1256 3151 sra-

403 3171 497 3226 trites
510 3172 553 3226 De
568 3172 692 3226 Minieis.

195 3258 245 3311 lll.
265 3256 347 3313 test.
368 3256 413 3312 Fr.
430 3258 587 3313 Petrarchae
601 3259 691 3330 Opera
701 3256 804 3324 omnia,
816 3254 979 3308 Darentriae.
991 3251 1160 3319 Editionem
1169 3256 1254 3325 banc,

401 3346 536 3418 primam
550 3364 615 3418 quae
629 3362 720 3418 opero
734 3344 835 3398 omnia
848 3342 899 3397 Fr.
919 3342 1070 3398 Petrareoe
1089 3346 1256 3418 complecta-

403 3440 468 3504 tur,
481 3437 551 3491 citat
559 3437 704 3492 Rosssttus
713 3435 746 3488 in
755 3433 935 3504 Praefatione
945 3450 1067 3504 opernm
1073 3436 1253 3507 poeticorum

403 3525 554 3580 minorum
566 3525 617 3579 Fr.
633 3525 783 3579 Petrarooe
792 3541 858 3595 quoe
867 3524 929 3595 ipse
938 3524 1044 3591 edidit,
1055 3530 1083 3578 et
1093 3526 1255 3581 illustrium

402 3612 575 3668 Italicorum
609 3619 766 3683 poetarum
802 3614 932 3667 versione
963 3614 1071 3668 donata
1100 3611 1253 3684 oulpaoit.¹

401 3699 492 3754 Haud
505 3705 604 3754 tamen
616 3700 701 3753 illam
714 3715 744 3754 se
756 3700 875 3771 uspiam
888 3700 991 3754 uidisse
1003 3702 1119 3770 profert
1132 3699 1253 3768 dilipen-

403 3787 531 3843 tissimus
556 3788 603 3841 lrie
630 3789 830 3860 inoestipator,
857 3789 1001 3859 fidenque
1022 3786 1182 3840 Maittairii
1203 3790 1255 3858 qui

402 3891 466 3946 sup.
483 3881 510 3929 et
524 3876 586 3946 ipse
599 3883 736 3947 sequutus
750 3878 783 3931 in
797 3879 850 3932 hoa
863 3877 986 3931 uidetur.

235 4024 243 4055 ¹
261 4018 308 4070 Del
320 4019 440 4070 Petrorea
455 4034 469 4071 e
488 4019 552 4070 delle
562 4034 606 4070 sus
618 4034 705 4084 opere,
718 4023 786 4073 Libri
798 4025 814 4073 1
826 4023 866 4074 del
878 4035 931 4073 aar.
945 4020 1000 4070 Gio.
1018 4019 1122 4072 Battlsta
1135 4021 1252 4079 Balteus,

168 4098 386 4229 wemma
408 4177 482 4230 tttcb.
494 4205 525 4216 -
537 4179 645 4230 Annales
662 4179 831 4244 tppoaropbiei
858 4179 890 4228 ab
906 4177 969 4229 artis
983 4178 1092 4231 insentae
1107 4178 1205 4242 ongine
1220 4179 1251 4228 sd

167 4270 232 4310 ann.
248 4256 311 4308 tuot
322 4270 380 4308 snm
391 4258 532 4322 appendioe
544 4259 576 4311 ad
589 4272 647 4310 ann.
662 4261 729 4311 root.
744 4259 820 4322 lingue
832 4257 955 4309 fomlturn
969 4265 995 4310 at
1006 4259 1195 4311 amstelodami.

233 4333 245 4366 ³
261 4333 348 4385 Possis
359 4335 451 4386 minori
463 4336 503 4386 del
515 4336 636 4387 Petroroo
647 4337 687 4388 sul
702 4341 768 4387 testo
787 4336 865 4387 latlno
886 4350 928 4388 ora
946 4344 1072 4400 corretto,
1087 4335 1252 4401 uolgarizzate

165 4420 202 4469 da
213 4414 283 4480 poeti
296 4414 389 4466 urenti
400 4429 415 4467 e
426 4415 458 4466 da
471 4429 534 4479 poco
547 4415 652 4468 doiuuti.
670 4415 776 4476 llllano,
790 4414 860 4465 Tomi
872 4415 895 4466 3.
908 4415 962 4481 Tip.
972 4417 1094 4468 ds'class.
1107 4413 1250 4465 taso-test.
