2692 5024
189 616 247 674 398
525 624 566 672 bl:
587 623 687 672 uultus
709 622 931 672 Fltltllltltllllus

190 789 282 838 nunc
301 765 345 836 do
366 764 554 860 purissima
575 764 716 857 quidem
737 763 842 834 animi
861 762 908 834 tui
928 771 1029 857 parto
1048 764 1288 857 prodeuntes,

191 890 275 972 scio,
297 911 366 960 non
386 889 518 959 fallunt.
545 886 681 957 Utinam
708 908 778 956 non
802 886 985 956 fallantur!
1014 886 1176 958 Proinde
1200 909 1289 959 vera

191 1009 252 1081 tibi
273 1009 384 1083 videri
409 1009 525 1081 omniu
550 1029 631 1101 quae
657 1006 797 1091 scribis,
816 1018 931 1079 certus
950 1029 1045 1079 sum.
1074 1007 1201 1081 Amori
1224 1021 1290 1083 tuo

191 1135 357 1223 gratulor,
392 1129 581 1222 compatior
605 1129 733 1200 errori:
760 1150 826 1199 nec
850 1140 966 1199 tamen
992 1129 1053 1201 hic
1080 1143 1113 1202 te
1142 1131 1288 1224 parcius

191 1277 308 1326 errare
334 1253 513 1326 voluerim.
535 1249 633 1322 Adeo
657 1250 816 1334 delectat,
839 1250 934 1342 quod
954 1272 1027 1321 non
1050 1273 1145 1337 sum,
1168 1253 1285 1327 videri

193 1378 275 1448 tibi:
301 1377 437 1447 mallem
457 1394 538 1445 esse
559 1373 655 1467 quod
675 1372 809 1443 videor.
831 1372 932 1456 Quod
953 1371 983 1442 si
1007 1372 1056 1444 ab
1075 1375 1149 1446 alto
1178 1398 1284 1469 nega-

193 1513 264 1571 tum
287 1507 357 1578 est,
381 1506 417 1566 tu
439 1506 553 1566 tamen
574 1515 619 1564 ne
639 1493 773 1565 amicus
796 1493 855 1566 tibi
871 1515 972 1565 error
989 1493 1152 1577 excidat,
1181 1520 1283 1570 eure-

194 1631 237 1692 to.
260 1617 431 1710 Equidem
449 1637 529 1707 ego,
547 1615 710 1710 quumvis
733 1615 814 1686 mihi
838 1627 1035 1710 temperare
1057 1620 1278 1711 nequiverim

192 1740 378 1835 quominus
400 1740 446 1812 ad
467 1739 597 1812 litteras
621 1751 698 1810 tuas
720 1739 846 1811 iterum
871 1747 975 1831 atque
1001 1739 1135 1811 ilerum
1165 1763 1280 1813 rerer-

192 1876 297 1947 terer,
326 1863 421 1934 sensi
450 1875 562 1933 lamen
588 1861 771 1933 lectionem
798 1861 908 1952 ipsum
935 1881 1004 1930 non
1030 1881 1169 1934 vacare
1195 1865 1279 1958 peri-

192 1990 280 2058 culo.
315 1988 370 2057 Sic
401 1987 494 2057 enim
521 1985 691 2077 graviter,
721 1984 770 2055 sic
795 1993 928 2065 ornate,
957 1982 1008 2054 sic
1032 1982 1207 2067 dulciter,
1233 1987 1277 2055 sic

192 2109 342 2202 denique
367 2109 411 2181 od
438 2108 720 2200 persuadendum
746 2105 902 2202 apposite
929 2105 963 2175 in
989 2107 1180 2198 proposito
1207 2131 1278 2179 ver-

195 2232 297 2315 saris,
321 2241 359 2302 ut
382 2229 481 2302 valde
503 2230 725 2301 metuendum
749 2228 794 2299 sit
814 2250 857 2299 ne
873 2229 1044 2317 legentem
1065 2229 1114 2301 ad
1132 2229 1276 2302 creden·

194 2356 276 2425 dum
299 2354 469 2446 quidlibet
489 2353 586 2424 lacile
611 2351 725 2446 possis
752 2351 936 2445 impellere.
963 2349 1066 2432 Quod
1096 2352 1125 2423 si
1155 2353 1274 2431 efficis,

194 2475 340 2546 habebis
366 2475 538 2568 opinionis
566 2484 635 2543 tuae
659 2473 834 2556 comitem,
861 2473 926 2544 nisi
952 2472 1059 2564 quod,
1088 2497 1175 2545 cum
1205 2487 1277 2546 tuus

193 2616 387 2685 generosus
408 2605 443 2664 et
462 2595 637 2685 ingenuus
657 2615 754 2664 error
775 2597 832 2677 sit,
856 2616 911 2664 me
928 2594 1146 2686 implicueris
1164 2619 1278 2669 errore

193 2715 346 2785 ridiculo.
370 2718 489 2808 ltaque
510 2715 692 2786 consilium
713 2717 829 2801 luerit,
855 2716 919 2788 etsi
945 2738 1025 2786 cum
1052 2718 1180 2790 labore
1208 2720 1276 2799 fiat,

193 2838 238 2909 ab
260 2838 314 2908 illa
334 2839 497 2932 deinceps
521 2839 712 2910 litterarum
740 2851 875 2911 tuarum
902 2850 999 2934 parte
1024 2843 1150 2912 oculos
1179 2865 1279 2913 uver-

194 2973 282 3033 tere:
304 2972 340 3033 ot
361 2964 389 3032 si
412 2962 556 3055 posthac
577 2985 692 3032 rerum
715 2985 770 3032 me
798 2975 932 3033 tuarum
960 2964 1077 3054 iugem
1106 2987 1148 3036 ac
1178 2967 1279 3037 sedu-

194 3087 263 3154 lum
298 3086 458 3154 lectorem
494 3083 548 3151 vis
573 3083 722 3166 efficere,
756 3083 851 3166 vide,
879 3104 1015 3176 quaeso,
1054 3096 1091 3154 ut
1126 3088 1279 3182 satyrice

194 3208 308 3296 potius
338 3227 441 3296 quam
467 3205 573 3299 lyrico
594 3228 726 3276 mecum
750 3228 845 3295 agas.
873 3208 985 3296 Larga
1010 3205 1104 3275 enim
1132 3209 1278 3279 materia

192 3339 256 3395 est.
278 3326 311 3394 Si
334 3327 512 3397 intendere
534 3329 694 3420 cruperis,
713 3327 851 3400 videbis
872 3328 906 3396 in
928 3350 983 3397 me
1006 3330 1130 3413 multa,
1155 3332 1279 3402 amicis

193 3449 271 3519 licet
291 3450 421 3534 oculis,
445 3449 579 3540 gravia,
602 3461 638 3520 et
658 3451 805 3520 faventis
826 3451 929 3519 etiam
950 3450 1079 3540 linguae
1101 3473 1175 3521 non
1197 3476 1280 3525 evu-

194 3594 275 3642 surn
305 3595 499 3642 cerrsurnm.
528 3573 601 3655 llic,
623 3593 755 3663 precor,
775 3573 956 3654 incumbe;
976 3573 1044 3643 huc
1065 3575 1279 3647 facundissi-

196 3717 286 3762 mum
316 3704 413 3763 tunm
440 3694 611 3763 calumum
639 3703 755 3775 verte;
781 3694 926 3763 ostende
957 3716 1012 3763 mc
1039 3694 1144 3776 mihi;
1174 3697 1277 3767 iniiee

194 3817 321 3906 linguae
348 3838 509 3895 manum;
536 3798 664 3905 urripe,
695 3816 776 3904 liga,
804 3815 878 3898 leri,
907 3839 981 3899 ure,
1011 3836 1110 3886 secu:
1143 3819 1277 3889 tumida

192 3938 390 4028 comprimo,
416 3958 633 4030 supervacua
655 3936 828 4019 rescinde,
850 3959 912 4007 nec
933 3937 1095 4007 ruborem
1118 3938 1206 4008 mibi
1230 3942 1246 4009 f
1265 3982 1278 3991 -

192 4057 283 4127 cisse
305 4058 473 4140 timueriS,
498 4078 561 4127 nec
581 4060 757 4148 pallorem.
780 4034 904 4127 Tristis
925 4059 1017 4149 potio
1038 4057 1159 4128 tristes
1183 4061 1277 4152 pellit

193 4180 430 4271 aegritudines.
454 4180 559 4270 AEger
580 4174 672 4263 sum,
696 4180 774 4272 quis
795 4180 935 4252 nescit?
955 4179 1096 4250 Acriore
1115 4181 1177 4251 tibi
1199 4206 1275 4255 sum

192 4303 368 4373 curandus
402 4302 574 4382 nntid0t03
611 4325 677 4372 non
703 4303 832 4374 cedunt
857 4324 976 4374 amara
1002 4302 1185 4388 dulcibus,
1215 4304 1277 4377 sed

193 4441 308 4489 arnam
340 4422 486 4491 invicem
519 4446 597 4492 sese
625 4424 776 4494 trudunt.
804 4424 837 4492 Si
866 4425 1033 4517 prodesse
1062 4425 1132 4507 ris,
1165 4429 1279 4499 scribo
