<?xml version="1.0" encoding="UTF-8"?>
<!DOCTYPE html PUBLIC "-//W3C//DTD XHTML 1.0 Transitional//EN"
    "http://www.w3.org/TR/xhtml1/DTD/xhtml1-transitional.dtd">
<html xmlns="http://www.w3.org/1999/xhtml" xml:lang="en" lang="en">
 <head>
  <title>
</title>
<meta http-equiv="Content-Type" content="text/html;charset=utf-8" />
  <meta name='ocr-system' content='tesseract 3.04.00' />
  <meta name='ocr-capabilities' content='ocr_page ocr_carea ocr_par ocr_line ocrx_word'/>
</head>
<body>
  <div class='ocr_page' id='page_1' title='image "./epistolaederebu00fracgoog_0542.png"; bbox 0 0 2692 5024; ppageno 0'>
   <div class='ocr_carea' id='block_1_1' title="bbox 412 678 1227 742">
    <p class='ocr_par' dir='ltr' id='par_1_1' title="bbox 412 678 1227 742">
     <span class='ocr_line' id='line_1_1' title="bbox 412 678 1227 742; baseline 0.02 -16"><span class='ocrx_word' id='word_1_1' title='bbox 412 678 505 728; x_wconf 81' lang='lat' dir='ltr'>urnnn</span> <span class='ocrx_word' id='word_1_2' title='bbox 527 678 905 736; x_wconf 75' lang='lat' dir='ltr'>siraninus-murum</span> <span class='ocrx_word' id='word_1_3' title='bbox 926 689 957 735; x_wconf 86' lang='lat' dir='ltr'>x.</span> <span class='ocrx_word' id='word_1_4' title='bbox 1168 678 1227 742; x_wconf 77' lang='lat' dir='ltr'>atu</span> 
     </span>
    </p>
   </div>
   <div class='ocr_carea' id='block_1_2' title="bbox 140 822 1229 1775">
    <p class='ocr_par' dir='ltr' id='par_1_2' title="bbox 140 822 1229 1775">
     <span class='ocr_line' id='line_1_2' title="bbox 147 822 1229 928; baseline 0.012 -31"><span class='ocrx_word' id='word_1_5' title='bbox 147 822 211 897; x_wconf 92' lang='lat' dir='ltr'>sed</span> <span class='ocrx_word' id='word_1_6' title='bbox 223 822 469 919; x_wconf 82' lang='lat' dir='ltr'>cupiditatibus</span> <span class='ocrx_word' id='word_1_7' title='bbox 486 826 752 901; x_wconf 87' lang='lat' dir='ltr'>detrahendum.</span> <span class='ocrx_word' id='word_1_8' title='bbox 770 831 866 903; x_wconf 85' lang='lat' dir='ltr'>lianc</span> <span class='ocrx_word' id='word_1_9' title='bbox 883 832 983 924; x_wconf 90' lang='lat' dir='ltr'>sequi</span> <span class='ocrx_word' id='word_1_10' title='bbox 1002 833 1170 928; x_wconf 87' lang='lat' dir='ltr'>disposui,</span> <span class='ocrx_word' id='word_1_11' title='bbox 1184 859 1229 910; x_wconf 91' lang='lat' dir='ltr'>ne</span> 
     </span>
     <span class='ocr_line' id='line_1_3' title="bbox 144 946 1227 1047; baseline 0.01 -30"><span class='ocrx_word' id='word_1_12' title='bbox 144 949 180 1018; x_wconf 90' lang='lat' dir='ltr'>in</span> <span class='ocrx_word' id='word_1_13' title='bbox 200 946 284 1018; x_wconf 93' lang='lat' dir='ltr'>illud</span> <span class='ocrx_word' id='word_1_14' title='bbox 305 948 430 1020; x_wconf 93' lang='lat' dir='ltr'>durum</span> <span class='ocrx_word' id='word_1_15' title='bbox 458 970 500 1022; x_wconf 86' lang='lat' dir='ltr'>ac</span> <span class='ocrx_word' id='word_1_16' title='bbox 524 949 736 1025; x_wconf 89' lang='lat' dir='ltr'>laboriosum</span> <span class='ocrx_word' id='word_1_17' title='bbox 762 954 986 1047; x_wconf 78' lang='lat' dir='ltr'>negociorum</span> <span class='ocrx_word' id='word_1_18' title='bbox 1007 956 1227 1030; x_wconf 88' lang='lat' dir='ltr'>inextricabi-</span> 
     </span>
     <span class='ocr_line' id='line_1_4' title="bbox 144 1070 1227 1172; baseline 0.012 -32"><span class='ocrx_word' id='word_1_19' title='bbox 144 1071 229 1144; x_wconf 90' lang='lat' dir='ltr'>lium</span> <span class='ocrx_word' id='word_1_20' title='bbox 250 1071 316 1141; x_wconf 86' lang='lat' dir='ltr'>iter</span> <span class='ocrx_word' id='word_1_21' title='bbox 337 1070 507 1161; x_wconf 83' lang='lat' dir='ltr'>incidam,</span> <span class='ocrx_word' id='word_1_22' title='bbox 529 1095 550 1144; x_wconf 85' lang='lat' dir='ltr'>a</span> <span class='ocrx_word' id='word_1_23' title='bbox 570 1096 640 1168; x_wconf 91' lang='lat' dir='ltr'>quo</span> <span class='ocrx_word' id='word_1_24' title='bbox 657 1097 714 1148; x_wconf 91' lang='lat' dir='ltr'>me</span> <span class='ocrx_word' id='word_1_25' title='bbox 730 1077 824 1148; x_wconf 88' lang='lat' dir='ltr'>Deus</span> <span class='ocrx_word' id='word_1_26' title='bbox 842 1078 969 1172; x_wconf 89' lang='lat' dir='ltr'>etipsa</span> <span class='ocrx_word' id='word_1_27' title='bbox 986 1088 1121 1151; x_wconf 84' lang='lat' dir='ltr'>naturae</span> <span class='ocrx_word' id='word_1_28' title='bbox 1138 1102 1227 1153; x_wconf 72' lang='lat' dir='ltr'>mere</span> 
     </span>
     <span class='ocr_line' id='line_1_5' title="bbox 144 1194 1227 1296; baseline 0.005 -28"><span class='ocrx_word' id='word_1_29' title='bbox 144 1194 293 1268; x_wconf 91' lang='lat' dir='ltr'>conditio</span> <span class='ocrx_word' id='word_1_30' title='bbox 313 1217 434 1280; x_wconf 84' lang='lat' dir='ltr'>manu,</span> <span class='ocrx_word' id='word_1_31' title='bbox 457 1207 494 1269; x_wconf 91' lang='lat' dir='ltr'>ut</span> <span class='ocrx_word' id='word_1_32' title='bbox 513 1197 562 1269; x_wconf 89' lang='lat' dir='ltr'>ita</span> <span class='ocrx_word' id='word_1_33' title='bbox 581 1197 744 1286; x_wconf 76' lang='lat' dir='ltr'>dixerim,</span> <span class='ocrx_word' id='word_1_34' title='bbox 768 1210 997 1276; x_wconf 90' lang='lat' dir='ltr'>retraxerunt.</span> <span class='ocrx_word' id='word_1_35' title='bbox 1014 1204 1065 1273; x_wconf 88' lang='lat' dir='ltr'>De</span> <span class='ocrx_word' id='word_1_36' title='bbox 1084 1203 1142 1274; x_wconf 90' lang='lat' dir='ltr'>lite</span> <span class='ocrx_word' id='word_1_37' title='bbox 1162 1203 1227 1296; x_wconf 81' lang='lat' dir='ltr'>igi-</span> 
     </span>
     <span class='ocr_line' id='line_1_6' title="bbox 145 1316 1225 1419; baseline 0.006 -31"><span class='ocrx_word' id='word_1_38' title='bbox 145 1327 200 1390; x_wconf 92' lang='lat' dir='ltr'>tur</span> <span class='ocrx_word' id='word_1_39' title='bbox 220 1316 265 1388; x_wconf 90' lang='lat' dir='ltr'>sit</span> <span class='ocrx_word' id='word_1_40' title='bbox 285 1316 455 1411; x_wconf 91' lang='lat' dir='ltr'>quidquid</span> <span class='ocrx_word' id='word_1_41' title='bbox 475 1341 555 1392; x_wconf 88' lang='lat' dir='ltr'>esse</span> <span class='ocrx_word' id='word_1_42' title='bbox 575 1330 707 1415; x_wconf 90' lang='lat' dir='ltr'>potest:</span> <span class='ocrx_word' id='word_1_43' title='bbox 729 1321 814 1394; x_wconf 90' lang='lat' dir='ltr'>mihi</span> <span class='ocrx_word' id='word_1_44' title='bbox 835 1335 1023 1419; x_wconf 77' lang='lat' dir='ltr'>paupertas</span> <span class='ocrx_word' id='word_1_45' title='bbox 1045 1347 1138 1412; x_wconf 88' lang='lat' dir='ltr'>mea,</span> <span class='ocrx_word' id='word_1_46' title='bbox 1157 1346 1225 1396; x_wconf 92' lang='lat' dir='ltr'>non</span> 
     </span>
     <span class='ocr_line' id='line_1_7' title="bbox 142 1441 1225 1543; baseline 0.006 -30"><span class='ocrx_word' id='word_1_47' title='bbox 142 1441 304 1526; x_wconf 87' lang='lat' dir='ltr'>molesta,</span> <span class='ocrx_word' id='word_1_48' title='bbox 327 1463 389 1513; x_wconf 89' lang='lat' dir='ltr'>uec</span> <span class='ocrx_word' id='word_1_49' title='bbox 410 1441 565 1529; x_wconf 89' lang='lat' dir='ltr'>sordida,</span> <span class='ocrx_word' id='word_1_50' title='bbox 588 1455 623 1517; x_wconf 92' lang='lat' dir='ltr'>et</span> <span class='ocrx_word' id='word_1_51' title='bbox 642 1447 721 1540; x_wconf 90' lang='lat' dir='ltr'>plus</span> <span class='ocrx_word' id='word_1_52' title='bbox 741 1447 846 1519; x_wconf 90' lang='lat' dir='ltr'>etiam</span> <span class='ocrx_word' id='word_1_53' title='bbox 868 1471 972 1543; x_wconf 90' lang='lat' dir='ltr'>quam</span> <span class='ocrx_word' id='word_1_54' title='bbox 991 1451 1117 1523; x_wconf 90' lang='lat' dir='ltr'>vellem</span> <span class='ocrx_word' id='word_1_55' title='bbox 1136 1450 1225 1520; x_wconf 92' lang='lat' dir='ltr'>invi-</span> 
     </span>
     <span class='ocr_line' id='line_1_8' title="bbox 140 1563 1225 1661; baseline 0.007 -26"><span class='ocrx_word' id='word_1_56' title='bbox 140 1563 255 1652; x_wconf 84' lang='lat' dir='ltr'>diosa,</span> <span class='ocrx_word' id='word_1_57' title='bbox 276 1565 442 1650; x_wconf 85' lang='lat' dir='ltr'>sufficiet;</span> <span class='ocrx_word' id='word_1_58' title='bbox 463 1589 541 1639; x_wconf 92' lang='lat' dir='ltr'>cum</span> <span class='ocrx_word' id='word_1_59' title='bbox 562 1592 632 1661; x_wconf 92' lang='lat' dir='ltr'>qua</span> <span class='ocrx_word' id='word_1_60' title='bbox 653 1570 682 1640; x_wconf 89' lang='lat' dir='ltr'>si</span> <span class='ocrx_word' id='word_1_61' title='bbox 703 1569 793 1643; x_wconf 90' lang='lat' dir='ltr'>bene</span> <span class='ocrx_word' id='word_1_62' title='bbox 812 1572 896 1644; x_wconf 91' lang='lat' dir='ltr'>mihi</span> <span class='ocrx_word' id='word_1_63' title='bbox 917 1573 1093 1659; x_wconf 87' lang='lat' dir='ltr'>convenit,</span> <span class='ocrx_word' id='word_1_64' title='bbox 1113 1583 1151 1647; x_wconf 93' lang='lat' dir='ltr'>ut</span> <span class='ocrx_word' id='word_1_65' title='bbox 1171 1573 1225 1644; x_wconf 95' lang='lat' dir='ltr'>vi-</span> 
     </span>
     <span class='ocr_line' id='line_1_9' title="bbox 140 1687 773 1775; baseline 0.005 -14"><span class='ocrx_word' id='word_1_66' title='bbox 140 1687 244 1761; x_wconf 91' lang='lat' dir='ltr'>detur</span> <span class='ocrx_word' id='word_1_67' title='bbox 263 1689 422 1775; x_wconf 88' lang='lat' dir='ltr'>Senecae,</span> <span class='ocrx_word' id='word_1_68' title='bbox 444 1690 545 1763; x_wconf 93' lang='lat' dir='ltr'>dives</span> <span class='ocrx_word' id='word_1_69' title='bbox 567 1714 656 1763; x_wconf 91' lang='lat' dir='ltr'>sum.</span> <span class='ocrx_word' id='word_1_70' title='bbox 678 1693 773 1773; x_wconf 84' lang='lat' dir='ltr'>Vale</span> 
     </span>
    </p>
   </div>
   <div class='ocr_carea' id='block_1_3' title="bbox 282 1837 687 1912">
    <p class='ocr_par' dir='ltr' id='par_1_3' title="bbox 282 1837 687 1912">
     <span class='ocr_line' id='line_1_10' title="bbox 282 1837 687 1912; baseline 0.015 -20"><span class='ocrx_word' id='word_1_71' title='bbox 282 1837 335 1893; x_wconf 88' lang='lat' dir='ltr'>vu</span> <span class='ocrx_word' id='word_1_72' title='bbox 354 1838 421 1894; x_wconf 81' lang='lat' dir='ltr'>uus</span> <span class='ocrx_word' id='word_1_73' title='bbox 432 1840 546 1912; x_wconf 70' lang='lat' dir='ltr'>sporn.</span> <span class='ocrx_word' id='word_1_74' title='bbox 562 1841 687 1898; x_wconf 72' lang='lat' dir='ltr'>veronae.</span> 
     </span>
    </p>
   </div>
   <div class='ocr_carea' id='block_1_4' title="bbox 647 2061 724 2069">
    <p class='ocr_par' dir='ltr' id='par_1_4' title="bbox 647 2061 724 2069">
     <span class='ocr_line' id='line_1_11' title="bbox 647 2061 724 2069; baseline 0.013 -1"><span class='ocrx_word' id='word_1_75' title='bbox 647 2061 724 2069; x_wconf 68' lang='grc'>.-</span> 
     </span>
    </p>
   </div>
   <div class='ocr_carea' id='block_1_5' title="bbox 536 2215 801 2312">
    <p class='ocr_par' dir='ltr' id='par_1_5' title="bbox 536 2215 801 2312">
     <span class='ocr_line' id='line_1_12' title="bbox 536 2215 801 2312; baseline 0 -1"><span class='ocrx_word' id='word_1_76' title='bbox 536 2215 539 2221; x_wconf 77' lang='grc'><strong>’</strong></span> <span class='ocrx_word' id='word_1_77' title='bbox 559 2247 737 2312; x_wconf 83' lang='lat' dir='ltr'>nrrsroux</span> <span class='ocrx_word' id='word_1_78' title='bbox 756 2249 801 2311; x_wconf 86' lang='lat' dir='ltr'>xr.</span> 
     </span>
    </p>
   </div>
   <div class='ocr_carea' id='block_1_6' title="bbox 246 2429 1111 2486">
    <p class='ocr_par' dir='ltr' id='par_1_6' title="bbox 246 2429 1111 2486">
     <span class='ocr_line' id='line_1_13' title="bbox 246 2429 1111 2486; baseline 0.003 -5"><span class='ocrx_word' id='word_1_79' title='bbox 246 2430 440 2481; x_wconf 73' lang='lat' dir='ltr'>unnnctscus</span> <span class='ocrx_word' id='word_1_80' title='bbox 457 2429 626 2478; x_wconf 74' lang='lat' dir='ltr'><strong>PETRARCA</strong></span> <span class='ocrx_word' id='word_1_81' title='bbox 643 2430 775 2480; x_wconf 78' lang='lat' dir='ltr'><strong>IOHANNI</strong></span> <span class='ocrx_word' id='word_1_82' title='bbox 797 2429 961 2482; x_wconf 75' lang='lat' dir='ltr'>lnclllsno</span> <span class='ocrx_word' id='word_1_83' title='bbox 983 2435 1009 2484; x_wconf 88' lang='lat' dir='ltr'>S.</span> <span class='ocrx_word' id='word_1_84' title='bbox 1032 2437 1059 2486; x_wconf 87' lang='grc' dir='ltr'>Ρ.</span> <span class='ocrx_word' id='word_1_85' title='bbox 1082 2439 1111 2486; x_wconf 84' lang='grc' dir='ltr'>Ι).</span> 
     </span>
    </p>
   </div>
   <div class='ocr_carea' id='block_1_7' title="bbox 304 2595 1049 2757">
    <p class='ocr_par' dir='ltr' id='par_1_7' title="bbox 304 2595 1049 2757">
     <span class='ocr_line' id='line_1_14' title="bbox 304 2595 1049 2669; baseline 0.007 -20"><span class='ocrx_word' id='word_1_86' title='bbox 304 2595 443 2650; x_wconf 84' lang='lat' dir='ltr'>Francisci</span> <span class='ocrx_word' id='word_1_87' title='bbox 457 2595 655 2667; x_wconf 78' lang='lat' dir='ltr'>consanguinei</span> <span class='ocrx_word' id='word_1_88' title='bbox 670 2595 714 2652; x_wconf 82' lang='lat' dir='ltr'>sui</span> <span class='ocrx_word' id='word_1_89' title='bbox 728 2595 886 2669; x_wconf 84' lang='lat' dir='ltr'>proximum</span> <span class='ocrx_word' id='word_1_90' title='bbox 900 2595 1049 2653; x_wconf 88' lang='lat' dir='ltr'>adveutum</span> 
     </span>
     <span class='ocr_line' id='line_1_15' title="bbox 486 2685 861 2757; baseline 0.003 -17"><span class='ocrx_word' id='word_1_91' title='bbox 486 2701 570 2757; x_wconf 87' lang='lat' dir='ltr'>quam</span> <span class='ocrx_word' id='word_1_92' title='bbox 585 2685 726 2741; x_wconf 75' lang='lat' dir='ltr'>laetissime</span> <span class='ocrx_word' id='word_1_93' title='bbox 739 2685 861 2741; x_wconf 86' lang='lat' dir='ltr'>nunciat.</span> 
     </span>
    </p>
   </div>
   <div class='ocr_carea' id='block_1_8' title="bbox 117 2901 1216 4093">
    <p class='ocr_par' dir='ltr' id='par_1_8' title="bbox 117 2901 1216 4093">
     <span class='ocr_line' id='line_1_16' title="bbox 234 2901 1216 2993; baseline 0.001 -19"><span class='ocrx_word' id='word_1_94' title='bbox 234 2901 334 2974; x_wconf 86' lang='lat' dir='ltr'>Credi</span> <span class='ocrx_word' id='word_1_95' title='bbox 355 2922 423 2971; x_wconf 90' lang='lat' dir='ltr'>nou</span> <span class='ocrx_word' id='word_1_96' title='bbox 443 2911 563 2993; x_wconf 88' lang='lat' dir='ltr'>posset</span> <span class='ocrx_word' id='word_1_97' title='bbox 583 2910 749 2993; x_wconf 89' lang='lat' dir='ltr'>quantum</span> <span class='ocrx_word' id='word_1_98' title='bbox 771 2902 854 2971; x_wconf 92' lang='lat' dir='ltr'>mihi</span> <span class='ocrx_word' id='word_1_99' title='bbox 874 2924 1037 2974; x_wconf 85' lang='lat' dir='ltr'>curarum</span> <span class='ocrx_word' id='word_1_100' title='bbox 1055 2901 1216 2975; x_wconf 90' lang='lat' dir='ltr'>decesse-</span> 
     </span>
     <span class='ocr_line' id='line_1_17' title="bbox 137 3021 1215 3117; baseline -0.003 -21"><span class='ocrx_word' id='word_1_101' title='bbox 137 3024 192 3106; x_wconf 86' lang='lat' dir='ltr'>rit,</span> <span class='ocrx_word' id='word_1_102' title='bbox 217 3033 432 3117; x_wconf 90' lang='lat' dir='ltr'>quantumve</span> <span class='ocrx_word' id='word_1_103' title='bbox 453 3022 582 3091; x_wconf 67' lang='lat' dir='ltr'>loetitiae</span> <span class='ocrx_word' id='word_1_104' title='bbox 602 3021 790 3092; x_wconf 89' lang='lat' dir='ltr'>accesserit</span> <span class='ocrx_word' id='word_1_105' title='bbox 811 3023 939 3092; x_wconf 89' lang='lat' dir='ltr'>recenti</span> <span class='ocrx_word' id='word_1_106' title='bbox 957 3023 1107 3115; x_wconf 89' lang='lat' dir='ltr'>quodam</span> <span class='ocrx_word' id='word_1_107' title='bbox 1128 3046 1215 3094; x_wconf 92' lang='lat' dir='ltr'>nun-</span> 
     </span>
     <span class='ocr_line' id='line_1_18' title="bbox 136 3145 1213 3241; baseline -0.004 -22"><span class='ocrx_word' id='word_1_108' title='bbox 136 3147 198 3230; x_wconf 90' lang='lat' dir='ltr'>tio;</span> <span class='ocrx_word' id='word_1_109' title='bbox 220 3146 313 3241; x_wconf 92' lang='lat' dir='ltr'>quod</span> <span class='ocrx_word' id='word_1_110' title='bbox 334 3155 456 3231; x_wconf 87' lang='lat' dir='ltr'>tecum,</span> <span class='ocrx_word' id='word_1_111' title='bbox 475 3146 636 3239; x_wconf 89' lang='lat' dir='ltr'>quamvis</span> <span class='ocrx_word' id='word_1_112' title='bbox 655 3147 761 3216; x_wconf 90' lang='lat' dir='ltr'>multa</span> <span class='ocrx_word' id='word_1_113' title='bbox 779 3145 870 3237; x_wconf 91' lang='lat' dir='ltr'>loqui</span> <span class='ocrx_word' id='word_1_114' title='bbox 891 3146 987 3216; x_wconf 91' lang='lat' dir='ltr'>locus</span> <span class='ocrx_word' id='word_1_115' title='bbox 1006 3153 1213 3238; x_wconf 78' lang='lat' dir='ltr'>tempusque</span> 
     </span>
     <span class='ocr_line' id='line_1_19' title="bbox 135 3250 1214 3365; baseline -0.005 -23"><span class='ocrx_word' id='word_1_116' title='bbox 135 3250 328 3365; x_wconf 87' lang='lat' dir='ltr'>probibeat,</span> <span class='ocrx_word' id='word_1_117' title='bbox 351 3268 469 3362; x_wconf 87' lang='lat' dir='ltr'>partiri</span> <span class='ocrx_word' id='word_1_118' title='bbox 496 3266 711 3359; x_wconf 85' lang='lat' dir='ltr'>quantalibet</span> <span class='ocrx_word' id='word_1_119' title='bbox 731 3265 900 3338; x_wconf 91' lang='lat' dir='ltr'>brevitate</span> <span class='ocrx_word' id='word_1_120' title='bbox 918 3265 1087 3362; x_wconf 89' lang='lat' dir='ltr'>disposui.</span> <span class='ocrx_word' id='word_1_121' title='bbox 1106 3267 1214 3337; x_wconf 87' lang='lat' dir='ltr'>Fran-</span> 
     </span>
     <span class='ocr_line' id='line_1_20' title="bbox 134 3387 1213 3472; baseline -0.005 -8"><span class='ocrx_word' id='word_1_122' title='bbox 134 3391 265 3464; x_wconf 90' lang='lat' dir='ltr'>ciscum</span> <span class='ocrx_word' id='word_1_123' title='bbox 287 3400 443 3462; x_wconf 89' lang='lat' dir='ltr'>nostrum</span> <span class='ocrx_word' id='word_1_124' title='bbox 468 3389 658 3460; x_wconf 89' lang='lat' dir='ltr'>adventare</span> <span class='ocrx_word' id='word_1_125' title='bbox 684 3387 801 3472; x_wconf 91' lang='lat' dir='ltr'>audio,</span> <span class='ocrx_word' id='word_1_126' title='bbox 829 3398 864 3459; x_wconf 92' lang='lat' dir='ltr'>et</span> <span class='ocrx_word' id='word_1_127' title='bbox 889 3389 957 3459; x_wconf 90' lang='lat' dir='ltr'>iam</span> <span class='ocrx_word' id='word_1_128' title='bbox 982 3410 1063 3460; x_wconf 91' lang='lat' dir='ltr'>esse</span> <span class='ocrx_word' id='word_1_129' title='bbox 1088 3390 1213 3463; x_wconf 87' lang='lat' dir='ltr'>Massi-</span> 
     </span>
     <span class='ocr_line' id='line_1_21' title="bbox 133 3509 1211 3606; baseline -0.002 -23"><span class='ocrx_word' id='word_1_130' title='bbox 133 3513 204 3597; x_wconf 80' lang='lat' dir='ltr'>liae,</span> <span class='ocrx_word' id='word_1_131' title='bbox 240 3513 355 3584; x_wconf 90' lang='lat' dir='ltr'>multis</span> <span class='ocrx_word' id='word_1_132' title='bbox 388 3511 525 3606; x_wconf 90' lang='lat' dir='ltr'>quidem</span> <span class='ocrx_word' id='word_1_133' title='bbox 552 3512 714 3583; x_wconf 88' lang='lat' dir='ltr'>iactatum</span> <span class='ocrx_word' id='word_1_134' title='bbox 748 3510 888 3582; x_wconf 88' lang='lat' dir='ltr'>casibus</span> <span class='ocrx_word' id='word_1_135' title='bbox 922 3521 957 3583; x_wconf 93' lang='lat' dir='ltr'>et</span> <span class='ocrx_word' id='word_1_136' title='bbox 990 3509 1211 3582; x_wconf 87' lang='lat' dir='ltr'>terrestribus</span> 
     </span>
     <span class='ocr_line' id='line_1_22' title="bbox 117 3612 1211 3728; baseline -0.004 -23"><span class='ocrx_word' id='word_1_137' title='bbox 117 3612 384 3728; x_wconf 83' lang='lat' dir='ltr'>¹maritimisque</span> <span class='ocrx_word' id='word_1_138' title='bbox 404 3635 578 3728; x_wconf 91' lang='lat' dir='ltr'>periculis,</span> <span class='ocrx_word' id='word_1_139' title='bbox 608 3636 742 3704; x_wconf 86' lang='lat' dir='ltr'>salvum</span> <span class='ocrx_word' id='word_1_140' title='bbox 770 3643 896 3706; x_wconf 91' lang='lat' dir='ltr'>tamen.</span> <span class='ocrx_word' id='word_1_141' title='bbox 924 3637 967 3704; x_wconf 89' lang='lat' dir='ltr'>Et</span> <span class='ocrx_word' id='word_1_142' title='bbox 992 3634 1036 3705; x_wconf 89' lang='lat' dir='ltr'>ad</span> <span class='ocrx_word' id='word_1_143' title='bbox 1062 3655 1118 3704; x_wconf 90' lang='lat' dir='ltr'>me</span> <span class='ocrx_word' id='word_1_144' title='bbox 1142 3633 1211 3726; x_wconf 93' lang='lat' dir='ltr'>pri-</span> 
     </span>
     <span class='ocr_line' id='line_1_23' title="bbox 133 3753 1210 3842; baseline -0.001 -15"><span class='ocrx_word' id='word_1_145' title='bbox 133 3779 229 3828; x_wconf 92' lang='lat' dir='ltr'>mum</span> <span class='ocrx_word' id='word_1_146' title='bbox 255 3758 310 3829; x_wconf 93' lang='lat' dir='ltr'>ille</span> <span class='ocrx_word' id='word_1_147' title='bbox 343 3779 435 3829; x_wconf 90' lang='lat' dir='ltr'>nunc</span> <span class='ocrx_word' id='word_1_148' title='bbox 461 3766 569 3842; x_wconf 88' lang='lat' dir='ltr'>recto,</span> <span class='ocrx_word' id='word_1_149' title='bbox 598 3769 636 3828; x_wconf 93' lang='lat' dir='ltr'>ut</span> <span class='ocrx_word' id='word_1_150' title='bbox 661 3757 770 3841; x_wconf 87' lang='lat' dir='ltr'>aiunt,</span> <span class='ocrx_word' id='word_1_151' title='bbox 805 3759 891 3828; x_wconf 91' lang='lat' dir='ltr'>calle</span> <span class='ocrx_word' id='word_1_152' title='bbox 923 3757 1084 3838; x_wconf 80' lang='lat' dir='ltr'>festinat3</span> <span class='ocrx_word' id='word_1_153' title='bbox 1108 3765 1143 3826; x_wconf 93' lang='lat' dir='ltr'>et</span> <span class='ocrx_word' id='word_1_154' title='bbox 1167 3753 1210 3826; x_wconf 90' lang='lat' dir='ltr'>de</span> 
     </span>
     <span class='ocr_line' id='line_1_24' title="bbox 132 3860 1210 3974; baseline 0.001 -26"><span class='ocrx_word' id='word_1_155' title='bbox 132 3879 283 3964; x_wconf 88' lang='lat' dir='ltr'>viarum,</span> <span class='ocrx_word' id='word_1_156' title='bbox 306 3891 345 3952; x_wconf 87' lang='lat' dir='ltr'>ut</span> <span class='ocrx_word' id='word_1_157' title='bbox 368 3890 485 3951; x_wconf 90' lang='lat' dir='ltr'>certus</span> <span class='ocrx_word' id='word_1_158' title='bbox 513 3902 603 3965; x_wconf 89' lang='lat' dir='ltr'>sum,</span> <span class='ocrx_word' id='word_1_159' title='bbox 631 3860 827 3974; x_wconf 80' lang='lat' dir='ltr'>prolixitate</span> <span class='ocrx_word' id='word_1_160' title='bbox 852 3878 1086 3973; x_wconf 88' lang='lat' dir='ltr'>conqueritur,</span> <span class='ocrx_word' id='word_1_161' title='bbox 1115 3898 1210 3971; x_wconf 87' lang='lat' dir='ltr'>saepe</span> 
     </span>
     <span class='ocr_line' id='line_1_25' title="bbox 130 3999 779 4093; baseline -0.002 -22"><span class='ocrx_word' id='word_1_162' title='bbox 130 3999 360 4093; x_wconf 71' lang='lat' dir='ltr'>virgilianum</span> <span class='ocrx_word' id='word_1_163' title='bbox 381 4002 465 4073; x_wconf 93' lang='lat' dir='ltr'>illud</span> <span class='ocrx_word' id='word_1_164' title='bbox 486 4002 520 4071; x_wconf 92' lang='lat' dir='ltr'>in</span> <span class='ocrx_word' id='word_1_165' title='bbox 541 4023 601 4073; x_wconf 91' lang='lat' dir='ltr'>ore</span> <span class='ocrx_word' id='word_1_166' title='bbox 622 3999 779 4071; x_wconf 87' lang='lat' dir='ltr'>habens:</span> 
     </span>
    </p>
   </div>
   <div class='ocr_carea' id='block_1_9' title="bbox 290 4183 1117 4266">
    <p class='ocr_par' dir='ltr' id='par_1_9' title="bbox 290 4183 1117 4266">
     <span class='ocr_line' id='line_1_26' title="bbox 290 4183 1117 4266; baseline -0.004 -17"><span class='ocrx_word' id='word_1_167' title='bbox 290 4188 403 4250; x_wconf 87' lang='lat' dir='ltr'>ltaliam</span> <span class='ocrx_word' id='word_1_168' title='bbox 420 4187 581 4266; x_wconf 86' lang='lat' dir='ltr'>sequimur</span> <span class='ocrx_word' id='word_1_169' title='bbox 597 4185 782 4264; x_wconf 79' lang='lat' dir='ltr'>fugientem,</span> <span class='ocrx_word' id='word_1_170' title='bbox 802 4191 833 4247; x_wconf 90' lang='lat' dir='ltr'>ct</span> <span class='ocrx_word' id='word_1_171' title='bbox 850 4184 1007 4247; x_wconf 81' lang='lat' dir='ltr'>volvimur</span> <span class='ocrx_word' id='word_1_172' title='bbox 1020 4183 1117 4249; x_wconf 89' lang='lat' dir='ltr'>undis.</span> 
     </span>
    </p>
   </div>
   <div class='ocr_carea' id='block_1_10' title="bbox 128 4371 1207 4591">
    <p class='ocr_par' dir='ltr' id='par_1_10' title="bbox 128 4371 1207 4591">
     <span class='ocr_line' id='line_1_27' title="bbox 128 4371 1207 4469; baseline 0.001 -27"><span class='ocrx_word' id='word_1_173' title='bbox 128 4372 199 4444; x_wconf 90' lang='lat' dir='ltr'>Nec</span> <span class='ocrx_word' id='word_1_174' title='bbox 221 4372 403 4445; x_wconf 89' lang='lat' dir='ltr'>immerito:</span> <span class='ocrx_word' id='word_1_175' title='bbox 424 4371 568 4467; x_wconf 87' lang='lat' dir='ltr'>putabat</span> <span class='ocrx_word' id='word_1_176' title='bbox 589 4372 680 4443; x_wconf 92' lang='lat' dir='ltr'>enim</span> <span class='ocrx_word' id='word_1_177' title='bbox 699 4394 755 4443; x_wconf 92' lang='lat' dir='ltr'>me</span> <span class='ocrx_word' id='word_1_178' title='bbox 775 4372 810 4443; x_wconf 92' lang='lat' dir='ltr'>in</span> <span class='ocrx_word' id='word_1_179' title='bbox 827 4373 935 4445; x_wconf 87' lang='lat' dir='ltr'>Gallia</span> <span class='ocrx_word' id='word_1_180' title='bbox 954 4373 1125 4469; x_wconf 86' lang='lat' dir='ltr'>reperire3</span> <span class='ocrx_word' id='word_1_181' title='bbox 1146 4373 1207 4445; x_wconf 91' lang='lat' dir='ltr'>sed</span> 
     </span>
     <span class='ocr_line' id='line_1_28' title="bbox 129 4494 1207 4591; baseline 0.003 -28"><span class='ocrx_word' id='word_1_182' title='bbox 129 4494 220 4568; x_wconf 91' lang='lat' dir='ltr'>illam</span> <span class='ocrx_word' id='word_1_183' title='bbox 253 4497 361 4569; x_wconf 74' lang='lat' dir='ltr'>curiae</span> <span class='ocrx_word' id='word_1_184' title='bbox 388 4497 557 4568; x_wconf 88' lang='lat' dir='ltr'>sentinam</span> <span class='ocrx_word' id='word_1_185' title='bbox 586 4497 732 4569; x_wconf 86' lang='lat' dir='ltr'>tolerare</span> <span class='ocrx_word' id='word_1_186' title='bbox 759 4496 996 4591; x_wconf 87' lang='lat' dir='ltr'>nequiveram.</span> <span class='ocrx_word' id='word_1_187' title='bbox 1022 4497 1207 4569; x_wconf 84' lang='lat' dir='ltr'>Proximus</span> 
     </span>
    </p>
   </div>
   <div class='ocr_carea' id='block_1_11' title="bbox 0 0 1350 5024">
    <p class='ocr_par' dir='ltr' id='par_1_11' title="bbox 0 0 1350 5024">
     <span class='ocr_line' id='line_1_29' title="bbox 0 0 1350 5024; baseline 0 7"><span class='ocrx_word' id='word_1_188' title='bbox 0 0 1350 5024; x_wconf 95' lang='lat' dir='ltr'> </span> 
     </span>
    </p>
   </div>
  </div>
 </body>
</html>
