2692 5024
395 648 487 696 cruca
509 648 877 699 cernuus—uersuum
901 651 950 698 ru.
1152 639 1211 700 lla

129 790 324 883 expergisci
346 789 466 861 datum
489 792 582 860 sitl'
610 791 679 862 Sed
703 793 747 864 de
776 793 840 863 boc
865 792 962 862 alias.
990 793 1088 864 Nunc
1113 795 1213 866 inex·
1311 871 1317 878 ,

130 912 290 983 haustam
318 912 444 982 seriem
471 912 663 1003 gemituum
690 935 847 983 meorum
881 934 1086 1006 prosequor.
1120 916 1212 987 Non-

129 1034 214 1105 dum
241 1031 476 1104 satisfeceram
499 1035 675 1117 Fortunae,
703 1034 770 1104 nisi
797 1035 950 1106 acutiore
981 1059 1037 1106 me
1066 1039 1212 1130 cuspide

129 1155 320 1247 impeteret,
341 1166 376 1226 et
396 1156 440 1225 ad
461 1155 548 1225 iram
569 1155 628 1226 Dei
651 1155 880 1245 malignorum
903 1158 999 1227 suror
1020 1159 1210 1230 accederet.

129 1278 192 1348 Hei
214 1276 310 1358 mihi,
339 1276 405 1347 iam
428 1276 589 1360 deficere,
618 1277 686 1345 iam
715 1286 864 1348 tremere
897 1276 1042 1372 incipi03
1077 1279 1211 1351 illorum

84 1479 92 1485 ⁴
129 1421 226 1470 more
251 1420 341 1491 quos
374 1399 506 1491 primus
533 1409 651 1489 torpor
675 1398 802 1485 gelidae
828 1398 935 1470 febris
962 1400 1115 1483 invadit,
1143 1402 1212 1475 iam

131 1530 201 1592 toto
220 1542 365 1613 corpore
385 1520 606 1605 colonam,
629 1529 664 1591 et
684 1521 831 1592 libenter
857 1522 958 1594 valde
978 1523 1023 1595 ab
1043 1524 1097 1594 bis
1118 1525 1212 1596 curis

129 1653 165 1715 et
184 1643 230 1715 ab
250 1644 314 1714 boc
337 1664 498 1713 sermone
520 1643 751 1727 diverterem3
775 1643 837 1715 sed
858 1644 1000 1738 impellit
1025 1671 1064 1719 ac
1089 1649 1212 1742 praeci-

131 1767 216 1860 pitat
235 1766 389 1839 animum
407 1767 516 1849 dolor,
536 1788 641 1857 quem
662 1769 799 1838 frenare
818 1790 887 1838 non
904 1772 1014 1840 valeo.
1036 1773 1131 1842 Duos
1150 1793 1213 1840 no-

130 1889 184 1962 bis
205 1891 336 1963 amicos
357 1893 492 1961 fortuna
516 1890 716 1980 reliquerat,
738 1901 774 1961 et
793 1890 872 1961 licet
889 1890 976 1961 alios
997 1892 1210 1984 reliquisset,

131 2014 153 2083 ii
179 2025 295 2085 tamen
320 2024 419 2085 erant
451 2013 659 2105 quibuscum
686 2021 824 2106 tempus
853 2013 936 2082 vitae
962 2023 1092 2085 nostrae
1119 2017 1213 2107 quod

131 2143 254 2220 restat,
276 2157 317 2206 ea
338 2157 406 2206 non
429 2136 645 2228 probibente,
668 2156 773 2226 posse
795 2136 978 2207 traducere
995 2136 1211 2208 videbamur.

131 2256 221 2340 Quid
242 2256 333 2326 enim
355 2279 402 2326 ex
420 2255 582 2327 omnibus
602 2254 792 2326 obstabat?
812 2257 886 2327 Non
913 2269 1115 2351 paupertas
1144 2281 1211 2330 non

131 2378 274 2460 divitiae,
295 2401 363 2448 non
385 2378 573 2470 disparitas
594 2380 833 2461 voluntatum;
855 2380 993 2451 animus
1011 2382 1046 2452 in
1063 2391 1212 2475 quatuor

132 2523 222 2571 unus
240 2509 324 2571 erat.
344 2503 463 2594 ltaque
481 2501 667 2592 gloriabar,
691 2502 929 2593 antiquitatem
948 2504 1100 2595 perraris
1122 2517 1158 2575 et
1178 2507 1211 2575 in

131 2623 281 2695 diversis
304 2624 443 2695 saeculis
466 2647 535 2696 uno
556 2628 612 2695 vel
633 2627 756 2708 altero,
780 2637 918 2697 aetatem
946 2649 1032 2700 vero
1057 2639 1211 2700 nostram

130 2769 223 2830 esse,
247 2756 282 2818 et
302 2748 445 2819 domum
466 2771 572 2818 unam
594 2747 694 2819 brevi
715 2750 787 2819 lore
809 2748 947 2819 duobus
967 2749 1068 2818 simul
1086 2750 1214 2822 amico-

131 2892 207 2940 rnm
223 2868 367 2962 paribus
387 2869 602 2940 adornatam.
621 2871 736 2942 lllinus
753 2873 891 2965 proprie
907 2874 1003 2965 paria
1017 2873 1211 2955 nominavi;

131 3015 238 3064 unum
267 3001 355 3074 erat,
384 2991 563 3063 imovero
592 2996 723 3063 nullum
751 3014 823 3086 par,
853 2993 915 3064 sed
954 3016 1022 3067 una
1058 2996 1212 3067 omnium

131 3136 243 3197 mens,
271 3122 309 3182 ut
334 3113 419 3183 dixi.
446 3114 537 3197 Quid
565 3116 652 3208 (beu
679 3115 806 3209 mihil)
841 3118 935 3188 Luca
968 3127 1088 3188 nostro
1113 3117 1212 3188 beni-

131 3238 264 3329 gnius?
281 3237 374 3320 Quid
390 3237 570 3310 Mainardo
588 3239 733 3309 suavius
748 3242 765 3308 ‘l
783 3240 821 3309 ln
839 3261 986 3331 quorum
1004 3239 1130 3311 iudicio
1147 3261 1212 3311 nos

130 3380 247 3430 errare
267 3358 464 3429 diuturnior
484 3360 698 3451 experientia
720 3383 788 3432 non
811 3361 956 3432 sinebat.
979 3362 1116 3435 Primus
1136 3362 1212 3455 qui-

131 3482 211 3553 dem
234 3481 284 3552 sic
304 3481 420 3554 animo
439 3481 665 3574 compositus,
686 3490 724 3551 ut
744 3492 873 3575 praeter
892 3482 1135 3555 dulcissimum
1160 3484 1213 3554 iu·

131 3603 457 3696 cundissimumque
485 3603 696 3686 convictum,
724 3603 828 3674 etiam
855 3615 1053 3675 nostrornm
1082 3599 1213 3673 studio

132 3750 208 3797 rum
231 3726 403 3821 particeps
424 3735 459 3796 et
478 3747 596 3797 comes
618 3736 723 3796 esset.
745 3726 841 3796 Alter
858 3735 986 3807 autem,
1005 3725 1071 3796 etsi
1089 3724 1212 3794 buius·

130 3849 265 3920 cemodi
292 3870 407 3919 rerum
435 3871 576 3942 expers,
604 3847 744 3919 abunde
770 3855 886 3919 tamen
912 3855 1054 3918 ornatus
1080 3845 1123 3933 iis
1148 3868 1211 3940 per

130 3993 211 4063 quae
225 3972 350 4043 studiis
364 3970 491 4041 talibus
504 3971 720 4064 pervenitur,
740 3970 954 4042 humanitate
972 3967 1110 4050 scilicet,
1130 3965 1208 4050 fide,

130 4092 346 4175 liberalitate,
369 4094 573 4163 constantia.
601 4093 691 4175 Quid
717 4093 854 4162 multa‘l
879 4090 1086 4161 Liberalium
1106 4088 1211 4160 disei-

130 4216 301 4306 plinarum
323 4215 478 4298 nescius,
502 4216 566 4286 sed
586 4215 639 4284 vir
660 4213 772 4285 bonus
798 4224 834 4283 et
859 4212 991 4284 amicus
1016 4232 1097 4282 esse
1122 4209 1210 4282 didi-

211 4413 217 4441 ¹
234 4412 295 4464 lleic
307 4414 331 4462 in
345 4413 448 4464 Venetis
461 4413 643 4478 antiquioribus
655 4413 812 4465 Edltlonlbus
828 4413 934 4478 epistola
946 4413 999 4464 haec
1015 4413 1125 4475 expllelt.
1143 4411 1209 4463 Reli-

129 4503 179 4553 qua
195 4491 457 4553 lnllsdeslderaptur.
868 4491 870 4493 ’
