2692 5024
408 384 417 395 a

335 679 428 729 urum
448 674 817 738 eunucus—nurerum
838 673 879 725 vr.
1094 659 1156 724 215

79 826 183 899 deum
199 823 352 917 quaeris‘l
368 821 459 907 Quid
476 823 602 914 putas?
617 819 692 892 Nisi
708 818 793 891 illud
810 818 975 913 sapientis
992 815 1158 890 Hebraeo·

81 971 174 1021 rum:
195 949 328 1017 conitus
347 947 548 1029 vanitatum,
571 955 602 1014 ct
621 945 735 1015 omnia
755 941 907 1013 conitus?
924 941 993 1013 Sed
1009 941 1060 1014 sio
1077 951 1160 1014 sunt

81 1092 195 1145 mores
219 1069 408 1141 hominum.

178 1192 229 1265 Tu
248 1192 338 1275 vale,
360 1199 397 1263 et
414 1191 567 1274 favente,
589 1208 665 1274 uro,
694 1185 934 1260 edsis‘nnimu.

221 1336 271 1391 XV
283 1336 345 1392 Kal.
361 1336 481 1392 Martius.
498 1335 642 1391 Ariniuue.

492 1746 671 1812 EPISTOLA
690 1747 745 1812 llll.

149 1937 343 1990 remundus
364 1937 532 1987 eueniunt
554 1938 702 1988 nuunnru
724 1938 845 1988 sicnrn
866 1940 940 1990 uuor
960 1940 986 1990 s
1009 1939 1037 1989 u.
1061 1942 1091 1992 u.

132 2108 234 2164 Narrat
246 2125 276 2164 sc
289 2108 318 2163 in
333 2104 465 2180 Capitulio
480 2107 604 2162 lauream
617 2109 768 2180 accepisse,
783 2112 810 2163 el
824 2125 882 2163 sue
895 2108 984 2164 laudis
999 2109 1106 2165 invidus

519 2202 726 2252 commemorat.

172 2424 347 2508 Quantum
385 2419 446 2493 tibi
482 2419 675 2493 liberalium
707 2430 743 2493 et
774 2421 1001 2494 honestarum
1036 2424 1162 2496 ortium

83 2545 199 2619 studia
219 2545 398 2629 deberent,
421 2567 545 2638 regum
566 2544 684 2632 decus,
710 2568 856 2640 quornm
882 2555 916 2619 te
939 2567 1080 2641 quoque
1105 2569 1161 2620 ro-

83 2692 161 2761 gem
183 2668 354 2740 industria
371 2667 483 2740 fecisti
503 2668 694 2762 aliquanto,
720 2670 788 2742 nisi
812 2673 923 2754 tollor,
950 2692 1056 2765 quem
1077 2680 1165 2744 tem·

83 2791 211 2888 perulis
233 2792 332 2884 regni
351 2790 548 2863 diademate
568 2793 761 2882 clariorem,
781 2795 863 2866 olim
892 2793 1024 2867 mundo
1043 2805 1164 2868 notum

83 2923 169 2986 erut.
191 2915 289 2986 Novo
309 2935 420 3008 nuper
440 2913 608 2987 beneficio
629 2899 788 2988 desertas
807 2917 963 2989 Pierides
984 2916 1161 3008 obligasti,

83 3037 210 3132 quibus
223 3037 289 3110 hoc
307 3058 432 3122 meum,
454 3040 809 3132 quantulumcumque
828 3049 891 3123 est
911 3038 1086 3130 ingenium
1108 3059 1165 3110 so-

85 3158 243 3230 lemniter
263 3157 486 3232 consecrasti.
510 3157 566 3230 Ad
585 3160 661 3231 haec
680 3171 716 3231 et
741 3158 863 3231 urbem
888 3180 1032 3245 romam,
1051 3170 1087 3232 et
1102 3158 1166 3232 ob-

86 3284 232 3354 soletum
256 3283 413 3376 Capitolii
433 3281 598 3376 palatium
619 3280 943 3377 insperato-gaudio
962 3293 999 3354 et
1017 3282 1163 3357 insuetis

84 3405 264 3478 frondibus
285 3406 467 3478 decorasti.
503 3407 614 3478 Parve
639 3426 696 3477 res
722 3408 885 3493 sortasse,
912 3405 1041 3481 dixerit
1064 3408 1165 3502 quis·

85 3529 190 3622 piam,
210 3528 275 3600 sed
291 3530 442 3622 proiecto
455 3531 608 3603 novitate
625 3528 823 3622 conspicua,
837 3539 873 3601 et
885 3533 1002 3627 pupuli
1019 3530 1164 3604 Romani

86 3653 211 3743 plausu
232 3672 273 3723 uc
293 3652 507 3727 iucunditate
526 3651 744 3748 percelebris.
771 3653 918 3725 Laureae
942 3673 1071 3724 nomen
1095 3671 1165 3723 non

86 3773 324 3846 intermissum
359 3778 462 3850 modo
497 3787 547 3850 tot
574 3776 724 3862 saeculis,
759 3777 821 3849 sed
846 3776 892 3847 ibi
919 3776 986 3847 iam
1019 3795 1164 3868 prorsus

85 3896 250 3971 oblivioni
272 3899 451 3985 traditum,
474 3901 551 3972 aliis
571 3903 719 3973 multum
741 3898 893 3973 diversis
911 3897 1006 3971 curis
1025 3918 1066 3968 uc
1091 3903 1165 3968 stu·

86 4020 156 4093 diis
180 4021 215 4093 in
250 4022 427 4116 republica
448 4023 662 4115 vigentibus,
685 4033 803 4095 nostru
822 4032 925 4094 aetate
944 4028 1163 4106 renovatum,

87 4153 121 4214 te
143 4144 244 4230 duce,
276 4168 332 4216 me
365 4144 483 4217 milite.
518 4144 596 4217 Scio
623 4145 801 4238 quaedum,
836 4151 872 4215 et
899 4141 1112 4237 periteliem
1131 4151 1168 4214 et

87 4267 181 4361 epud
203 4277 346 4341 exteras
380 4267 548 4350 notiones,
569 4265 709 4357 ingenie
725 4266 933 4353 clarissime,
968 4285 1049 4360 quae
1081 4262 1167 4335 nihil

88 4388 134 4462 ab
154 4390 221 4462 huc
242 4391 432 4484 proposito,
468 4389 535 4461 nisi
565 4388 760 4462 desuetudo
790 4389 937 4482 longior,
967 4398 1004 4461 et
1028 4406 1168 4482 semper

90 4524 255 4609 suspecte
277 4537 393 4586 rernm
427 4512 566 4587 novitus
597 4511 750 4600 eruebat,
775 4533 854 4588 eam
873 4511 1051 4611 deinceps,
1072 4519 1168 4606 post-
