2692 5024
773 298 810 345 ιθ·
870 336 874 341 .

127 552 188 617 2⁰0
463 564 506 617 bb
526 562 629 617 1111118
647 558 870 615 sumimus
933 556 936 561 ’

127 728 224 780 mum
242 706 289 780 ud
304 704 427 779 uitioru
442 698 820 797 subreberem'tis'm
836 712 894 775 est
908 700 994 775 mibi
1008 702 1212 777 umento

127 850 212 902 num
230 824 418 921 Augustini
435 826 577 914 librum,
594 796 773 901 obaubitu
786 834 858 899 tuoe
869 846 1011 912 munus,
1023 814 1208 923 inspiue're,

127 974 233 1048 quem
256 962 293 1025 et
315 946 503 1027 morituris
526 960 563 1022 et
585 948 765 1023 donatoris
788 948 824 1021 in
848 948 1055 1037 memorium
1087 970 1208 1036 servo,

127 1074 310 1170 bubeomre
341 1094 480 1169 semper
510 1074 546 1145 in
578 1062 750 1145 manib'us.
792 1071 968 1163 Pugillure
999 1072 1207 1167 opuseulum

126 1200 309 1299 perexigui
339 1197 540 1283 voluminis,
575 1196 639 1270 sed
669 1192 815 1269 intinitae
844 1194 1041 1269 duioedinis
1074 1192 1206 1289 sperio,

126 1327 279 1399 tenturus
298 1318 469 1419 quidquid
491 1328 699 1393 ooourreret.
724 1317 817 1405 Quid
839 1316 932 1390 enim
957 1316 1027 1390 nisi
1050 1318 1152 1412 pium
1174 1326 1210 1391 et

126 1448 293 1521 devotum
312 1452 434 1539 posset
451 1441 666 1515 occurrere?
683 1442 787 1515 Forte
807 1448 924 1514 eutem
938 1440 1101 1515 decimus
1116 1438 1209 1513 iliius

126 1568 251 1665 operis
261 1566 350 1639 tiber
365 1564 503 1639 obtutus
519 1575 585 1637 est
602 1565 733 1652 Frater,
752 1570 943 1661 expectans
960 1584 1025 1661 por
1035 1584 1079 1637 os
1092 1582 1208 1635 meum

127 1690 173 1763 ub
191 1686 390 1783 Augustino
422 1685 553 1783 aliquid
584 1687 715 1774 audire,
743 1686 884 1760 intentis
908 1684 1056 1759 uuribus
1082 1684 1208 1787 stubut

126 1816 237 1888 Deum
256 1820 379 1898 testor,
399 1810 587 1907 ipsumque
610 1811 670 1906 qui
694 1810 826 1898 ederat,
852 1808 949 1904 quod
971 1806 1033 1881 ubi
1057 1790 1207 1903 primun

126 1934 236 2009 detixi
254 1936 374 2009 oculos
395 1934 563 2029 seriptum
585 1941 682 2007 erut:
706 1930 755 2003 Et
777 1942 857 2003 eunt
880 1932 1028 2003 tonum
1046 1929 1211 2003 moereri

126 2059 197 2129 otto
207 2058 383 2142 montium,
396 2066 428 2129 et
438 2058 590 2149 ineuntes
599 2055 850 2150 fluctus-moris,
863 2064 896 2125 et
908 2054 1083 2125 iutuemur
1100 2054 1209 2149 tapsus

124 2180 315 2273 fluminum,
336 2191 368 2251 et
383 2182 500 2253 oceani
518 2181 690 2263 ambitum,
711 2188 744 2248 et
761 2198 861 2271 qyros
884 2173 1038 2261 sidenem,
1059 2186 1093 2246 et
1107 2176 1209 2247 relin-

127 2314 233 2399 quunt
254 2325 288 2374 se
312 2304 408 2397 ipsos.
442 2302 630 2399 Obstupui,
656 2304 780 2388 fateor,
808 2300 1042 2396 audiendique
1065 2301 1209 2373 uvidum

126 2429 269 2498 fratrem
286 2447 415 2516 rogans
435 2447 478 2496 ne
499 2424 583 2496 mibi
605 2426 772 2496 molestus
796 2432 904 2508 esset,
930 2421 1057 2493 librum
1082 2420 1206 2506 oluusi,

128 2550 237 2620 iratus
257 2546 413 2619 mihimet
432 2548 527 2640 quod
543 2568 635 2618 nuno
651 2546 754 2618 etiam
773 2544 951 2619 terrestria
968 2544 1131 2631 mirarer,
1150 2543 1209 2639 qui

127 2669 331 2764 iampridem
349 2668 394 2741 ab
411 2669 497 2762 ipsis
513 2669 668 2761 gentium
681 2667 895 2765 pbilosophis
912 2667 1049 2741 disoere
1066 2666 1209 2741 debuis-

130 2815 220 2879 sem,
242 2791 327 2863 nihil
361 2802 487 2886 praeter
519 2790 672 2864 animum
698 2814 779 2864 esse
805 2791 973 2876 mirabile,
999 2790 1058 2863 eui
1083 2810 1209 2885 magno

128 2917 214 2991 nihii
224 2925 280 2989 est
291 2938 470 3011 magnum.
488 2916 584 2988 Tune
599 2939 685 2989 vero
702 2925 854 2987 montem
873 2915 958 2987 satis
977 2913 1112 2986 vidisse
1129 2936 1210 2987 oon·

129 3050 253 3124 tentus,
275 3041 310 3111 in
331 3062 385 3112 me
406 3041 522 3134 ipsum
541 3038 724 3111 interiores
741 3039 861 3110 oculos
881 3037 1020 3119 reflexi3
1039 3048 1077 3108 et
1087 3058 1137 3109 ex
1154 3036 1210 3108 illu

129 3164 215 3234 horu
234 3183 304 3232 non
325 3164 388 3234 tuit
406 3163 467 3255 qui
487 3185 543 3235 me
563 3165 762 3257 loquentem
783 3160 930 3245 audiret,
949 3159 1061 3231 donee
1079 3161 1125 3233 ad
1143 3158 1211 3233 mni

129 3281 363 3378 pervenimus.
384 3284 474 3355 Satis
495 3283 580 3355 mibi
601 3286 729 3376 negotii
750 3283 897 3355 verbum
923 3284 1007 3356 illud
1031 3286 1208 3371 attulerat,

129 3428 195 3478 nec
210 3403 343 3500 opinari
360 3416 513 3499 poteram
531 3405 565 3477 id
582 3406 720 3478 fortuito
736 3406 940 3501 contigisse3
959 3407 1023 3479 sed
1039 3408 1211 3504 quidquid

129 3529 177 3602 ibi
197 3531 349 3623 tegerem
370 3529 455 3599 mihi
474 3538 510 3600 et
528 3551 599 3601 non
624 3531 721 3603 alteri
746 3532 875 3604 dietum
902 3531 1026 3616 rebsr3
1052 3534 1210 3606 recolens

130 3652 225 3747 quod
237 3650 327 3722 idem
342 3651 387 3723 de
401 3673 439 3724 se
457 3652 532 3746 ipso
551 3655 748 3751 suspicatus
766 3654 846 3726 olim
864 3663 960 3727 esset
976 3654 1208 3748 Augustinus,

129 3774 269 3870 quando
294 3772 328 3843 in
355 3776 499 3848 lectione
524 3777 660 3851 Codicis
693 3777 895 3872 Apostolici,
923 3786 963 3849 ut
986 3778 1062 3872 ipse
1087 3782 1208 3866 refert,

130 3903 280 3995 primum
307 3897 371 3971 sibi
396 3899 479 3972 illud
504 3901 675 3973 occurritt
706 3901 784 3972 Non
807 3904 843 3971 in
864 3903 1153 3974 comessationibus
1180 3910 1211 3972 et

130 4022 359 4106 obdormitum
380 4046 448 4094 non
465 4026 502 4094 in
520 4026 679 4095 eubilibus
694 4037 725 4095 et
741 4023 973 4119 impudicitiis5
991 4047 1058 4094 oon
1076 4028 1114 4095 iu
1131 4047 1211 4097 con-

131 4148 274 4217 tentione
291 4157 322 4217 et
337 4150 557 4232 emulatione,
576 4146 632 4219 sed
646 4146 773 4220 induite
790 4149 969 4219 Dominum
980 4147 1094 4218 lesum
1114 4145 1210 4218 curt-

130 4280 228 4353 stum,
251 4281 282 4340 et
301 4274 411 4342 cornis
427 4272 672 4365 providentium
692 4297 734 4345 ne
752 4276 892 4366 feceritis
916 4275 953 4343 in
979 4273 1210 4365 concupiscen-

132 4389 185 4458 ob
216 4394 341 4462 uestris.
362 4395 463 4478 Quod
488 4395 556 4467 iam
582 4406 662 4468 ante
682 4396 832 4468 Antonio
851 4395 1032 4497 uooiderut,
1054 4395 1206 4487 quando,
