2692 5024
191 839 240 915 ΙΝ
271 838 434 918 LIBROS
467 841 525 917 llll
554 841 700 920 REBUS
732 841 1055 920 FAMlblrilllBUS

505 1038 743 1109 PRAEFATIO.

245 1560 441 1613 aaaaclscus
463 1559 629 1610 raduanus
650 1559 785 1610 socnam
805 1562 864 1613 SUO
884 1563 911 1613 S.
929 1566 956 1614 P.
975 1567 1004 1615 ll.

91 1726 213 1799 liugnam
226 1727 393 1798 scriptorum
403 1741 518 1780 suorum
528 1731 633 1796 partem
646 1724 765 1780 llammis
775 1726 989 1782 comburendam
999 1728 1157 1785 tradidisse:

191 1817 287 1871 multis
299 1822 391 1871 tamea
401 1821 428 1870 et
437 1817 589 1887 praesertim
597 1816 699 1870 litteris
711 1815 745 1870 ad
758 1816 906 1870 familiares
919 1833 984 1871 suos
998 1823 1025 1872 et
1038 1819 1160 1889 epistolis

193 1905 305 1977 poeticis
322 1905 489 1977 pepercisse:
509 1905 613 1976 basque
632 1905 748 1961 Barbeto
767 1906 958 1974 Sulmonensi,
977 1907 1038 1961 illas
1056 1909 1159 1963 Socrati

195 2011 225 2048 se
243 1992 443 2049 commendare.
464 1992 548 2048 Plura
566 1993 600 2047 de
617 1995 717 2049 harum
736 1980 891 2050 litteraium
904 1995 966 2049 stilo
984 2000 1012 2049 et
1030 1997 1158 2065 artificio,

196 2086 224 2136 et
236 2080 270 2136 de
282 2082 343 2136 vitae
355 2098 412 2136 suae
425 2080 666 2136 vicissitudinibus.

187 2292 278 2377 Quid
302 2314 386 2363 vero
418 2314 509 2363 nunc
543 2292 697 2382 agimus
724 2293 859 2362 irater?
884 2294 972 2362 ane
996 2294 1065 2363 iam
1092 2298 1161 2365 lere

93 2413 206 2483 omnia
227 2414 457 2498 tentavimus,
478 2422 513 2484 et
533 2433 706 2505 nusquam
726 2414 874 2506 requies.
901 2413 1049 2498 Quando
1069 2416 1161 2486 illam

92 2539 346 2630 expectamus?
367 2536 431 2608 Ubi
452 2558 529 2606 eam
550 2537 772 2629 quaerimus‘l
792 2537 959 2628 Tempora
982 2534 1033 2627 (ut
1051 2536 1159 2629 aiunt)

92 2656 177 2731 iuter
196 2659 325 2750 digitos
344 2659 564 2729 effluxemnt.
579 2661 664 2751 Spes
678 2669 808 2730 nostrae
825 2667 960 2729 veteres
977 2681 1055 2729 cum
1077 2658 1162 2729 ami-

92 2784 139 2855 cis
161 2783 306 2875 sepultae
327 2789 418 2852 sunt.
437 2780 638 2852 Millesimus
656 2781 915 2853 trecentesimus
933 2781 1162 2874 quadragesi-

93 2926 169 2975 mus
194 2912 341 2975 octavus
367 2924 479 2973 annus
503 2912 572 2987 est,
599 2903 660 2995 qui
688 2926 751 2974 nos
782 2905 874 2975 solos
908 2912 1012 2993 atque
1043 2903 1162 2997 inopes

92 3023 178 3093 lecit.
198 3022 318 3116 Neque
336 3022 427 3092 enim
444 3042 486 3092 ea
502 3021 602 3093 nobis
617 3021 759 3093 abstulit
771 3043 852 3114 quae
867 3021 950 3092 lndo
965 3030 1025 3090 aut
1038 3021 1162 3112 Caspio

93 3143 321 3235 Carpathiove
341 3143 429 3214 mari
448 3145 638 3214 restaurari
657 3153 795 3236 queant.
819 3141 1061 3234 irreparabiles
1082 3151 1163 3212 sunt

97 3267 226 3339 ultimae
246 3267 410 3349 iacturae;
431 3277 467 3338 et
486 3267 729 3359 quodcumque
749 3287 844 3336 mors
865 3265 986 3349 intulit
1008 3264 1164 3338 immedi-

95 3392 202 3465 cabile
222 3392 350 3462 vanus
370 3399 434 3462 est.
454 3391 565 3461 Unum
582 3400 638 3461 est
659 3392 826 3461 solamen:
848 3399 1082 3483 sequemuret
1097 3389 1163 3483 ipsi

93 3537 181 3607 quos
202 3513 458 3606 praemisimus:
484 3535 565 3605 quae
585 3513 725 3606 quidem
745 3511 940 3606 expectatio
960 3536 1066 3606 quam
1086 3513 1164 3585 bre-

94 3637 148 3709 vis
174 3637 289 3707 lutura
310 3635 355 3707 sit
373 3635 499 3707 nescio.
527 3637 597 3707 Hoc
623 3634 716 3707 scio:
742 3636 835 3727 quod
860 3638 962 3726 longa
991 3656 1163 3706 essenon

94 3768 216 3851 potest.
237 3758 558 3850 Quantulacumque
580 3780 664 3830 sane
683 3767 757 3844 est,
780 3781 849 3830 non
869 3768 982 3851 potest
1000 3776 1163 3827 essenon

94 3883 248 3952 molesta.
270 3878 338 3950 Sed
363 3901 383 3949 a
409 3879 559 3971 querelis
581 3881 701 3952 saltem
722 3881 757 3951 in
782 3880 946 3973 principio
972 3888 1165 3969 temperan-

94 4003 178 4074 dum
196 4011 260 4073 est.
282 4002 366 4085 Tibi,
387 4005 504 4087 frater,
526 4024 688 4094 quaenam
710 4003 759 4072 tui
778 4023 862 4071 cura
884 4002 943 4085 sit,
965 3998 1112 4091 quidde
1132 4007 1165 4069 te

95 4127 169 4219 ipso
195 4125 326 4217 cogites
352 4125 482 4217 ignoro.
508 4125 584 4217 Ego
609 4127 677 4197 iam
706 4125 897 4196 sarcinulas
927 4141 1105 4211 compono,
1130 4128 1166 4190 et

97 4245 202 4342 (quod
233 4248 416 4340 migraturi
449 4248 570 4343 solent)
605 4249 689 4342 quid
720 4265 854 4317 mecum
880 4242 1053 4324 deferam,
1080 4240 1166 4333 quid

96 4368 181 4442 inter
203 4370 332 4443 amicos
353 4371 504 4464 partiar,
525 4371 609 4463 quid
628 4367 768 4461 ignibus
786 4363 947 4435 mandem
964 4362 1166 4457 circumspi-

95 4490 158 4563 cio.
178 4492 272 4563 Nihil
295 4492 386 4564 enim
408 4493 530 4565 venale
548 4492 632 4563 mibi
650 4499 715 4564 est.
743 4490 827 4559 Sum
853 4508 937 4559 sane
961 4484 1063 4559 ditior
1089 4487 1164 4582 (seu
