<?xml version="1.0" encoding="UTF-8"?>
<!DOCTYPE html PUBLIC "-//W3C//DTD XHTML 1.0 Transitional//EN"
    "http://www.w3.org/TR/xhtml1/DTD/xhtml1-transitional.dtd">
<html xmlns="http://www.w3.org/1999/xhtml" xml:lang="en" lang="en">
 <head>
  <title>
</title>
<meta http-equiv="Content-Type" content="text/html;charset=utf-8" />
  <meta name='ocr-system' content='tesseract 3.04.00' />
  <meta name='ocr-capabilities' content='ocr_page ocr_carea ocr_par ocr_line ocrx_word'/>
</head>
<body>
  <div class='ocr_page' id='page_1' title='image "./epistolaederebu00fracgoog_0337.png"; bbox 0 0 2692 5024; ppageno 0'>
   <div class='ocr_carea' id='block_1_1' title="bbox 186 638 927 709">
    <p class='ocr_par' dir='ltr' id='par_1_1' title="bbox 186 638 927 709">
     <span class='ocr_line' id='line_1_1' title="bbox 186 638 927 709; baseline 0.005 -6"><span class='ocrx_word' id='word_1_1' title='bbox 186 638 247 703; x_wconf 84' lang='lat' dir='ltr'><strong>l&#39;lt</strong></span> <span class='ocrx_word' id='word_1_2' title='bbox 520 652 563 703; x_wconf 81' lang='lat' dir='ltr'><strong>on</strong></span> <span class='ocrx_word' id='word_1_3' title='bbox 583 654 685 707; x_wconf 85' lang='lat' dir='ltr'><strong>amos</strong></span> <span class='ocrx_word' id='word_1_4' title='bbox 706 654 927 709; x_wconf 73' lang='lat' dir='ltr'><strong>assumamus</strong></span> 
     </span>
    </p>
   </div>
   <div class='ocr_carea' id='block_1_2' title="bbox 101 796 1316 2004">
    <p class='ocr_par' dir='ltr' id='par_1_2' title="bbox 101 796 1316 2004">
     <span class='ocr_line' id='line_1_2' title="bbox 184 796 1316 895; baseline 0.004 -24"><span class='ocrx_word' id='word_1_5' title='bbox 184 817 247 871; x_wconf 80' lang='lat' dir='ltr'><strong>ore</strong></span> <span class='ocrx_word' id='word_1_6' title='bbox 281 796 434 893; x_wconf 87' lang='lat' dir='ltr'><strong>loquitur</strong></span> <span class='ocrx_word' id='word_1_7' title='bbox 470 796 531 893; x_wconf 88' lang='lat' dir='ltr'><strong>qui</strong></span> <span class='ocrx_word' id='word_1_8' title='bbox 564 818 634 870; x_wconf 92' lang='lat' dir='ltr'><strong>non</strong></span> <span class='ocrx_word' id='word_1_9' title='bbox 666 797 772 872; x_wconf 88' lang='lat' dir='ltr'><strong>modo</strong></span> <span class='ocrx_word' id='word_1_10' title='bbox 802 797 920 887; x_wconf 84' lang='lat' dir='ltr'><strong>novit,</strong></span> <span class='ocrx_word' id='word_1_11' title='bbox 963 797 1029 872; x_wconf 82' lang='lat' dir='ltr'><strong>sod</strong></span> <span class='ocrx_word' id='word_1_12' title='bbox 1062 808 1100 871; x_wconf 86' lang='lat' dir='ltr'><strong>at</strong></span> <span class='ocrx_word' id='word_1_13' title='bbox 1131 800 1270 875; x_wconf 80' lang='lat' dir='ltr'><strong>creavit</strong></span> <span class='ocrx_word' id='word_1_14' title='bbox 1311 886 1316 895; x_wconf 45' lang='grc'><strong>,</strong></span> 
     </span>
     <span class='ocr_line' id='line_1_3' title="bbox 165 898 1266 1015; baseline 0 -20"><span class='ocrx_word' id='word_1_15' title='bbox 165 898 355 995; x_wconf 67' lang='lat' dir='ltr'><strong>&#39;homme</strong></span> <span class='ocrx_word' id='word_1_16' title='bbox 381 921 416 993; x_wconf 82' lang='lat' dir='ltr'><strong>1s</strong></span> <span class='ocrx_word' id='word_1_17' title='bbox 435 942 521 1014; x_wconf 72' lang='lat' dir='ltr'><strong>orgo</strong></span> <span class='ocrx_word' id='word_1_18' title='bbox 536 920 622 1014; x_wconf 80' lang='lat' dir='ltr'><strong>qno</strong></span> <span class='ocrx_word' id='word_1_19' title='bbox 637 920 707 994; x_wconf 77' lang='lat' dir='ltr'><strong>ana</strong></span> <span class='ocrx_word' id='word_1_20' title='bbox 734 920 812 993; x_wconf 69' lang='lat' dir='ltr'><strong>nou</strong></span> <span class='ocrx_word' id='word_1_21' title='bbox 840 932 887 993; x_wconf 73' lang='lat' dir='ltr'><strong>ar</strong></span> <span class='ocrx_word' id='word_1_22' title='bbox 914 921 973 1015; x_wconf 73' lang='lat' dir='ltr'><strong>qn·</strong></span> <span class='ocrx_word' id='word_1_23' title='bbox 997 920 1103 1015; x_wconf 65' lang='lat' dir='ltr'><strong>[aar</strong></span> <span class='ocrx_word' id='word_1_24' title='bbox 1132 922 1266 1013; x_wconf 67' lang='lat' dir='ltr'><strong>mm,</strong></span> 
     </span>
     <span class='ocr_line' id='line_1_4' title="bbox 185 1042 1265 1141; baseline 0.006 -26"><span class='ocrx_word' id='word_1_25' title='bbox 185 1065 254 1115; x_wconf 85' lang='lat' dir='ltr'><strong>non</strong></span> <span class='ocrx_word' id='word_1_26' title='bbox 269 1055 316 1116; x_wconf 79' lang='lat' dir='ltr'><strong>est</strong></span> <span class='ocrx_word' id='word_1_27' title='bbox 330 1067 432 1138; x_wconf 74' lang='lat' dir='ltr'><strong>usqne</strong></span> <span class='ocrx_word' id='word_1_28' title='bbox 446 1042 491 1117; x_wconf 75' lang='lat' dir='ltr'><strong>orl</strong></span> <span class='ocrx_word' id='word_1_29' title='bbox 505 1067 620 1117; x_wconf 82' lang='lat' dir='ltr'><strong>unum.</strong></span> <span class='ocrx_word' id='word_1_30' title='bbox 637 1046 745 1119; x_wconf 83' lang='lat' dir='ltr'><strong>Poeta</strong></span> <span class='ocrx_word' id='word_1_31' title='bbox 759 1065 903 1140; x_wconf 66' lang='lat' dir='ltr'><strong>munos,</strong></span> <span class='ocrx_word' id='word_1_32' title='bbox 921 1046 1092 1141; x_wconf 83' lang='lat' dir='ltr'><strong>propbeta</strong></span> <span class='ocrx_word' id='word_1_33' title='bbox 1113 1048 1265 1136; x_wconf 75' lang='lat' dir='ltr'><strong>nullm,</strong></span> 
     </span>
     <span class='ocr_line' id='line_1_5' title="bbox 184 1167 1268 1269; baseline 0.002 -28"><span class='ocrx_word' id='word_1_34' title='bbox 184 1175 221 1241; x_wconf 90' lang='lat' dir='ltr'><strong>et</strong></span> <span class='ocrx_word' id='word_1_35' title='bbox 240 1167 433 1241; x_wconf 87' lang='lat' dir='ltr'><strong>secundum</strong></span> <span class='ocrx_word' id='word_1_36' title='bbox 455 1189 557 1241; x_wconf 89' lang='lat' dir='ltr'><strong>suum</strong></span> <span class='ocrx_word' id='word_1_37' title='bbox 578 1189 724 1241; x_wconf 87' lang='lat' dir='ltr'><strong>sensum</strong></span> <span class='ocrx_word' id='word_1_38' title='bbox 740 1178 887 1263; x_wconf 88' lang='lat' dir='ltr'><strong>uterque</strong></span> <span class='ocrx_word' id='word_1_39' title='bbox 903 1168 1096 1243; x_wconf 84' lang='lat' dir='ltr'><strong>verissime.</strong></span> <span class='ocrx_word' id='word_1_40' title='bbox 1113 1170 1168 1242; x_wconf 85' lang='lat' dir='ltr'><strong>Tu</strong></span> <span class='ocrx_word' id='word_1_41' title='bbox 1179 1192 1268 1269; x_wconf 80' lang='lat' dir='ltr'><strong>vero</strong></span> 
     </span>
     <span class='ocr_line' id='line_1_6' title="bbox 101 1290 1268 1389; baseline 0.002 -24"><span class='ocrx_word' id='word_1_42' title='bbox 101 1298 107 1311; x_wconf 81' lang='grc'><em>“</em></span> <span class='ocrx_word' id='word_1_43' title='bbox 186 1290 362 1388; x_wconf 85' lang='lat' dir='ltr'><strong>(quoniam</strong></span> <span class='ocrx_word' id='word_1_44' title='bbox 381 1292 639 1388; x_wconf 86' lang='lat' dir='ltr'><strong>desperandum</strong></span> <span class='ocrx_word' id='word_1_45' title='bbox 664 1291 819 1387; x_wconf 81' lang='lat' dir='ltr'><strong>nonest)</strong></span> <span class='ocrx_word' id='word_1_46' title='bbox 841 1292 977 1387; x_wconf 81' lang='lat' dir='ltr'><strong>aliquos</strong></span> <span class='ocrx_word' id='word_1_47' title='bbox 993 1292 1106 1367; x_wconf 81' lang='lat' dir='ltr'><strong>bonos</strong></span> <span class='ocrx_word' id='word_1_48' title='bbox 1118 1292 1268 1389; x_wconf 88' lang='lat' dir='ltr'><strong>reperiri</strong></span> 
     </span>
     <span class='ocr_line' id='line_1_7' title="bbox 184 1414 1268 1513; baseline -0.002 -22"><span class='ocrx_word' id='word_1_49' title='bbox 184 1438 305 1511; x_wconf 87' lang='lat' dir='ltr'><strong>posse,</strong></span> <span class='ocrx_word' id='word_1_50' title='bbox 322 1415 508 1499; x_wconf 64' lang='lat' dir='ltr'><strong>arbitrata</strong></span> <span class='ocrx_word' id='word_1_51' title='bbox 529 1438 585 1501; x_wconf 89' lang='lat' dir='ltr'><strong>ne,</strong></span> <span class='ocrx_word' id='word_1_52' title='bbox 603 1438 684 1489; x_wconf 92' lang='lat' dir='ltr'><strong>cum</strong></span> <span class='ocrx_word' id='word_1_53' title='bbox 700 1416 745 1489; x_wconf 86' lang='lat' dir='ltr'><strong>de</strong></span> <span class='ocrx_word' id='word_1_54' title='bbox 760 1414 924 1490; x_wconf 87' lang='lat' dir='ltr'><strong>omnibus</strong></span> <span class='ocrx_word' id='word_1_55' title='bbox 939 1414 1131 1513; x_wconf 86' lang='lat' dir='ltr'><strong>desperare</strong></span> <span class='ocrx_word' id='word_1_56' title='bbox 1147 1436 1268 1513; x_wconf 86' lang='lat' dir='ltr'><strong>coepe-</strong></span> 
     </span>
     <span class='ocr_line' id='line_1_8' title="bbox 186 1538 1264 1634; baseline 0.001 -22"><span class='ocrx_word' id='word_1_57' title='bbox 186 1540 305 1626; x_wconf 91' lang='lat' dir='ltr'><strong>rimus,</strong></span> <span class='ocrx_word' id='word_1_58' title='bbox 330 1540 377 1614; x_wconf 88' lang='lat' dir='ltr'><strong>de</strong></span> <span class='ocrx_word' id='word_1_59' title='bbox 400 1538 501 1614; x_wconf 89' lang='lat' dir='ltr'><strong>nobis</strong></span> <span class='ocrx_word' id='word_1_60' title='bbox 521 1540 626 1614; x_wconf 90' lang='lat' dir='ltr'><strong>etiam</strong></span> <span class='ocrx_word' id='word_1_61' title='bbox 645 1538 845 1613; x_wconf 83' lang='lat' dir='ltr'><strong>necessario</strong></span> <span class='ocrx_word' id='word_1_62' title='bbox 863 1538 1109 1634; x_wconf 70' lang='lat' dir='ltr'><strong>desperemum</strong></span> <span class='ocrx_word' id='word_1_63' title='bbox 1130 1541 1264 1633; x_wconf 76' lang='lat' dir='ltr'><strong>cogita,</strong></span> 
     </span>
     <span class='ocr_line' id='line_1_9' title="bbox 187 1661 1267 1761; baseline 0.004 -28"><span class='ocrx_word' id='word_1_64' title='bbox 187 1661 355 1758; x_wconf 85' lang='lat' dir='ltr'><strong>quosdam</strong></span> <span class='ocrx_word' id='word_1_65' title='bbox 372 1685 441 1737; x_wconf 92' lang='lat' dir='ltr'><strong>non</strong></span> <span class='ocrx_word' id='word_1_66' title='bbox 459 1663 562 1736; x_wconf 92' lang='lat' dir='ltr'><strong>modo</strong></span> <span class='ocrx_word' id='word_1_67' title='bbox 575 1662 685 1736; x_wconf 90' lang='lat' dir='ltr'><strong>bonos</strong></span> <span class='ocrx_word' id='word_1_68' title='bbox 697 1685 788 1748; x_wconf 86' lang='lat' dir='ltr'><strong>esse,</strong></span> <span class='ocrx_word' id='word_1_69' title='bbox 804 1662 869 1737; x_wconf 84' lang='lat' dir='ltr'><strong>sed</strong></span> <span class='ocrx_word' id='word_1_70' title='bbox 881 1662 1046 1759; x_wconf 78' lang='lat' dir='ltr'><strong>optimos3</strong></span> <span class='ocrx_word' id='word_1_71' title='bbox 1058 1673 1095 1736; x_wconf 92' lang='lat' dir='ltr'><strong>et</strong></span> <span class='ocrx_word' id='word_1_72' title='bbox 1106 1684 1175 1761; x_wconf 89' lang='lat' dir='ltr'><strong>pro</strong></span> <span class='ocrx_word' id='word_1_73' title='bbox 1184 1686 1267 1739; x_wconf 89' lang='lat' dir='ltr'><strong>con-</strong></span> 
     </span>
     <span class='ocr_line' id='line_1_10' title="bbox 186 1784 1264 1873; baseline 0.003 -16"><span class='ocrx_word' id='word_1_74' title='bbox 186 1784 304 1858; x_wconf 86' lang='lat' dir='ltr'><strong>cordia</strong></span> <span class='ocrx_word' id='word_1_75' title='bbox 334 1785 459 1858; x_wconf 90' lang='lat' dir='ltr'><strong>harum</strong></span> <span class='ocrx_word' id='word_1_76' title='bbox 483 1786 756 1859; x_wconf 88' lang='lat' dir='ltr'><strong>discordantium</strong></span> <span class='ocrx_word' id='word_1_77' title='bbox 782 1785 1048 1872; x_wconf 86' lang='lat' dir='ltr'><strong>sententiarum,</strong></span> <span class='ocrx_word' id='word_1_78' title='bbox 1082 1786 1264 1873; x_wconf 77' lang='lat' dir='ltr'><strong>Flaccum,</strong></span> 
     </span>
     <span class='ocr_line' id='line_1_11' title="bbox 186 1908 916 2004; baseline 0 -23"><span class='ocrx_word' id='word_1_79' title='bbox 186 1909 283 1981; x_wconf 89' lang='lat' dir='ltr'><strong>velut</strong></span> <span class='ocrx_word' id='word_1_80' title='bbox 302 1908 483 1983; x_wconf 85' lang='lat' dir='ltr'><strong>arbitrario</strong></span> <span class='ocrx_word' id='word_1_81' title='bbox 503 1909 796 2004; x_wconf 76' lang='lat' dir='ltr'><strong>pronuntiantem,</strong></span> <span class='ocrx_word' id='word_1_82' title='bbox 818 1908 916 1981; x_wconf 89' lang='lat' dir='ltr'><strong>audi:</strong></span> 
     </span>
    </p>
   </div>
   <div class='ocr_carea' id='block_1_3' title="bbox 346 2110 1168 2289">
    <p class='ocr_par' dir='ltr' id='par_1_3' title="bbox 346 2110 1168 2289">
     <span class='ocr_line' id='line_1_12' title="bbox 346 2110 1168 2193; baseline -0.002 -14"><span class='ocrx_word' id='word_1_83' title='bbox 346 2112 422 2179; x_wconf 85' lang='lat' dir='ltr'><strong>llam</strong></span> <span class='ocrx_word' id='word_1_84' title='bbox 439 2112 524 2178; x_wconf 84' lang='lat' dir='ltr'><strong>vitiis</strong></span> <span class='ocrx_word' id='word_1_85' title='bbox 539 2128 630 2177; x_wconf 89' lang='lat' dir='ltr'><strong>nemo</strong></span> <span class='ocrx_word' id='word_1_86' title='bbox 646 2112 713 2177; x_wconf 87' lang='lat' dir='ltr'><strong>sine</strong></span> <span class='ocrx_word' id='word_1_87' title='bbox 728 2112 879 2177; x_wconf 75' lang='lat' dir='ltr'><strong>comitur:</strong></span> <span class='ocrx_word' id='word_1_88' title='bbox 901 2112 1038 2193; x_wconf 89' lang='lat' dir='ltr'><strong>optimus</strong></span> <span class='ocrx_word' id='word_1_89' title='bbox 1051 2110 1101 2175; x_wconf 88' lang='lat' dir='ltr'><strong>ille</strong></span> <span class='ocrx_word' id='word_1_90' title='bbox 1119 2119 1168 2177; x_wconf 85' lang='lat' dir='ltr'><strong>est</strong></span> 
     </span>
     <span class='ocr_line' id='line_1_13' title="bbox 349 2209 717 2289; baseline 0.005 -16"><span class='ocrx_word' id='word_1_91' title='bbox 349 2209 408 2284; x_wconf 85' lang='lat' dir='ltr'><strong>Qui</strong></span> <span class='ocrx_word' id='word_1_92' title='bbox 424 2210 562 2274; x_wconf 87' lang='lat' dir='ltr'><strong>minimis</strong></span> <span class='ocrx_word' id='word_1_93' title='bbox 578 2218 717 2289; x_wconf 76' lang='lat' dir='ltr'><strong>urgetur.</strong></span> 
     </span>
    </p>
   </div>
   <div class='ocr_carea' id='block_1_4' title="bbox 188 2407 1269 4594">
    <p class='ocr_par' dir='ltr' id='par_1_4' title="bbox 188 2407 1269 4594">
     <span class='ocr_line' id='line_1_14' title="bbox 189 2407 1264 2504; baseline 0.005 -28"><span class='ocrx_word' id='word_1_94' title='bbox 189 2408 245 2479; x_wconf 87' lang='lat' dir='ltr'><strong>Sic</strong></span> <span class='ocrx_word' id='word_1_95' title='bbox 264 2417 320 2479; x_wconf 91' lang='lat' dir='ltr'><strong>est</strong></span> <span class='ocrx_word' id='word_1_96' title='bbox 341 2409 507 2500; x_wconf 88' lang='lat' dir='ltr'><strong>prolecto:</strong></span> <span class='ocrx_word' id='word_1_97' title='bbox 541 2407 646 2480; x_wconf 84' lang='lat' dir='ltr'>Stoici</span> <span class='ocrx_word' id='word_1_98' title='bbox 677 2408 755 2479; x_wconf 86' lang='lat' dir='ltr'><strong>licet</strong></span> <span class='ocrx_word' id='word_1_99' title='bbox 783 2407 1000 2504; x_wconf 81' lang='lat' dir='ltr'><strong>obstrepant,</strong></span> <span class='ocrx_word' id='word_1_100' title='bbox 1031 2408 1095 2502; x_wconf 87' lang='lat' dir='ltr'><strong>qui</strong></span> <span class='ocrx_word' id='word_1_101' title='bbox 1126 2430 1264 2481; x_wconf 89' lang='lat' dir='ltr'><strong>omnem</strong></span> 
     </span>
     <span class='ocr_line' id='line_1_15' title="bbox 189 2508 1265 2626; baseline 0.005 -26"><span class='ocrx_word' id='word_1_102' title='bbox 189 2530 347 2602; x_wconf 81' lang='lat' dir='ltr'>morbum</span> <span class='ocrx_word' id='word_1_103' title='bbox 377 2552 425 2600; x_wconf 85' lang='lat' dir='ltr'><strong>ex</strong></span> <span class='ocrx_word' id='word_1_104' title='bbox 453 2530 579 2602; x_wconf 91' lang='lat' dir='ltr'><strong>animis</strong></span> <span class='ocrx_word' id='word_1_105' title='bbox 612 2552 652 2603; x_wconf 91' lang='lat' dir='ltr'><strong>se</strong></span> <span class='ocrx_word' id='word_1_106' title='bbox 680 2531 845 2604; x_wconf 87' lang='lat' dir='ltr'><strong>radicitus</strong></span> <span class='ocrx_word' id='word_1_107' title='bbox 865 2534 1051 2604; x_wconf 88' lang='lat' dir='ltr'><strong>avulsuros</strong></span> <span class='ocrx_word' id='word_1_108' title='bbox 1073 2508 1265 2626; x_wconf 73' lang='lat' dir='ltr'><strong>sponderit3</strong></span> 
     </span>
     <span class='ocr_line' id='line_1_16' title="bbox 188 2653 1266 2750; baseline 0.001 -26"><span class='ocrx_word' id='word_1_109' title='bbox 188 2653 444 2748; x_wconf 76' lang='lat' dir='ltr'><strong>praeclarissimi</strong></span> <span class='ocrx_word' id='word_1_110' title='bbox 476 2655 703 2743; x_wconf 89' lang='lat' dir='ltr'><strong>medicorum,</strong></span> <span class='ocrx_word' id='word_1_111' title='bbox 725 2654 829 2728; x_wconf 91' lang='lat' dir='ltr'><strong>modo</strong></span> <span class='ocrx_word' id='word_1_112' title='bbox 851 2656 947 2748; x_wconf 89' lang='lat' dir='ltr'><strong>quod</strong></span> <span class='ocrx_word' id='word_1_113' title='bbox 971 2654 1177 2750; x_wconf 85' lang='lat' dir='ltr'><strong>pollicentur</strong></span> <span class='ocrx_word' id='word_1_114' title='bbox 1202 2655 1266 2725; x_wconf 94' lang='lat' dir='ltr'><strong>im-</strong></span> 
     </span>
     <span class='ocr_line' id='line_1_17' title="bbox 189 2777 1266 2873; baseline 0.003 -24"><span class='ocrx_word' id='word_1_115' title='bbox 189 2779 333 2871; x_wconf 91' lang='lat' dir='ltr'><strong>plerent.</strong></span> <span class='ocrx_word' id='word_1_116' title='bbox 354 2777 424 2851; x_wconf 85' lang='lat' dir='ltr'><strong>Sed</strong></span> <span class='ocrx_word' id='word_1_117' title='bbox 442 2779 479 2850; x_wconf 92' lang='lat' dir='ltr'><strong>in</strong></span> <span class='ocrx_word' id='word_1_118' title='bbox 498 2777 572 2850; x_wconf 82' lang='lat' dir='ltr'><strong>vita</strong></span> <span class='ocrx_word' id='word_1_119' title='bbox 595 2777 789 2863; x_wconf 92' lang='lat' dir='ltr'><strong>bominum,</strong></span> <span class='ocrx_word' id='word_1_120' title='bbox 815 2778 860 2850; x_wconf 90' lang='lat' dir='ltr'><strong>de</strong></span> <span class='ocrx_word' id='word_1_121' title='bbox 884 2800 956 2873; x_wconf 90' lang='lat' dir='ltr'><strong>qua</strong></span> <span class='ocrx_word' id='word_1_122' title='bbox 978 2777 1079 2851; x_wconf 88' lang='lat' dir='ltr'><strong>nobis</strong></span> <span class='ocrx_word' id='word_1_123' title='bbox 1104 2778 1266 2852; x_wconf 77' lang='lat' dir='ltr'><strong>amicitiae</strong></span> 
     </span>
     <span class='ocr_line' id='line_1_18' title="bbox 188 2902 1267 2998; baseline -0.002 -22"><span class='ocrx_word' id='word_1_124' title='bbox 188 2902 383 2997; x_wconf 78' lang='lat' dir='ltr'><strong>deligendae</strong></span> <span class='ocrx_word' id='word_1_125' title='bbox 411 2911 505 2981; x_wconf 82' lang='lat' dir='ltr'><strong>sunt,</strong></span> <span class='ocrx_word' id='word_1_126' title='bbox 532 2902 769 2997; x_wconf 85' lang='lat' dir='ltr'><strong>experimento</strong></span> <span class='ocrx_word' id='word_1_127' title='bbox 794 2912 1010 2998; x_wconf 89' lang='lat' dir='ltr'><strong>compertum</strong></span> <span class='ocrx_word' id='word_1_128' title='bbox 1034 2910 1105 2987; x_wconf 89' lang='lat' dir='ltr'><strong>est,</strong></span> <span class='ocrx_word' id='word_1_129' title='bbox 1133 2903 1267 2975; x_wconf 91' lang='lat' dir='ltr'><strong>nullum</strong></span> 
     </span>
     <span class='ocr_line' id='line_1_19' title="bbox 189 3023 1267 3123; baseline -0.002 -22"><span class='ocrx_word' id='word_1_130' title='bbox 189 3029 341 3102; x_wconf 89' lang='lat' dir='ltr'><strong>animum</strong></span> <span class='ocrx_word' id='word_1_131' title='bbox 353 3026 566 3123; x_wconf 86' lang='lat' dir='ltr'><strong>quantalibet</strong></span> <span class='ocrx_word' id='word_1_132' title='bbox 583 3026 769 3099; x_wconf 87' lang='lat' dir='ltr'><strong>serenitate</strong></span> <span class='ocrx_word' id='word_1_133' title='bbox 785 3026 1021 3120; x_wconf 89' lang='lat' dir='ltr'><strong>tranquillum,</strong></span> <span class='ocrx_word' id='word_1_134' title='bbox 1039 3023 1180 3099; x_wconf 86' lang='lat' dir='ltr'><strong>levibus</strong></span> <span class='ocrx_word' id='word_1_135' title='bbox 1198 3028 1267 3099; x_wconf 88' lang='lat' dir='ltr'><strong>sal·</strong></span> 
     </span>
     <span class='ocr_line' id='line_1_20' title="bbox 189 3149 1268 3245; baseline 0.004 -25"><span class='ocrx_word' id='word_1_136' title='bbox 189 3162 258 3221; x_wconf 89' lang='lat' dir='ltr'><strong>tem</strong></span> <span class='ocrx_word' id='word_1_137' title='bbox 272 3151 445 3223; x_wconf 84' lang='lat' dir='ltr'><strong>interdum</strong></span> <span class='ocrx_word' id='word_1_138' title='bbox 461 3150 776 3245; x_wconf 80' lang='lat' dir='ltr'><strong>perturbationibus</strong></span> <span class='ocrx_word' id='word_1_139' title='bbox 796 3171 866 3222; x_wconf 90' lang='lat' dir='ltr'><strong>non</strong></span> <span class='ocrx_word' id='word_1_140' title='bbox 881 3149 1024 3236; x_wconf 91' lang='lat' dir='ltr'><strong>moveri,</strong></span> <span class='ocrx_word' id='word_1_141' title='bbox 1038 3171 1105 3221; x_wconf 89' lang='lat' dir='ltr'><strong>neo</strong></span> <span class='ocrx_word' id='word_1_142' title='bbox 1119 3149 1268 3244; x_wconf 88' lang='lat' dir='ltr'><strong>quibus-</strong></span> 
     </span>
     <span class='ocr_line' id='line_1_21' title="bbox 189 3270 1267 3365; baseline 0.004 -23"><span class='ocrx_word' id='word_1_143' title='bbox 189 3270 269 3343; x_wconf 85' lang='lat' dir='ltr'><strong>dam</strong></span> <span class='ocrx_word' id='word_1_144' title='bbox 286 3272 517 3345; x_wconf 88' lang='lat' dir='ltr'><strong>humanarum</strong></span> <span class='ocrx_word' id='word_1_145' title='bbox 530 3296 645 3345; x_wconf 90' lang='lat' dir='ltr'><strong>rerum</strong></span> <span class='ocrx_word' id='word_1_146' title='bbox 660 3273 856 3345; x_wconf 90' lang='lat' dir='ltr'><strong>turbinibus</strong></span> <span class='ocrx_word' id='word_1_147' title='bbox 870 3272 1003 3365; x_wconf 80' lang='lat' dir='ltr'><strong>agitari.</strong></span> <span class='ocrx_word' id='word_1_148' title='bbox 1018 3272 1205 3360; x_wconf 84' lang='lat' dir='ltr'><strong>Caeterum,</strong></span> <span class='ocrx_word' id='word_1_149' title='bbox 1220 3275 1267 3346; x_wconf 93' lang='lat' dir='ltr'><strong>si·</strong></span> 
     </span>
     <span class='ocr_line' id='line_1_22' title="bbox 188 3395 1265 3480; baseline 0.001 -13"><span class='ocrx_word' id='word_1_150' title='bbox 188 3404 248 3467; x_wconf 91' lang='lat' dir='ltr'><strong>cut</strong></span> <span class='ocrx_word' id='word_1_151' title='bbox 266 3406 400 3468; x_wconf 87' lang='lat' dir='ltr'><strong>armata</strong></span> <span class='ocrx_word' id='word_1_152' title='bbox 418 3396 521 3468; x_wconf 90' lang='lat' dir='ltr'><strong>navis</strong></span> <span class='ocrx_word' id='word_1_153' title='bbox 541 3397 576 3467; x_wconf 93' lang='lat' dir='ltr'><strong>in</strong></span> <span class='ocrx_word' id='word_1_154' title='bbox 596 3399 665 3469; x_wconf 88' lang='lat' dir='ltr'><strong>alto</strong></span> <span class='ocrx_word' id='word_1_155' title='bbox 685 3395 920 3480; x_wconf 86' lang='lat' dir='ltr'><strong>fluctuabitur,</strong></span> <span class='ocrx_word' id='word_1_156' title='bbox 946 3417 1017 3466; x_wconf 93' lang='lat' dir='ltr'><strong>non</strong></span> <span class='ocrx_word' id='word_1_157' title='bbox 1043 3395 1265 3479; x_wconf 84' lang='lat' dir='ltr'><strong>succumbet,</strong></span> 
     </span>
     <span class='ocr_line' id='line_1_23' title="bbox 188 3518 1268 3625; baseline 0 -35"><span class='ocrx_word' id='word_1_158' title='bbox 188 3536 315 3613; x_wconf 91' lang='lat' dir='ltr'><strong>eaque,</strong></span> <span class='ocrx_word' id='word_1_159' title='bbox 338 3528 376 3589; x_wconf 93' lang='lat' dir='ltr'><strong>ut</strong></span> <span class='ocrx_word' id='word_1_160' title='bbox 396 3518 512 3604; x_wconf 90' lang='lat' dir='ltr'><strong>navis,</strong></span> <span class='ocrx_word' id='word_1_161' title='bbox 535 3520 585 3593; x_wconf 91' lang='lat' dir='ltr'><strong>sic</strong></span> <span class='ocrx_word' id='word_1_162' title='bbox 605 3519 710 3592; x_wconf 90' lang='lat' dir='ltr'><strong>animi</strong></span> <span class='ocrx_word' id='word_1_163' title='bbox 730 3519 904 3625; x_wconf 86' lang='lat' dir='ltr'><strong>praecipua</strong></span> <span class='ocrx_word' id='word_1_164' title='bbox 933 3522 1010 3593; x_wconf 90' lang='lat' dir='ltr'><strong>laus</strong></span> <span class='ocrx_word' id='word_1_165' title='bbox 1040 3520 1122 3604; x_wconf 86' lang='lat' dir='ltr'><strong>erit;</strong></span> <span class='ocrx_word' id='word_1_166' title='bbox 1148 3518 1199 3593; x_wconf 91' lang='lat' dir='ltr'><strong>ita</strong></span> <span class='ocrx_word' id='word_1_167' title='bbox 1224 3521 1268 3593; x_wconf 92' lang='lat' dir='ltr'><strong>sit</strong></span> 
     </span>
     <span class='ocr_line' id='line_1_24' title="bbox 191 3642 1267 3740; baseline 0.001 -25"><span class='ocrx_word' id='word_1_168' title='bbox 191 3644 297 3740; x_wconf 74' lang='lat' dir='ltr'><strong>(quod</strong></span> <span class='ocrx_word' id='word_1_169' title='bbox 311 3642 432 3716; x_wconf 83' lang='lat' dir='ltr'><strong>Stoicis</strong></span> <span class='ocrx_word' id='word_1_170' title='bbox 445 3664 515 3714; x_wconf 91' lang='lat' dir='ltr'><strong>non</strong></span> <span class='ocrx_word' id='word_1_171' title='bbox 527 3645 664 3736; x_wconf 86' lang='lat' dir='ltr'><strong>placet),</strong></span> <span class='ocrx_word' id='word_1_172' title='bbox 682 3653 720 3715; x_wconf 89' lang='lat' dir='ltr'><strong>ut</strong></span> <span class='ocrx_word' id='word_1_173' title='bbox 735 3643 770 3714; x_wconf 89' lang='lat' dir='ltr'><strong>in</strong></span> <span class='ocrx_word' id='word_1_174' title='bbox 788 3644 853 3716; x_wconf 90' lang='lat' dir='ltr'><strong>hac</strong></span> <span class='ocrx_word' id='word_1_175' title='bbox 865 3643 952 3728; x_wconf 90' lang='lat' dir='ltr'><strong>vita,</strong></span> <span class='ocrx_word' id='word_1_176' title='bbox 967 3644 1021 3715; x_wconf 91' lang='lat' dir='ltr'><strong>cui</strong></span> <span class='ocrx_word' id='word_1_177' title='bbox 1036 3643 1121 3715; x_wconf 90' lang='lat' dir='ltr'><strong>nihil</strong></span> <span class='ocrx_word' id='word_1_178' title='bbox 1135 3645 1267 3717; x_wconf 89' lang='lat' dir='ltr'><strong>scimus</strong></span> 
     </span>
     <span class='ocr_line' id='line_1_25' title="bbox 188 3765 1268 3861; baseline 0.004 -24"><span class='ocrx_word' id='word_1_179' title='bbox 188 3768 306 3841; x_wconf 90' lang='lat' dir='ltr'><strong>inesse</strong></span> <span class='ocrx_word' id='word_1_180' title='bbox 327 3769 527 3861; x_wconf 90' lang='lat' dir='ltr'><strong>perlectum,</strong></span> <span class='ocrx_word' id='word_1_181' title='bbox 551 3765 708 3838; x_wconf 90' lang='lat' dir='ltr'><strong>sanitatis</strong></span> <span class='ocrx_word' id='word_1_182' title='bbox 728 3768 841 3838; x_wconf 91' lang='lat' dir='ltr'><strong>locum</strong></span> <span class='ocrx_word' id='word_1_183' title='bbox 859 3776 976 3839; x_wconf 90' lang='lat' dir='ltr'><strong>teneat</strong></span> <span class='ocrx_word' id='word_1_184' title='bbox 1003 3767 1093 3839; x_wconf 91' lang='lat' dir='ltr'><strong>levis</strong></span> <span class='ocrx_word' id='word_1_185' title='bbox 1123 3789 1167 3841; x_wconf 89' lang='lat' dir='ltr'><strong>ac</strong></span> <span class='ocrx_word' id='word_1_186' title='bbox 1195 3790 1268 3840; x_wconf 91' lang='lat' dir='ltr'><strong>me-</strong></span> 
     </span>
     <span class='ocr_line' id='line_1_26' title="bbox 188 3888 1266 3984; baseline -0.006 -15"><span class='ocrx_word' id='word_1_187' title='bbox 188 3891 346 3969; x_wconf 83' lang='lat' dir='ltr'><strong>dicabilis</strong></span> <span class='ocrx_word' id='word_1_188' title='bbox 366 3890 548 3984; x_wconf 76' lang='lat' dir='ltr'><strong>egritudo.</strong></span> <span class='ocrx_word' id='word_1_189' title='bbox 571 3888 691 3982; x_wconf 82' lang='lat' dir='ltr'><strong>Igitur,</strong></span> <span class='ocrx_word' id='word_1_190' title='bbox 713 3897 753 3961; x_wconf 91' lang='lat' dir='ltr'><strong>ut</strong></span> <span class='ocrx_word' id='word_1_191' title='bbox 772 3890 818 3962; x_wconf 89' lang='lat' dir='ltr'><strong>ad</strong></span> <span class='ocrx_word' id='word_1_192' title='bbox 838 3913 912 3962; x_wconf 88' lang='lat' dir='ltr'><strong>rem</strong></span> <span class='ocrx_word' id='word_1_193' title='bbox 929 3892 1041 3964; x_wconf 90' lang='lat' dir='ltr'><strong>oratio</strong></span> <span class='ocrx_word' id='word_1_194' title='bbox 1058 3902 1266 3977; x_wconf 88' lang='lat' dir='ltr'><strong>revertatur,</strong></span> 
     </span>
     <span class='ocr_line' id='line_1_27' title="bbox 188 4014 1265 4108; baseline 0.002 -22"><span class='ocrx_word' id='word_1_195' title='bbox 188 4038 237 4086; x_wconf 83' lang='lat' dir='ltr'><strong>ex</strong></span> <span class='ocrx_word' id='word_1_196' title='bbox 255 4016 322 4088; x_wconf 93' lang='lat' dir='ltr'><strong>hoc</strong></span> <span class='ocrx_word' id='word_1_197' title='bbox 339 4036 468 4108; x_wconf 81' lang='lat' dir='ltr'><strong>genere</strong></span> <span class='ocrx_word' id='word_1_198' title='bbox 487 4014 677 4098; x_wconf 90' lang='lat' dir='ltr'><strong>bominum,</strong></span> <span class='ocrx_word' id='word_1_199' title='bbox 699 4036 769 4086; x_wconf 94' lang='lat' dir='ltr'><strong>non</strong></span> <span class='ocrx_word' id='word_1_200' title='bbox 788 4035 937 4108; x_wconf 91' lang='lat' dir='ltr'><strong>quorum</strong></span> <span class='ocrx_word' id='word_1_201' title='bbox 957 4017 1050 4088; x_wconf 90' lang='lat' dir='ltr'><strong>nulla</strong></span> <span class='ocrx_word' id='word_1_202' title='bbox 1075 4014 1146 4086; x_wconf 89' lang='lat' dir='ltr'><strong>sint</strong></span> <span class='ocrx_word' id='word_1_203' title='bbox 1163 4014 1265 4102; x_wconf 87' lang='lat' dir='ltr'><strong>vitia,</strong></span> 
     </span>
     <span class='ocr_line' id='line_1_28' title="bbox 190 4137 1269 4233; baseline 0.005 -25"><span class='ocrx_word' id='word_1_204' title='bbox 190 4137 252 4209; x_wconf 90' lang='lat' dir='ltr'><strong>sed</strong></span> <span class='ocrx_word' id='word_1_205' title='bbox 270 4160 418 4231; x_wconf 90' lang='lat' dir='ltr'><strong>quorum</strong></span> <span class='ocrx_word' id='word_1_206' title='bbox 440 4137 524 4210; x_wconf 90' lang='lat' dir='ltr'><strong>vitia</strong></span> <span class='ocrx_word' id='word_1_207' title='bbox 544 4137 733 4211; x_wconf 89' lang='lat' dir='ltr'><strong>virtutibus</strong></span> <span class='ocrx_word' id='word_1_208' title='bbox 754 4138 879 4211; x_wconf 85' lang='lat' dir='ltr'><strong>cedant</strong></span> <span class='ocrx_word' id='word_1_209' title='bbox 899 4137 1006 4233; x_wconf 76' lang='lat' dir='ltr'><strong>(quod</strong></span> <span class='ocrx_word' id='word_1_210' title='bbox 1025 4137 1141 4233; x_wconf 89' lang='lat' dir='ltr'><strong>ipsum</strong></span> <span class='ocrx_word' id='word_1_211' title='bbox 1158 4160 1269 4214; x_wconf 80' lang='lat' dir='ltr'><strong>nove·</strong></span> 
     </span>
     <span class='ocr_line' id='line_1_29' title="bbox 189 4260 1266 4360; baseline 0.007 -31"><span class='ocrx_word' id='word_1_212' title='bbox 189 4260 238 4331; x_wconf 92' lang='lat' dir='ltr'><strong>ris</strong></span> <span class='ocrx_word' id='word_1_213' title='bbox 256 4283 337 4334; x_wconf 89' lang='lat' dir='ltr'><strong>esse</strong></span> <span class='ocrx_word' id='word_1_214' title='bbox 357 4262 596 4360; x_wconf 83' lang='lat' dir='ltr'><strong>rarissimum),</strong></span> <span class='ocrx_word' id='word_1_215' title='bbox 618 4263 749 4336; x_wconf 87' lang='lat' dir='ltr'><strong>amicos</strong></span> <span class='ocrx_word' id='word_1_216' title='bbox 770 4261 843 4349; x_wconf 92' lang='lat' dir='ltr'><strong>tibi,</strong></span> <span class='ocrx_word' id='word_1_217' title='bbox 862 4260 992 4357; x_wconf 87' lang='lat' dir='ltr'><strong>quibus</strong></span> <span class='ocrx_word' id='word_1_218' title='bbox 1004 4271 1104 4356; x_wconf 91' lang='lat' dir='ltr'><strong>potes</strong></span> <span class='ocrx_word' id='word_1_219' title='bbox 1120 4262 1266 4347; x_wconf 85' lang='lat' dir='ltr'><strong>artibus,</strong></span> 
     </span>
     <span class='ocr_line' id='line_1_30' title="bbox 190 4381 1268 4481; baseline 0.006 -30"><span class='ocrx_word' id='word_1_220' title='bbox 190 4381 332 4456; x_wconf 84' lang='lat' dir='ltr'><strong>efficito:</strong></span> <span class='ocrx_word' id='word_1_221' title='bbox 359 4386 490 4481; x_wconf 87' lang='lat' dir='ltr'><strong>poteris</strong></span> <span class='ocrx_word' id='word_1_222' title='bbox 510 4397 625 4459; x_wconf 87' lang='lat' dir='ltr'><strong>autem</strong></span> <span class='ocrx_word' id='word_1_223' title='bbox 651 4387 755 4459; x_wconf 86' lang='lat' dir='ltr'><strong>nullis</strong></span> <span class='ocrx_word' id='word_1_224' title='bbox 780 4385 918 4471; x_wconf 86' lang='lat' dir='ltr'><strong>melius,</strong></span> <span class='ocrx_word' id='word_1_225' title='bbox 946 4407 1051 4480; x_wconf 88' lang='lat' dir='ltr'><strong>quam</strong></span> <span class='ocrx_word' id='word_1_226' title='bbox 1076 4385 1268 4460; x_wconf 81' lang='lat' dir='ltr'><strong>imitatione</strong></span> 
     </span>
     <span class='ocr_line' id='line_1_31' title="bbox 192 4508 1266 4594; baseline 0.003 -16"><span class='ocrx_word' id='word_1_227' title='bbox 192 4529 340 4593; x_wconf 88' lang='lat' dir='ltr'><strong>morum,</strong></span> <span class='ocrx_word' id='word_1_228' title='bbox 359 4531 401 4581; x_wconf 89' lang='lat' dir='ltr'><strong>ac</strong></span> <span class='ocrx_word' id='word_1_229' title='bbox 418 4510 639 4584; x_wconf 86' lang='lat' dir='ltr'><strong>similitudine</strong></span> <span class='ocrx_word' id='word_1_230' title='bbox 656 4509 859 4583; x_wconf 87' lang='lat' dir='ltr'><strong>studiorum.</strong></span> <span class='ocrx_word' id='word_1_231' title='bbox 879 4510 1005 4583; x_wconf 87' lang='lat' dir='ltr'><strong>Contra</strong></span> <span class='ocrx_word' id='word_1_232' title='bbox 1019 4518 1137 4582; x_wconf 86' lang='lat' dir='ltr'><strong>autem</strong></span> <span class='ocrx_word' id='word_1_233' title='bbox 1153 4508 1266 4594; x_wconf 78' lang='lat' dir='ltr'><strong>malie,</strong></span> 
     </span>
    </p>
   </div>
   <div class='ocr_carea' id='block_1_5' title="bbox 0 0 1352 5024">
    <p class='ocr_par' dir='ltr' id='par_1_5' title="bbox 0 0 1352 5024">
     <span class='ocr_line' id='line_1_32' title="bbox 0 0 1352 5024; baseline 0 0"><span class='ocrx_word' id='word_1_234' title='bbox 0 0 1352 5024; x_wconf 95' lang='lat' dir='ltr'><strong> </strong></span> 
     </span>
    </p>
   </div>
  </div>
 </body>
</html>
