2692 5024
35 703 38 707 p
172 625 230 690 122
507 636 550 689 ns
570 636 673 689 nunus
693 636 917 689 runrsnrnus

170 795 209 861 ot
225 783 371 859 abestis
383 784 630 880 voluptatibus,
649 787 770 859 volare
786 785 889 859 ultius
907 784 1084 881 inceperit
1096 786 1127 859 0
1138 787 1260 863 virum

171 908 391 994 ineffabilem,
413 905 631 1003 dignumque
653 929 760 1002 quem
791 908 913 982 Cioero
935 907 1012 1002 ipse
1040 930 1106 1005 pro
1130 910 1259 985 rostris

171 1033 302 1120 loudet,
334 1033 461 1127 suique
490 1030 630 1127 publioe
662 1040 782 1125 gretes
812 1041 916 1124 agot,
950 1032 1049 1126 quod
1070 1033 1260 1109 intertum

171 1157 300 1229 multos
318 1153 487 1247 ingratos,
508 1175 601 1227 unus
620 1153 707 1227 velit
724 1174 806 1227 esso
825 1151 1068 1247 gratissimus!
1091 1156 1259 1232 Ovirum

171 1274 356 1370 magnifiee
385 1276 568 1362 humilem,
601 1285 638 1348 et
668 1275 846 1351 humiliter
863 1278 1065 1350 excelsum!
1096 1300 1168 1353 non
1197 1281 1260 1375 qni

171 1399 294 1475 alienis
313 1398 443 1494 plumis
462 1392 608 1470 omatus
633 1396 837 1471 auctoribus
856 1398 912 1471 bis
932 1398 1091 1484 insultet3
1112 1402 1179 1475 sed
1197 1403 1262 1499 qni

171 1522 240 1597 iem
261 1519 470 1595 Christinnae
494 1519 674 1614 religionis
692 1519 887 1594 uuuntem
906 1520 1050 1617 puppim
1066 1522 1159 1595 inter
1181 1525 1262 1599 bse-

171 1645 360 1716 retioorum
385 1642 548 1737 scopulos
572 1662 699 1735 egens,
725 1640 982 1738 praesentisque
1005 1644 1260 1737 magnitudinis

173 1764 250 1839 sine
268 1763 468 1859 arrogantie
490 1763 559 1837 sibi
578 1764 760 1851 conscius,
781 1764 966 1839 veritatem
989 1764 1260 1861 primordiorum

175 1907 320 1961 suorum
341 1895 379 1961 et
408 1885 653 1962 udolosoentiae
682 1887 879 1961 rudimento
912 1899 1182 1975 commemoret,
1206 1899 1257 1977 et,

174 2010 296 2083 dootor
314 2020 433 2085 tentus
452 2010 630 2098 Ecclesiae,
643 2016 714 2085 n'on
725 2010 913 2084 erubeseat
928 2010 1095 2085 duoutnm
1110 2009 1262 2109 Arpino-

176 2132 220 2205 tis
240 2132 405 2220 bominis,
426 2133 508 2207 lieet
522 2132 590 2207 oiio
603 2131 872 2209 tendentis.Cur
884 2144 1000 2209 nutem
1012 2132 1261 2210 erubesceret?

173 2259 284 2332 Nemo
302 2258 379 2331 dux
398 2258 619 2354 spernendus
643 2269 713 2346 est,
739 2258 801 2353 qui
825 2258 920 2331 viam
946 2257 1069 2331 salutis
1093 2258 1258 2332 ostendit.

174 2381 266 2466 Quid
290 2403 376 2474 ergo
404 2382 521 2453 studio
540 2381 699 2454 veritatis
718 2379 846 2453 obesse
864 2389 979 2475 potest
1002 2381 1060 2453 vel
1079 2380 1176 2453 Plato
1200 2383 1259 2454 vei

175 2505 320 2576 Cicero?
352 2504 509 2589 Quorum
535 2503 678 2577 ulterius
713 2501 832 2576 schola
865 2502 967 2576 fidem
1002 2526 1163 2599 veracem
1187 2524 1260 2577 non

174 2625 279 2698 m'odo
318 2648 387 2697 non
427 2625 633 2719 impugnat,
678 2626 742 2699 sed
780 2627 883 2699 docet
921 2635 958 2698 et
994 2626 1184 2719 praedioat;
1208 2628 1260 2697 al-

175 2747 284 2818 terius
316 2747 395 2818 libri
421 2748 504 2820 reoti
524 2749 570 2820 ad
602 2751 694 2820 iilam
716 2749 850 2822 itineris
870 2747 980 2821 duces
1002 2751 1105 2821 sunt‘i
1124 2748 1258 2823 Eadem

175 2868 273 2943 etde
292 2871 369 2942 aliis
387 2870 456 2944 dici
472 2881 628 2967 possent,
648 2874 712 2945 sod
728 2874 824 2969 piget
839 2871 874 2944 in
891 2893 929 2943 re
947 2871 1130 2944 notissima
1150 2882 1259 2945 testes

175 3016 413 3091 supervacuos
444 2995 661 3090 conquirere.
683 2997 755 3069 Neo
780 3007 895 3070 tumen
928 2995 1007 3068 ideo
1038 2994 1257 3086 negaverim,

175 3120 283 3190 multo
303 3119 397 3213 apud
416 3119 493 3191 illos
512 3142 604 3206 esse,
623 3133 704 3216 quae
716 3120 820 3193 vitari
840 3129 1011 3214 oportent:
1025 3141 1104 3190 oum
1116 3119 1260 3213 etopud

175 3252 313 3311 nostros
333 3242 497 3334 quaedam
524 3245 594 3315 sint
617 3245 813 3338 periculosa
837 3241 1007 3328 incautis,
1034 3250 1071 3312 et
1090 3240 1260 3332 Augusti-

176 3386 244 3434 nus
265 3364 356 3456 ipse,
385 3363 421 3433 in
447 3365 599 3459 quodam
632 3387 782 3459 operoso
804 3364 995 3450 volumine,
1016 3364 1061 3436 de
1081 3362 1260 3435 uberrima

176 3507 293 3559 messe
315 3487 510 3560 studiorum
532 3511 673 3560 suorum
696 3488 962 3562 internascentis
986 3487 1114 3560 erroris
1140 3485 1259 3558 lolium

176 3608 316 3703 proprio
340 3610 463 3705 pollice
487 3610 659 3706 decerpat.
686 3612 778 3698 Quid
803 3616 913 3704 ergo‘?
937 3614 1028 3683 Rara
1066 3609 1168 3682 lectio
1204 3619 1261 3680 est

175 3753 256 3824 quae
281 3732 435 3826 periculo
460 3743 576 3818 vooet,
603 3734 670 3805 nisi
696 3736 826 3827 legenti
852 3736 915 3806 lux
941 3734 1071 3806 divinoe
1099 3730 1259 3805 veritatis

175 3855 358 3941 affulserit,
381 3856 466 3950 quid
487 3858 707 3951 sequendum
727 3858 1015 3931 declinandumve
1035 3858 1177 3930 doeens.
1200 3856 1261 3927 llla

176 3990 291 4051 autem
303 3980 402 4064 duoe,
419 4000 543 4052 secura
562 3992 644 4053 sunt
659 3981 790 4064 omnia3
804 3992 840 4053 et
852 4002 934 4074 quoe
946 4002 1073 4053 nocere
1087 3985 1257 4072 poterant.

177 4101 245 4173 inm
259 4103 420 4199 Syrtibus
434 4103 662 4201 etCharybdi,
672 4113 733 4175 aut
744 4104 887 4176 famosis
901 4104 937 4174 in
949 4107 1018 4176 alto
1033 4101 1185 4194 scopulis
1198 4120 1261 4170 no-

177 4224 263 4295 tiora
285 4239 376 4298 sunt.
399 4229 442 4300 Ut
461 4250 548 4300 vero
569 4229 636 4300 iam
658 4226 797 4301 tandem
817 4229 899 4300 huic
915 4228 1059 4299 lascivae
1076 4221 1261 4297 calumniae

177 4342 258 4416 finis
280 4347 353 4435 fiat,
375 4373 505 4423 verone
525 4377 570 4426 an
590 4340 679 4426 falso
698 4352 936 4446 Augustinum
953 4350 1070 4423 animo
1086 4347 1260 4440 compleo

178 4478 239 4552 tur,
247 4464 322 4558 ipse
335 4472 595 4560 novitEtenim,
617 4473 675 4546 ubi
690 4496 754 4546 neo
769 4476 886 4547 fallere
899 4475 976 4545 vult
987 4472 1261 4567 quisquamneo
