2692 5024
402 2 1331 358 -

330 373 336 389 a
1171 368 1179 383 ⁸
1265 352 1273 367 θ

967 416 972 427 Ι

196 692 255 753 316
538 700 580 749 ne
596 700 698 751 aeuus
719 698 944 749 srunrmtnus
984 738 1007 775 ,

196 874 293 927 mum
312 850 422 936 diem,
442 863 481 923 et
492 848 645 923 laborem
657 857 695 921 et
708 847 893 947 epistolam
913 846 1133 943 partiamur,
1156 868 1294 925 necea-

195 978 278 1051 dem
298 994 512 1071 papyrores
535 950 800 1046 diversissimas
832 970 1072 1045 involvamus.
1109 970 1185 1047 Sed
1208 972 1292 1069 quid

195 1122 337 1175 rursum
361 1098 492 1193 cogito,
518 1095 650 1193 quidve
673 1094 838 1188 policeor
860 1094 923 1169 tibi
948 1094 1046 1171 diem
1066 1096 1290 1193 proximum,

195 1225 449 1320 epistolamque
460 1223 629 1295 alteram?
639 1221 712 1295 Nec
721 1218 793 1293 diei
808 1219 915 1293 unius
925 1240 1019 1317 opus
1037 1230 1112 1306 est,
1134 1240 1204 1295 nec
1220 1221 1292 1319 epi-

197 1350 325 1423 stolare
343 1345 532 1440 negotium.
558 1344 702 1417 Librum
725 1344 854 1439 exigit,
879 1364 987 1438 quem
1003 1364 1078 1417 non
1104 1342 1211 1439 prius
1231 1364 1291 1437 ag·

196 1470 350 1565 grediar‚
377 1469 408 1541 si
434 1478 551 1540 tamen
574 1468 669 1541 ouria
694 1466 886 1542 maioribus
902 1488 974 1541 non
989 1466 1160 1541 retrahor
1185 1476 1290 1563 atqm

196 1593 386 1675 distrahor,
411 1610 518 1685 quam
543 1589 580 1663 in
605 1590 827 1665 solitudinem
851 1610 967 1663 meam
992 1608 1051 1661 mo
1071 1588 1225 1663 iortnna
1240 1610 1291 1663 re·

141 1748 151 1767 =
196 1716 345 1790 vexerit.
366 1712 418 1787 lbi
436 1713 543 1801 enim,
564 1735 636 1787 non
654 1712 751 1801 alibi,
779 1732 880 1787 meus
904 1734 1002 1787 sum:
1028 1710 1080 1785 ibi
1106 1734 1219 1787 mens
1240 1726 1291 1787 eat

195 1840 365 1924 calamus,
382 1837 445 1933 qui
456 1859 550 1911 nunc
564 1836 697 1933 passim
710 1834 869 1921 rebellat,
880 1844 919 1909 et
929 1842 1073 1909 moneat
1089 1833 1289 1931 imperium.

197 1960 454 2037 molestissimis
477 1958 764 2057 occupationibus
789 1958 878 2033 meis
907 1958 1029 2031 lectus.
1059 1956 1118 2031 lta
1146 1958 1212 2033 ille
1235 1960 1290 2057 qu'

195 2107 245 2159 ex
255 2085 333 2159 ocio
345 2106 423 2159 meo
435 2084 518 2177 iuge
528 2082 707 2176 negotium
721 2080 840 2166 babet,
853 2102 903 2153 ex
919 2078 1069 2173 negocio
1083 2078 1157 2155 sibi
1176 2082 1290 2157 οοίιιω

196 2208 337 2301 quaerit,
363 2217 401 2280 et
422 2206 526 2301 quasi
553 2204 681 2299 impius
706 2224 836 2277 seruus
859 2225 900 2277 ae
923 2214 1136 2291 contumax,
1157 2205 1290 2281 domini

197 2328 353 2401 laborem
386 2329 421 2399 in
445 2328 602 2423 requiem
634 2348 735 2400 suam
769 2324 883 2400 trabit.
917 2323 985 2399 Ubi
1009 2346 1103 2399 vem
1136 2329 1290 2421 primum

198 2449 288 2525 lines
307 2472 406 2525 meos
426 2451 589 2545 attigero,
613 2474 717 2523 suum
739 2451 814 2545 ipse
834 2451 955 2542 iugum
987 2448 1120 2523 subeat
1152 2474 1289 2547 cogam,

196 2585 232 2648 et
257 2576 302 2648 de
327 2596 370 2647 eo
394 2576 489 2669 quod
518 2574 648 2669 quaeris
675 2596 836 2648 seorsum
865 2572 1033 2665 singulari
1059 2573 1172 2661 libro,
1209 2576 1291 2673 quid

198 2699 342 2771 aliorum
370 2698 522 2794 seriptis,
549 2696 633 2791 quid
651 2697 738 2769 meis
758 2693 967 2769 coniecturis
991 2717 1185 2791 assequor,
1210 2702 1292 2775 scri-

198 2825 290 2898 bam.
311 2827 402 2896 Sane
431 2834 470 2895 ut
499 2823 686 2897 familiares
714 2821 882 2915 epistolas
907 2818 1048 2905 ludens,
1084 2832 1126 2893 et
1151 2822 1193 2895 in
1218 2825 1293 2922 ipsc

198 2949 351 3021 maxime
383 2947 520 3020 viarum
545 2946 709 3019 discursu
741 2945 960 3037 tumultuque
984 2964 1105 3015 rerum
1135 2946 1294 3023 seribere

200 3074 308 3156 soleo;
326 3071 376 3145 sie
392 3071 437 3143 ad
458 3068 681 3144 scribendum
699 3067 806 3143 libros
824 3066 978 3140 solitaria
988 3067 1112 3161 quiete
1123 3070 1295 3169 dulcique

150 3262 155 3267 .
199 3194 288 3279 ocio,
307 3206 343 3267 et
361 3215 495 3312 magno
505 3215 570 3264 nee
591 3192 784 3287 interrupto
810 3189 946 3264 silentio
975 3212 1067 3285 opus
1092 3204 1166 3266 est.
1197 3196 1295 3272 Vale

342 3337 368 3391 ll
387 3337 449 3392 Kal.
469 3337 653 3393 Decembres:
674 3354 708 3392 cx
726 3338 835 3392 itinere.

619 3730 798 3796 EPlSTOLA
819 3732 863 3795 lll.

219 3921 413 3972 salucrseus
431 3920 599 3970 enauracl
621 3919 753 3971 rourum
775 3919 932 3970 conanus
955 3920 975 3966 Α
998 3918 1025 3969 s.
1043 3919 1123 3971 uuo
1148 3924 1178 3976 s.
1197 3928 1231 3979 1³.
1251 3932 1282 3983 n.

252 4090 439 4157 Senectutem,
455 4094 660 4162 paupertatem,
676 4088 828 4162 podagram
845 4092 918 4144 inter
933 4088 1007 4143 mala
1021 4089 1162 4151 humanae
1179 4100 1250 4157 viare

312 4179 387 4236 baud
401 4196 462 4235 esse
478 4179 663 4247 recensenda,
679 4179 724 4234 vel
739 4178 802 4234 lorti
818 4179 916 4234 saltem
931 4178 1026 4233 animo
1040 4178 1177 4241 terenda.

296 4394 370 4465 Una
396 4394 479 4465 mihi
511 4406 626 4468 tecum
655 4397 697 4468 lis
723 4407 793 4478 est,
820 4417 900 4467 eum
929 4405 1145 4471 oaeterarum
1175 4428 1302 4483 rerum

198 4510 352 4584 omnium
374 4515 420 4585 sit
440 4525 534 4588 tanta
554 4518 749 4591 eoncordia.
780 4517 891 4589 Nimis
911 4538 951 4589 es
971 4522 1166 4613 queamus,
1190 4530 1302 4605 nimis
