2692 5024
409 689 499 736 mum
521 689 867 738 suiuus—mmmm
890 689 940 737 vu.
1146 676 1204 737 :llo

128 827 211 898 nnn
238 807 442 920 promptius,
471 829 521 901 sic
546 830 629 916 nunu
654 831 746 902 uuus
773 852 933 903 ser-mone
957 831 1095 918 durrus,
1123 832 1206 902 nino

127 951 299 1045 asperius,
321 952 407 1022 nihil
429 953 721 1047 intempestivius,
743 953 844 1038 Quod
864 975 932 1025 non
956 953 1036 1025 ideo
1060 964 1098 1026 ut
1124 954 1205 1037 sibi,
1279 1005 1284 1019 .

128 1076 228 1146 cuius
254 1095 379 1146 nomen
406 1076 521 1147 sciens
548 1075 640 1160 silui,
674 1077 881 1170 eloquentiae
910 1079 1032 1148 falsam
1058 1078 1205 1161 lamam,

129 1197 191 1269 sed
212 1207 249 1268 ut
269 1196 328 1268 tibi
349 1197 467 1268 iudicii
484 1220 636 1269 errorem
660 1199 818 1294 eripiam,
841 1199 971 1272 dictum
993 1201 1089 1272 scito.
1110 1201 1206 1275 Vale.

634 1477 712 1487 ..aa-0-

536 1696 714 1762 EPlSTOLA
746 1698 812 1760 Vlll.

366 1912 560 1962 FRANCISCUS
582 1913 750 1961 Puluillus
770 1913 812 1961 AB
834 1913 985 1964 lullonum

246 2097 356 2151 Donum
370 2097 481 2151 mittens
495 2097 583 2152 amico
597 2096 766 2167 magnanimi
775 2069 840 2151 ‘esse
855 2097 946 2152 oblata
959 2114 1104 2170 respuere,

303 2202 336 2240 ea
350 2192 442 2240 lamen
456 2186 605 2257 aliquando
619 2191 731 2258 accepta
743 2187 870 2242 habenda
884 2203 945 2242 esse
958 2187 1047 2244 docel,

232 2447 343 2530 Quam
365 2469 506 2541 pauper,
529 2468 680 2540 quamve
706 2449 755 2519 sis
779 2447 892 2534 niven,
921 2449 1048 2521 nescio.
1074 2449 1213 2542 Loquor

134 2573 178 2646 de
199 2574 337 2642 arcula:
359 2570 496 2640 animus
517 2569 610 2640 enim
637 2573 758 2664 procul
778 2571 884 2644 dubio
903 2571 1005 2643 dives
1024 2582 1090 2656 est,
1111 2572 1213 2642 Bian-

134 2706 190 2766 teo
210 2714 305 2764 more
333 2715 396 2764 sua
423 2715 541 2764 seeum
572 2693 662 2764 bona
688 2695 946 2778 circumferens,
969 2716 1033 2767 neo
1056 2693 1213 2766 inoendio

131 2819 285 2914 peritura
315 2838 379 2887 neo
412 2816 615 2908 naufragio:
640 2827 675 2888 el
701 2818 828 2910 quibus
855 2818 1117 2900 nihilomnino,
1144 2839 1213 2887 non

132 2940 337 3033 praedonum
365 2939 447 3023 vim,
475 2961 544 3011 non
565 2941 680 3011 lurum
708 2942 829 3012 meluit
852 2941 971 3023 dolon,
994 2963 1063 3011 non
1083 2938 1214 3030 rubigi-

133 3084 212 3132 nem
232 3061 424 3152 lineasque,
444 3083 513 3131 non
532 3062 688 3147 morboS,
707 3083 777 3133 non
796 3073 953 3146 moriem,
973 3083 1041 3133 non
1060 3062 1209 3146 senium,

134 3205 202 3255 non
223 3184 370 3254 ruinam.
398 3185 447 3255 De
473 3186 590 3254 arcula
611 3205 695 3254 sane
715 3184 791 3278 ipsa
816 3183 943 3255 idcireo
964 3206 1041 3254 sum
1062 3183 1212 3263 dubium

133 3306 215 3400 quia
234 3305 316 3378 dum
343 3306 496 3377 animum
523 3325 707 3398 moresque
738 3314 816 3376 tuos
841 3308 1084 3400 fortunamque
1110 3304 1211 3376 simul

133 3429 285 3514 aestimo,
307 3440 430 3500 utnon
451 3428 585 3512 mullis,
606 3427 656 3499 sio
673 3428 846 3499 nonnuliis
866 3450 971 3521 egere
988 3439 1021 3501 le
1042 3428 1210 3522 suspioor.

133 3553 228 3625 Siout
258 3552 350 3625 enim
383 3552 586 3622 insanorum
618 3560 673 3621 est
698 3551 1007 3624 innumerabilibus
1033 3551 1212 3642 indigere3

133 3677 184 3747 sic
203 3698 325 3747 verum
347 3684 402 3746 est
421 3675 515 3768 quod
532 3675 580 3744 all
599 3674 791 3769 Xenophon
811 3677 868 3746 ille
889 3674 1105 3745 Socraticus:
1128 3671 1213 3742 nibil

132 3820 236 3891 egere
256 3810 311 3869 est
336 3801 509 3883 Deorum3
530 3818 636 3891 quarn
658 3797 797 3869 minime
818 3812 946 3880 aulem,
969 3795 1166 3889 proximum
1192 3817 1213 3866 a

132 3922 215 3993 Diis.
238 3921 472 4006 Quamobrem
489 3921 635 4014 quiade
656 3921 868 4013 aroulaipsa
894 3940 1004 4013 nuper
1029 3940 1050 3989 a
1074 3917 1213 3988 conscio
1307 3942 1310 3948 ·

132 4045 283 4138 quodam
305 4043 420 4115 nescio
438 4042 522 4135 quid
543 4042 675 4127 audivi,
695 4064 760 4136 pro
780 4041 870 4112 virili
891 4051 988 4136 parte
1009 4060 1214 4111 succurren-

133 4166 216 4239 dum
247 4169 361 4239 statui.
389 4167 480 4237 Eoos
507 4165 621 4257 itaque
645 4164 690 4237 de
715 4168 864 4236 lorlunae
884 4183 986 4246 meae,
1008 4164 1037 4234 sl
1058 4160 1212 4255 reliquiis

133 4290 254 4374 dicam,
274 4287 459 4384 superbius
476 4308 580 4380 quam
610 4288 736 4370 velim;
760 4287 789 4359 si
811 4285 1027 4371 muneribus
1049 4285 1148 4356 aliter
1163 4287 1214 4357 lo-

134 4436 234 4505 quar,
263 4435 303 4484 ae
330 4411 464 4482 sentio:
494 4409 605 4480 dicam
631 4431 733 4502 ergo,
761 4410 806 4481 de
839 4408 1058 4494 muneribus,
1085 4407 1213 4503 quibus

136 4535 192 4604 illa
212 4558 267 4607 me
287 4536 368 4606 talia
387 4556 457 4606 non
482 4541 671 4619 ouranlsm,
694 4553 801 4625 supra
822 4553 931 4625 spem,
955 4553 1131 4628 supraque
1150 4553 1212 4604 vo
