<?xml version="1.0" encoding="UTF-8"?>
<!DOCTYPE html PUBLIC "-//W3C//DTD XHTML 1.0 Transitional//EN"
    "http://www.w3.org/TR/xhtml1/DTD/xhtml1-transitional.dtd">
<html xmlns="http://www.w3.org/1999/xhtml" xml:lang="en" lang="en">
 <head>
  <title>
</title>
<meta http-equiv="Content-Type" content="text/html;charset=utf-8" />
  <meta name='ocr-system' content='tesseract 3.04.00' />
  <meta name='ocr-capabilities' content='ocr_page ocr_carea ocr_par ocr_line ocrx_word'/>
</head>
<body>
  <div class='ocr_page' id='page_1' title='image "./epistolaederebu00fracgoog_0304.png"; bbox 0 0 2692 5024; ppageno 0'>
   <div class='ocr_carea' id='block_1_1' title="bbox 368 687 1165 748">
    <p class='ocr_par' dir='ltr' id='par_1_1' title="bbox 368 687 1165 748">
     <span class='ocr_line' id='line_1_1' title="bbox 368 687 1165 748; baseline 0.005 -4"><span class='ocrx_word' id='word_1_1' title='bbox 368 696 461 746; x_wconf 73' lang='lat' dir='ltr'>brnen</span> <span class='ocrx_word' id='word_1_2' title='bbox 483 696 627 746; x_wconf 80' lang='lat' dir='ltr'>rasurus.</span> <span class='ocrx_word' id='word_1_3' title='bbox 642 695 844 746; x_wconf 79' lang='lat' dir='ltr'>-srlsronn</span> <span class='ocrx_word' id='word_1_4' title='bbox 865 697 885 746; x_wconf 87' lang='lat' dir='ltr'>l.</span> <span class='ocrx_word' id='word_1_5' title='bbox 1111 687 1165 748; x_wconf 85' lang='lat' dir='ltr'>tlt</span> 
     </span>
    </p>
   </div>
   <div class='ocr_carea' id='block_1_2' title="bbox 82 838 1173 1180">
    <p class='ocr_par' dir='ltr' id='par_1_2' title="bbox 82 833 1173 1180">
     <span class='ocr_line' id='line_1_2' title="bbox 82 838 1171 935; baseline 0.004 -23"><span class='ocrx_word' id='word_1_6' title='bbox 82 838 246 933; x_wconf 78' lang='lat' dir='ltr'><strong>dixerim)</strong></span> <span class='ocrx_word' id='word_1_7' title='bbox 282 838 514 932; x_wconf 79' lang='lat' dir='ltr'>inquisitionis</span> <span class='ocrx_word' id='word_1_8' title='bbox 546 860 629 911; x_wconf 86' lang='lat' dir='ltr'>area</span> <span class='ocrx_word' id='word_1_9' title='bbox 653 849 820 910; x_wconf 79' lang='lat' dir='ltr'>excutere</span> <span class='ocrx_word' id='word_1_10' title='bbox 845 843 952 934; x_wconf 89' lang='lat' dir='ltr'>potui.</span> <span class='ocrx_word' id='word_1_11' title='bbox 978 843 1171 935; x_wconf 75' lang='lat' dir='ltr'>Reliquae</span> 
     </span>
     <span class='ocr_line' id='line_1_3' title="bbox 83 959 1169 1054; baseline 0.001 -18"><span class='ocrx_word' id='word_1_12' title='bbox 83 960 284 1036; x_wconf 86' lang='lat' dir='ltr'>doctoribus</span> <span class='ocrx_word' id='word_1_13' title='bbox 305 961 427 1052; x_wconf 84' lang='lat' dir='ltr'>exige:</span> <span class='ocrx_word' id='word_1_14' title='bbox 443 960 528 1031; x_wconf 93' lang='lat' dir='ltr'>mibi</span> <span class='ocrx_word' id='word_1_15' title='bbox 542 959 694 1054; x_wconf 86' lang='lat' dir='ltr'>quidem,</span> <span class='ocrx_word' id='word_1_16' title='bbox 711 962 739 1032; x_wconf 90' lang='lat' dir='ltr'>si</span> <span class='ocrx_word' id='word_1_17' title='bbox 754 961 871 1033; x_wconf 80' lang='lat' dir='ltr'>haeece</span> <span class='ocrx_word' id='word_1_18' title='bbox 888 962 1031 1035; x_wconf 88' lang='lat' dir='ltr'>latibula</span> <span class='ocrx_word' id='word_1_19' title='bbox 1044 967 1169 1052; x_wconf 90' lang='lat' dir='ltr'>rimari,</span> 
     </span>
     <span class='ocr_line' id='line_1_4' title="bbox 83 1084 1173 1180; baseline 0.002 -22"><span class='ocrx_word' id='word_1_20' title='bbox 83 1095 120 1158; x_wconf 91' lang='lat' dir='ltr'>et</span> <span class='ocrx_word' id='word_1_21' title='bbox 139 1085 259 1158; x_wconf 89' lang='lat' dir='ltr'>abdita</span> <span class='ocrx_word' id='word_1_22' title='bbox 279 1105 385 1155; x_wconf 92' lang='lat' dir='ltr'>nosse</span> <span class='ocrx_word' id='word_1_23' title='bbox 405 1093 571 1176; x_wconf 81' lang='lat' dir='ltr'>negatum</span> <span class='ocrx_word' id='word_1_24' title='bbox 591 1084 708 1169; x_wconf 88' lang='lat' dir='ltr'>luerit,</span> <span class='ocrx_word' id='word_1_25' title='bbox 731 1106 786 1154; x_wconf 89' lang='lat' dir='ltr'>me</span> <span class='ocrx_word' id='word_1_26' title='bbox 808 1085 923 1180; x_wconf 91' lang='lat' dir='ltr'>ipsum</span> <span class='ocrx_word' id='word_1_27' title='bbox 945 1107 1049 1158; x_wconf 92' lang='lat' dir='ltr'>nosse</span> <span class='ocrx_word' id='word_1_28' title='bbox 1076 1090 1173 1160; x_wconf 85' lang='lat' dir='ltr'>sulli-</span> 
     </span>
    </p>
   </div>
   <div class='ocr_carea' id='block_1_3' title="bbox 82 1205 1173 1648">
    <p class='ocr_par' dir='ltr' id='par_1_3' title="bbox 82 1205 1173 1648">
     <span class='ocr_line' id='line_1_5' title="bbox 83 1205 1173 1300; baseline 0.005 -21"><span class='ocrx_word' id='word_1_29' title='bbox 83 1209 160 1291; x_wconf 84' lang='lat' dir='ltr'>oiet.</span> <span class='ocrx_word' id='word_1_30' title='bbox 195 1209 258 1279; x_wconf 90' lang='lat' dir='ltr'>llio</span> <span class='ocrx_word' id='word_1_31' title='bbox 290 1208 409 1278; x_wconf 89' lang='lat' dir='ltr'>oeulos</span> <span class='ocrx_word' id='word_1_32' title='bbox 443 1206 613 1300; x_wconf 84' lang='lat' dir='ltr'>aperiam:</span> <span class='ocrx_word' id='word_1_33' title='bbox 639 1206 695 1278; x_wconf 90' lang='lat' dir='ltr'>hic</span> <span class='ocrx_word' id='word_1_34' title='bbox 721 1205 826 1299; x_wconf 82' lang='lat' dir='ltr'>figam</span> <span class='ocrx_word' id='word_1_35' title='bbox 853 1209 1030 1282; x_wconf 92' lang='lat' dir='ltr'>intuitum:</span> <span class='ocrx_word' id='word_1_36' title='bbox 1063 1211 1173 1284; x_wconf 87' lang='lat' dir='ltr'>orabo</span> 
     </span>
     <span class='ocr_line' id='line_1_6' title="bbox 82 1328 1169 1423; baseline 0.005 -21"><span class='ocrx_word' id='word_1_37' title='bbox 82 1352 165 1402; x_wconf 92' lang='lat' dir='ltr'>eum</span> <span class='ocrx_word' id='word_1_38' title='bbox 190 1330 250 1423; x_wconf 88' lang='lat' dir='ltr'>qui</span> <span class='ocrx_word' id='word_1_39' title='bbox 276 1350 333 1401; x_wconf 93' lang='lat' dir='ltr'>me</span> <span class='ocrx_word' id='word_1_40' title='bbox 353 1329 445 1415; x_wconf 86' lang='lat' dir='ltr'>lecit,</span> <span class='ocrx_word' id='word_1_41' title='bbox 472 1338 512 1400; x_wconf 90' lang='lat' dir='ltr'>ut</span> <span class='ocrx_word' id='word_1_42' title='bbox 532 1351 571 1401; x_wconf 88' lang='lat' dir='ltr'>se</span> <span class='ocrx_word' id='word_1_43' title='bbox 592 1328 688 1415; x_wconf 87' lang='lat' dir='ltr'>mibi,</span> <span class='ocrx_word' id='word_1_44' title='bbox 716 1353 842 1423; x_wconf 88' lang='lat' dir='ltr'>meque</span> <span class='ocrx_word' id='word_1_45' title='bbox 867 1332 970 1404; x_wconf 92' lang='lat' dir='ltr'>simul</span> <span class='ocrx_word' id='word_1_46' title='bbox 996 1335 1169 1422; x_wconf 87' lang='lat' dir='ltr'>ostendat,</span> 
     </span>
     <span class='ocr_line' id='line_1_7' title="bbox 84 1451 1171 1545; baseline 0.006 -20"><span class='ocrx_word' id='word_1_47' title='bbox 84 1461 134 1538; x_wconf 85' lang='lat' dir='ltr'>et,</span> <span class='ocrx_word' id='word_1_48' title='bbox 155 1452 250 1544; x_wconf 90' lang='lat' dir='ltr'>quod</span> <span class='ocrx_word' id='word_1_49' title='bbox 270 1463 390 1523; x_wconf 89' lang='lat' dir='ltr'>votnm</span> <span class='ocrx_word' id='word_1_50' title='bbox 413 1451 579 1545; x_wconf 88' lang='lat' dir='ltr'>sapientis</span> <span class='ocrx_word' id='word_1_51' title='bbox 604 1459 672 1537; x_wconf 85' lang='lat' dir='ltr'>est,</span> <span class='ocrx_word' id='word_1_52' title='bbox 699 1461 819 1525; x_wconf 92' lang='lat' dir='ltr'>notum</span> <span class='ocrx_word' id='word_1_53' title='bbox 841 1454 925 1526; x_wconf 91' lang='lat' dir='ltr'>mibi</span> <span class='ocrx_word' id='word_1_54' title='bbox 944 1456 1047 1528; x_wconf 88' lang='lat' dir='ltr'>laoiat</span> <span class='ocrx_word' id='word_1_55' title='bbox 1067 1456 1171 1531; x_wconf 87' lang='lat' dir='ltr'>finem</span> 
     </span>
     <span class='ocr_line' id='line_1_8' title="bbox 86 1574 331 1648; baseline -0.004 -3"><span class='ocrx_word' id='word_1_56' title='bbox 86 1596 215 1645; x_wconf 88' lang='lat' dir='ltr'>meum.</span> <span class='ocrx_word' id='word_1_57' title='bbox 236 1574 331 1648; x_wconf 87' lang='lat' dir='ltr'>Vale.</span> 
     </span>
    </p>
   </div>
   <div class='ocr_carea' id='block_1_4' title="bbox 191 1974 1061 2228">
    <p class='ocr_par' dir='ltr' id='par_1_4' title="bbox 191 1974 1061 2228">
     <span class='ocr_line' id='line_1_9' title="bbox 514 1974 743 2042; baseline 0.013 -3"><span class='ocrx_word' id='word_1_58' title='bbox 514 1974 692 2041; x_wconf 79' lang='lat' dir='ltr'>EPISTOLA</span> <span class='ocrx_word' id='word_1_59' title='bbox 711 1978 743 2042; x_wconf 91' lang='lat' dir='ltr'>ll.</span> 
     </span>
     <span class='ocr_line' id='line_1_10' title="bbox 191 2171 1061 2228; baseline 0.008 -7"><span class='ocrx_word' id='word_1_60' title='bbox 191 2171 385 2223; x_wconf 77' lang='lat' dir='ltr'>rnanosscos</span> <span class='ocrx_word' id='word_1_61' title='bbox 403 2171 572 2221; x_wconf 80' lang='lat' dir='ltr'>rnrnlnol</span> <span class='ocrx_word' id='word_1_62' title='bbox 591 2172 709 2222; x_wconf 72' lang='lat' dir='ltr'>raons</span> <span class='ocrx_word' id='word_1_63' title='bbox 728 2173 924 2224; x_wconf 66' lang='lat' dir='ltr'>missiliensi</span> <span class='ocrx_word' id='word_1_64' title='bbox 941 2175 967 2226; x_wconf 90' lang='lat' dir='ltr'>s.</span> <span class='ocrx_word' id='word_1_65' title='bbox 985 2177 1012 2227; x_wconf 85' lang='lat' dir='ltr'>r.</span> <span class='ocrx_word' id='word_1_66' title='bbox 1031 2179 1061 2228; x_wconf 94' lang='lat' dir='ltr'>n.</span> 
     </span>
    </p>
   </div>
   <div class='ocr_carea' id='block_1_5' title="bbox 235 2348 1026 2420">
    <p class='ocr_par' dir='ltr' id='par_1_5' title="bbox 235 2348 1026 2420">
     <span class='ocr_line' id='line_1_11' title="bbox 235 2348 1026 2420; baseline -0.001 -16"><span class='ocrx_word' id='word_1_67' title='bbox 235 2348 350 2404; x_wconf 75' lang='lat' dir='ltr'>Frustra</span> <span class='ocrx_word' id='word_1_68' title='bbox 364 2365 445 2405; x_wconf 87' lang='lat' dir='ltr'>curas</span> <span class='ocrx_word' id='word_1_69' title='bbox 458 2348 603 2404; x_wconf 90' lang='lat' dir='ltr'>bominum</span> <span class='ocrx_word' id='word_1_70' title='bbox 615 2348 730 2418; x_wconf 75' lang='lat' dir='ltr'>longum</span> <span class='ocrx_word' id='word_1_71' title='bbox 744 2348 774 2402; x_wconf 91' lang='lat' dir='ltr'>in</span> <span class='ocrx_word' id='word_1_72' title='bbox 788 2363 877 2403; x_wconf 76' lang='lat' dir='ltr'>avum</span> <span class='ocrx_word' id='word_1_73' title='bbox 890 2349 1026 2420; x_wconf 85' lang='lat' dir='ltr'>protendi.</span> 
     </span>
    </p>
   </div>
   <div class='ocr_carea' id='block_1_6' title="bbox 89 2562 1181 4619">
    <p class='ocr_par' dir='ltr' id='par_1_6' title="bbox 89 2562 1181 4619">
     <span class='ocr_line' id='line_1_12' title="bbox 187 2562 1174 2647; baseline 0.003 -14"><span class='ocrx_word' id='word_1_74' title='bbox 187 2562 280 2647; x_wconf 89' lang='lat' dir='ltr'>Quid</span> <span class='ocrx_word' id='word_1_75' title='bbox 305 2562 350 2635; x_wconf 83' lang='lat' dir='ltr'>ad</span> <span class='ocrx_word' id='word_1_76' title='bbox 374 2562 506 2635; x_wconf 80' lang='lat' dir='ltr'>litteras</span> <span class='ocrx_word' id='word_1_77' title='bbox 529 2572 608 2635; x_wconf 91' lang='lat' dir='ltr'>tuas</span> <span class='ocrx_word' id='word_1_78' title='bbox 628 2563 763 2637; x_wconf 77' lang='lat' dir='ltr'>dicam?</span> <span class='ocrx_word' id='word_1_79' title='bbox 787 2562 920 2634; x_wconf 89' lang='lat' dir='ltr'>Vereor</span> <span class='ocrx_word' id='word_1_80' title='bbox 939 2583 984 2633; x_wconf 89' lang='lat' dir='ltr'>ne</span> <span class='ocrx_word' id='word_1_81' title='bbox 1003 2562 1174 2636; x_wconf 75' lang='lat' dir='ltr'>humano</span> 
     </span>
     <span class='ocr_line' id='line_1_13' title="bbox 91 2684 1171 2780; baseline 0.003 -25"><span class='ocrx_word' id='word_1_82' title='bbox 91 2707 169 2756; x_wconf 92' lang='lat' dir='ltr'>rum</span> <span class='ocrx_word' id='word_1_83' title='bbox 199 2692 334 2757; x_wconf 86' lang='lat' dir='ltr'>torrens</span> <span class='ocrx_word' id='word_1_84' title='bbox 364 2684 607 2780; x_wconf 91' lang='lat' dir='ltr'>rapidissimus</span> <span class='ocrx_word' id='word_1_85' title='bbox 632 2709 792 2760; x_wconf 90' lang='lat' dir='ltr'>errorum</span> <span class='ocrx_word' id='word_1_86' title='bbox 817 2688 966 2760; x_wconf 90' lang='lat' dir='ltr'>amioum</span> <span class='ocrx_word' id='word_1_87' title='bbox 999 2696 1171 2773; x_wconf 88' lang='lat' dir='ltr'>nostrum,</span> 
     </span>
     <span class='ocr_line' id='line_1_14' title="bbox 89 2807 1175 2905; baseline 0.005 -27"><span class='ocrx_word' id='word_1_88' title='bbox 89 2807 198 2879; x_wconf 89' lang='lat' dir='ltr'>lundo</span> <span class='ocrx_word' id='word_1_89' title='bbox 217 2808 307 2880; x_wconf 90' lang='lat' dir='ltr'>alvei</span> <span class='ocrx_word' id='word_1_90' title='bbox 328 2815 489 2895; x_wconf 89' lang='lat' dir='ltr'>rotatum,</span> <span class='ocrx_word' id='word_1_91' title='bbox 511 2831 591 2881; x_wconf 89' lang='lat' dir='ltr'>cum</span> <span class='ocrx_word' id='word_1_92' title='bbox 612 2810 779 2883; x_wconf 92' lang='lat' dir='ltr'>universo</span> <span class='ocrx_word' id='word_1_93' title='bbox 799 2810 919 2904; x_wconf 89' lang='lat' dir='ltr'>rapiat.</span> <span class='ocrx_word' id='word_1_94' title='bbox 943 2810 1099 2883; x_wconf 89' lang='lat' dir='ltr'>Senescit</span> <span class='ocrx_word' id='word_1_95' title='bbox 1121 2809 1175 2905; x_wconf 89' lang='lat' dir='ltr'>(nt</span> 
     </span>
     <span class='ocr_line' id='line_1_15' title="bbox 90 2927 1174 3027; baseline 0.001 -27"><span class='ocrx_word' id='word_1_96' title='bbox 90 2927 211 3023; x_wconf 84' lang='lat' dir='ltr'>vides)</span> <span class='ocrx_word' id='word_1_97' title='bbox 233 2929 322 3001; x_wconf 86' lang='lat' dir='ltr'>inter</span> <span class='ocrx_word' id='word_1_98' title='bbox 347 2930 448 3003; x_wconf 91' lang='lat' dir='ltr'>ludos</span> <span class='ocrx_word' id='word_1_99' title='bbox 474 2940 578 3024; x_wconf 87' lang='lat' dir='ltr'>atque</span> <span class='ocrx_word' id='word_1_100' title='bbox 599 2932 777 3027; x_wconf 83' lang='lat' dir='ltr'>praestigia</span> <span class='ocrx_word' id='word_1_101' title='bbox 797 2936 959 3016; x_wconf 82' lang='lat' dir='ltr'>fortunae,</span> <span class='ocrx_word' id='word_1_102' title='bbox 982 2935 1090 3003; x_wconf 86' lang='lat' dir='ltr'>multa</span> <span class='ocrx_word' id='word_1_103' title='bbox 1108 2931 1174 3002; x_wconf 93' lang='lat' dir='ltr'>sibi</span> 
     </span>
     <span class='ocr_line' id='line_1_16' title="bbox 90 3051 1175 3148; baseline 0.002 -26"><span class='ocrx_word' id='word_1_104' title='bbox 90 3051 309 3148; x_wconf 89' lang='lat' dir='ltr'>promittens,</span> <span class='ocrx_word' id='word_1_105' title='bbox 323 3074 413 3147; x_wconf 73' lang='lat' dir='ltr'>qum,</span> <span class='ocrx_word' id='word_1_106' title='bbox 430 3051 514 3124; x_wconf 93' lang='lat' dir='ltr'>mihi</span> <span class='ocrx_word' id='word_1_107' title='bbox 535 3053 841 3147; x_wconf 86' lang='lat' dir='ltr'>crede,·nnnquam</span> <span class='ocrx_word' id='word_1_108' title='bbox 859 3054 1012 3124; x_wconf 89' lang='lat' dir='ltr'>venient.</span> <span class='ocrx_word' id='word_1_109' title='bbox 1031 3052 1106 3122; x_wconf 88' lang='lat' dir='ltr'>Una</span> <span class='ocrx_word' id='word_1_110' title='bbox 1123 3059 1175 3124; x_wconf 88' lang='lat' dir='ltr'>ta-</span> 
     </span>
     <span class='ocr_line' id='line_1_17' title="bbox 91 3173 1173 3249; baseline -0.001 -2"><span class='ocrx_word' id='word_1_111' title='bbox 91 3197 173 3247; x_wconf 89' lang='lat' dir='ltr'>men</span> <span class='ocrx_word' id='word_1_112' title='bbox 198 3175 380 3248; x_wconf 85' lang='lat' dir='ltr'>excusatio</span> <span class='ocrx_word' id='word_1_113' title='bbox 404 3186 481 3248; x_wconf 89' lang='lat' dir='ltr'>est:</span> <span class='ocrx_word' id='word_1_114' title='bbox 515 3198 635 3248; x_wconf 91' lang='lat' dir='ltr'>omnes</span> <span class='ocrx_word' id='word_1_115' title='bbox 661 3177 753 3249; x_wconf 91' lang='lat' dir='ltr'>idem</span> <span class='ocrx_word' id='word_1_116' title='bbox 784 3178 856 3246; x_wconf 88' lang='lat' dir='ltr'>fere</span> <span class='ocrx_word' id='word_1_117' title='bbox 888 3173 1031 3247; x_wconf 90' lang='lat' dir='ltr'>morbus</span> <span class='ocrx_word' id='word_1_118' title='bbox 1056 3174 1173 3248; x_wconf 88' lang='lat' dir='ltr'>babet.</span> 
     </span>
     <span class='ocr_line' id='line_1_18' title="bbox 90 3297 1175 3395; baseline 0.001 -23"><span class='ocrx_word' id='word_1_119' title='bbox 90 3300 203 3385; x_wconf 86' lang='lat' dir='ltr'>Quem</span> <span class='ocrx_word' id='word_1_120' title='bbox 233 3300 403 3386; x_wconf 83' lang='lat' dir='ltr'>invenies,</span> <span class='ocrx_word' id='word_1_121' title='bbox 438 3300 593 3393; x_wconf 92' lang='lat' dir='ltr'>quinon</span> <span class='ocrx_word' id='word_1_122' title='bbox 623 3320 685 3395; x_wconf 86' lang='lat' dir='ltr'>spe</span> <span class='ocrx_word' id='word_1_123' title='bbox 714 3297 876 3371; x_wconf 89' lang='lat' dir='ltr'>erastinae</span> <span class='ocrx_word' id='word_1_124' title='bbox 900 3297 1043 3391; x_wconf 90' lang='lat' dir='ltr'>quietis,</span> <span class='ocrx_word' id='word_1_125' title='bbox 1071 3299 1175 3373; x_wconf 85' lang='lat' dir='ltr'>hodio</span> 
     </span>
     <span class='ocr_line' id='line_1_19' title="bbox 91 3420 1176 3507; baseline 0.003 -15"><span class='ocrx_word' id='word_1_126' title='bbox 91 3421 246 3494; x_wconf 77' lang='lat' dir='ltr'>laboret?</span> <span class='ocrx_word' id='word_1_127' title='bbox 266 3424 348 3494; x_wconf 83' lang='lat' dir='ltr'>llaec</span> <span class='ocrx_word' id='word_1_128' title='bbox 372 3422 534 3507; x_wconf 84' lang='lat' dir='ltr'>felicitas,</span> <span class='ocrx_word' id='word_1_129' title='bbox 556 3420 633 3494; x_wconf 89' lang='lat' dir='ltr'>baec</span> <span class='ocrx_word' id='word_1_130' title='bbox 654 3422 849 3493; x_wconf 83' lang='lat' dir='ltr'>mortalium</span> <span class='ocrx_word' id='word_1_131' title='bbox 871 3422 944 3494; x_wconf 87' lang='lat' dir='ltr'>vita</span> <span class='ocrx_word' id='word_1_132' title='bbox 968 3431 1045 3497; x_wconf 88' lang='lat' dir='ltr'>est:</span> <span class='ocrx_word' id='word_1_133' title='bbox 1066 3424 1176 3496; x_wconf 89' lang='lat' dir='ltr'>mirus</span> 
     </span>
     <span class='ocr_line' id='line_1_20' title="bbox 90 3544 1173 3641; baseline 0.001 -26"><span class='ocrx_word' id='word_1_134' title='bbox 90 3545 199 3631; x_wconf 84' lang='lat' dir='ltr'>furor,</span> <span class='ocrx_word' id='word_1_135' title='bbox 221 3567 288 3618; x_wconf 88' lang='lat' dir='ltr'>nec</span> <span class='ocrx_word' id='word_1_136' title='bbox 312 3545 425 3616; x_wconf 91' lang='lat' dir='ltr'>minor</span> <span class='ocrx_word' id='word_1_137' title='bbox 449 3544 528 3618; x_wconf 88' lang='lat' dir='ltr'>ideo</span> <span class='ocrx_word' id='word_1_138' title='bbox 552 3545 635 3638; x_wconf 90' lang='lat' dir='ltr'>quia</span> <span class='ocrx_word' id='word_1_139' title='bbox 654 3544 836 3641; x_wconf 88' lang='lat' dir='ltr'>publicus,</span> <span class='ocrx_word' id='word_1_140' title='bbox 859 3547 957 3620; x_wconf 92' lang='lat' dir='ltr'>hiare</span> <span class='ocrx_word' id='word_1_141' title='bbox 977 3549 1013 3618; x_wconf 92' lang='lat' dir='ltr'>in</span> <span class='ocrx_word' id='word_1_142' title='bbox 1032 3556 1173 3629; x_wconf 88' lang='lat' dir='ltr'>ventos,</span> 
     </span>
     <span class='ocr_line' id='line_1_21' title="bbox 91 3665 1177 3761; baseline -0.005 -22"><span class='ocrx_word' id='word_1_143' title='bbox 91 3678 134 3752; x_wconf 82' lang='lat' dir='ltr'>et</span> <span class='ocrx_word' id='word_1_144' title='bbox 152 3666 257 3739; x_wconf 80' lang='lat' dir='ltr'>certis</span> <span class='ocrx_word' id='word_1_145' title='bbox 271 3666 372 3739; x_wconf 90' lang='lat' dir='ltr'>bonis</span> <span class='ocrx_word' id='word_1_146' title='bbox 387 3666 547 3753; x_wconf 83' lang='lat' dir='ltr'>abiectis,</span> <span class='ocrx_word' id='word_1_147' title='bbox 571 3668 700 3741; x_wconf 88' lang='lat' dir='ltr'>ineerta</span> <span class='ocrx_word' id='word_1_148' title='bbox 722 3668 858 3742; x_wconf 85' lang='lat' dir='ltr'>sectari.</span> <span class='ocrx_word' id='word_1_149' title='bbox 881 3670 1044 3761; x_wconf 79' lang='lat' dir='ltr'>Ignorant</span> <span class='ocrx_word' id='word_1_150' title='bbox 1063 3665 1177 3738; x_wconf 92' lang='lat' dir='ltr'>bomi-</span> 
     </span>
     <span class='ocr_line' id='line_1_22' title="bbox 91 3787 1175 3886; baseline -0.004 -26"><span class='ocrx_word' id='word_1_151' title='bbox 91 3810 156 3860; x_wconf 92' lang='lat' dir='ltr'>nes</span> <span class='ocrx_word' id='word_1_152' title='bbox 177 3799 346 3883; x_wconf 88' lang='lat' dir='ltr'>quantum</span> <span class='ocrx_word' id='word_1_153' title='bbox 364 3789 450 3860; x_wconf 90' lang='lat' dir='ltr'>lueri</span> <span class='ocrx_word' id='word_1_154' title='bbox 469 3791 525 3876; x_wconf 84' lang='lat' dir='ltr'>sit,</span> <span class='ocrx_word' id='word_1_155' title='bbox 549 3812 630 3886; x_wconf 91' lang='lat' dir='ltr'>spes</span> <span class='ocrx_word' id='word_1_156' title='bbox 651 3791 772 3864; x_wconf 89' lang='lat' dir='ltr'>inanes</span> <span class='ocrx_word' id='word_1_157' title='bbox 792 3802 828 3863; x_wconf 88' lang='lat' dir='ltr'>et</span> <span class='ocrx_word' id='word_1_158' title='bbox 846 3792 986 3862; x_wconf 82' lang='lat' dir='ltr'>fallaces</span> <span class='ocrx_word' id='word_1_159' title='bbox 1006 3787 1175 3884; x_wconf 77' lang='lat' dir='ltr'>perdere:</span> 
     </span>
     <span class='ocr_line' id='line_1_23' title="bbox 91 3910 1176 4005; baseline 0 -25"><span class='ocrx_word' id='word_1_160' title='bbox 91 3912 188 3981; x_wconf 84' lang='lat' dir='ltr'>nulla</span> <span class='ocrx_word' id='word_1_161' title='bbox 213 3911 355 4002; x_wconf 81' lang='lat' dir='ltr'>gravior</span> <span class='ocrx_word' id='word_1_162' title='bbox 379 3913 537 3997; x_wconf 83' lang='lat' dir='ltr'>sarcina3</span> <span class='ocrx_word' id='word_1_163' title='bbox 559 3917 653 3986; x_wconf 91' lang='lat' dir='ltr'>nulla</span> <span class='ocrx_word' id='word_1_164' title='bbox 679 3926 794 3987; x_wconf 89' lang='lat' dir='ltr'>tamen</span> <span class='ocrx_word' id='word_1_165' title='bbox 821 3912 957 3984; x_wconf 90' lang='lat' dir='ltr'>tristius</span> <span class='ocrx_word' id='word_1_166' title='bbox 977 3910 1176 4005; x_wconf 81' lang='lat' dir='ltr'>deponitur3</span> 
     </span>
     <span class='ocr_line' id='line_1_24' title="bbox 91 4029 1179 4130; baseline -0.002 -27"><span class='ocrx_word' id='word_1_167' title='bbox 91 4053 207 4126; x_wconf 90' lang='lat' dir='ltr'>usque</span> <span class='ocrx_word' id='word_1_168' title='bbox 231 4033 321 4107; x_wconf 89' lang='lat' dir='ltr'>adeo</span> <span class='ocrx_word' id='word_1_169' title='bbox 345 4035 446 4107; x_wconf 87' lang='lat' dir='ltr'>malis</span> <span class='ocrx_word' id='word_1_170' title='bbox 471 4036 577 4108; x_wconf 89' lang='lat' dir='ltr'>etiam</span> <span class='ocrx_word' id='word_1_171' title='bbox 598 4035 746 4130; x_wconf 90' lang='lat' dir='ltr'>propriis</span> <span class='ocrx_word' id='word_1_172' title='bbox 780 4036 1002 4108; x_wconf 84' lang='lat' dir='ltr'>delectamur.</span> <span class='ocrx_word' id='word_1_173' title='bbox 1028 4029 1179 4103; x_wconf 86' lang='lat' dir='ltr'>Laborat</span> 
     </span>
     <span class='ocr_line' id='line_1_25' title="bbox 90 4155 1179 4254; baseline -0.003 -27"><span class='ocrx_word' id='word_1_174' title='bbox 90 4155 147 4228; x_wconf 89' lang='lat' dir='ltr'>ille</span> <span class='ocrx_word' id='word_1_175' title='bbox 173 4157 316 4250; x_wconf 90' lang='lat' dir='ltr'>quidem</span> <span class='ocrx_word' id='word_1_176' title='bbox 336 4169 373 4231; x_wconf 90' lang='lat' dir='ltr'>et</span> <span class='ocrx_word' id='word_1_177' title='bbox 390 4160 555 4254; x_wconf 85' lang='lat' dir='ltr'>suspirat,</span> <span class='ocrx_word' id='word_1_178' title='bbox 577 4168 613 4230; x_wconf 93' lang='lat' dir='ltr'>et</span> <span class='ocrx_word' id='word_1_179' title='bbox 631 4158 772 4231; x_wconf 87' lang='lat' dir='ltr'>anhelat</span> <span class='ocrx_word' id='word_1_180' title='bbox 789 4177 1019 4251; x_wconf 83' lang='lat' dir='ltr'>supervacue,</span> <span class='ocrx_word' id='word_1_181' title='bbox 1033 4164 1082 4238; x_wconf 90' lang='lat' dir='ltr'>et,</span> <span class='ocrx_word' id='word_1_182' title='bbox 1096 4173 1179 4225; x_wconf 88' lang='lat' dir='ltr'>oon-</span> 
     </span>
     <span class='ocr_line' id='line_1_26' title="bbox 92 4280 1179 4370; baseline -0.005 -19"><span class='ocrx_word' id='word_1_183' title='bbox 92 4289 145 4352; x_wconf 88' lang='lat' dir='ltr'>tra</span> <span class='ocrx_word' id='word_1_184' title='bbox 170 4281 284 4352; x_wconf 83' lang='lat' dir='ltr'>Flacci</span> <span class='ocrx_word' id='word_1_185' title='bbox 311 4282 540 4364; x_wconf 87' lang='lat' dir='ltr'>sententiam,</span> <span class='ocrx_word' id='word_1_186' title='bbox 568 4291 673 4350; x_wconf 82' lang='lat' dir='ltr'>terras</span> <span class='ocrx_word' id='word_1_187' title='bbox 697 4280 765 4349; x_wconf 83' lang='lat' dir='ltr'>olio</span> <span class='ocrx_word' id='word_1_188' title='bbox 790 4281 931 4349; x_wconf 83' lang='lat' dir='ltr'>colantes</span> <span class='ocrx_word' id='word_1_189' title='bbox 955 4280 1022 4348; x_wconf 87' lang='lat' dir='ltr'>sole</span> <span class='ocrx_word' id='word_1_190' title='bbox 1040 4298 1179 4370; x_wconf 68' lang='lat' dir='ltr'>pama-</span> 
     </span>
     <span class='ocr_line' id='line_1_27' title="bbox 92 4399 1179 4494; baseline -0.004 -20"><span class='ocrx_word' id='word_1_191' title='bbox 92 4413 179 4488; x_wconf 79' lang='lat' dir='ltr'>tras,</span> <span class='ocrx_word' id='word_1_192' title='bbox 209 4405 302 4475; x_wconf 83' lang='lat' dir='ltr'>brevi</span> <span class='ocrx_word' id='word_1_193' title='bbox 323 4406 420 4494; x_wconf 77' lang='lat' dir='ltr'>sortis</span> <span class='ocrx_word' id='word_1_194' title='bbox 448 4406 615 4476; x_wconf 77' lang='lat' dir='ltr'>iaculatur</span> <span class='ocrx_word' id='word_1_195' title='bbox 638 4423 710 4471; x_wconf 84' lang='lat' dir='ltr'>oeoo</span> <span class='ocrx_word' id='word_1_196' title='bbox 734 4405 848 4475; x_wconf 83' lang='lat' dir='ltr'>multo.</span> <span class='ocrx_word' id='word_1_197' title='bbox 882 4401 958 4473; x_wconf 92' lang='lat' dir='ltr'>Non</span> <span class='ocrx_word' id='word_1_198' title='bbox 989 4421 1120 4475; x_wconf 87' lang='lat' dir='ltr'>aoeuso</span> <span class='ocrx_word' id='word_1_199' title='bbox 1143 4399 1179 4471; x_wconf 92' lang='lat' dir='ltr'>in</span> 
     </span>
     <span class='ocr_line' id='line_1_28' title="bbox 92 4521 1181 4619; baseline 0.001 -23"><span class='ocrx_word' id='word_1_200' title='bbox 92 4524 181 4611; x_wconf 87' lang='lat' dir='ltr'>aliis,</span> <span class='ocrx_word' id='word_1_201' title='bbox 204 4527 302 4619; x_wconf 90' lang='lat' dir='ltr'>quod</span> <span class='ocrx_word' id='word_1_202' title='bbox 320 4525 358 4600; x_wconf 90' lang='lat' dir='ltr'>in</span> <span class='ocrx_word' id='word_1_203' title='bbox 376 4527 479 4601; x_wconf 88' lang='lat' dir='ltr'>nobis</span> <span class='ocrx_word' id='word_1_204' title='bbox 498 4543 656 4608; x_wconf 82' lang='lat' dir='ltr'>exeus03</span> <span class='ocrx_word' id='word_1_205' title='bbox 678 4523 756 4597; x_wconf 87' lang='lat' dir='ltr'>tulit</span> <span class='ocrx_word' id='word_1_206' title='bbox 772 4535 809 4600; x_wconf 83' lang='lat' dir='ltr'>et</span> <span class='ocrx_word' id='word_1_207' title='bbox 827 4544 894 4600; x_wconf 87' lang='lat' dir='ltr'>nos</span> <span class='ocrx_word' id='word_1_208' title='bbox 908 4524 1020 4601; x_wconf 84' lang='lat' dir='ltr'>multa</span> <span class='ocrx_word' id='word_1_209' title='bbox 1037 4521 1181 4600; x_wconf 80' lang='lat' dir='ltr'>videndi</span> 
     </span>
    </p>
   </div>
   <div class='ocr_carea' id='block_1_7' title="bbox 0 0 1361 5024">
    <p class='ocr_par' dir='ltr' id='par_1_7' title="bbox 0 0 1361 5024">
     <span class='ocr_line' id='line_1_29' title="bbox 0 0 1361 5024; baseline 0 0"><span class='ocrx_word' id='word_1_210' title='bbox 0 0 1361 5024; x_wconf 95' lang='lat' dir='ltr'> </span> 
     </span>
    </p>
   </div>
  </div>
 </body>
</html>
