2692 5024
424 690 517 739 einen
537 691 883 741 sexsus-nrisronx
906 696 934 740 v.
1159 682 1218 746 345

121 834 248 906 ‚omnia
266 834 394 904 saeoula
411 833 500 903 tristi
521 833 590 903 sint
607 833 827 937 inquinatura
845 836 1022 906 memoria.
1044 836 1216 909 Caeterum

133 969 168 1029 et
200 959 311 1050 culpae
337 976 482 1048 expers,
509 954 576 1026 nisi
602 956 696 1046 quod
725 958 890 1050 patientia
916 957 1097 1030 eriminum
1123 980 1217 1055 saepe

136 1078 323 1153 consensui
344 1078 503 1172 proxima
522 1088 599 1150 est:
625 1079 693 1151 etsi
717 1103 782 1152 nec
807 1081 948 1153 obstare
973 1093 1125 1175 poteras,
1153 1109 1217 1159 neo

132 1203 272 1287 ulcisci,
298 1201 518 1273 miseratione
550 1203 665 1298 potius
700 1203 822 1296 digna,
844 1226 950 1299 quam
977 1206 1067 1278 odio.
1093 1207 1139 1279 At
1164 1222 1214 1295 tu,

133 1329 281 1413 Christe,
305 1331 357 1399 sol
378 1326 532 1412 iustitiae,
567 1337 691 1399 cuncta
724 1328 863 1412 videns,
891 1338 927 1400 et
947 1329 1088 1402 aeternis
1110 1332 1215 1403 radiis

132 1453 297 1525 universa
329 1452 551 1534 collustrans
588 1452 712 1546 utquid
741 1454 832 1526 hano
864 1453 1016 1526 infamiae
1052 1455 1214 1528 nebulam

131 1599 258 1671 passus
278 1599 318 1647 es
340 1576 440 1647 terris
468 1575 597 1646 nostris
632 1576 856 1648 incumbere?
882 1578 967 1649 Cum
993 1600 1118 1670 posses
1143 1588 1213 1650 tam

131 1698 244 1783 facile,
266 1698 333 1768 nisi
354 1697 479 1769 delicta
499 1698 679 1770 hominum
700 1698 892 1782 obstarent,
919 1721 1068 1795 vapores
1090 1701 1213 1775 noxios

131 1821 305 1903 odiorum,
323 1820 523 1911 caliginosae
540 1821 650 1893 noctis
669 1823 787 1914 algore
804 1833 993 1907 concretos,
1013 1823 1148 1895 fervido
1165 1825 1214 1896 tui

131 1943 259 2013 amoris
282 1943 467 2034 splendore
487 1946 736 2037 perrumpere?
762 1945 812 2014 Tu
838 1954 972 2027 autem,
1002 1967 1139 2016 summe
1159 1968 1213 2018 re-

131 2089 215 2159 gum
247 2065 357 2136 nostri
392 2065 570 2159 temporis,
598 2066 761 2150 Roberte,
789 2088 892 2160 quem
919 2088 965 2137 ex
992 2067 1107 2160 aliqua
1134 2069 1212 2140 coeli

131 2201 228 2285 parte
249 2211 306 2260 res
327 2201 463 2261 nostras
489 2199 526 2260 et
551 2189 707 2260 miserari
741 2190 948 2262 crediderim
976 2201 1012 2261 et
1036 2199 1209 2284 spectare,

131 2311 259 2405 quibus
280 2312 346 2383 hoe
366 2313 462 2382 nefas
484 2309 673 2382 luminibus
696 2312 887 2405 aspexisti?
904 2313 950 2384 Et
968 2311 1058 2383 hanc
1082 2323 1210 2385 tantam

131 2435 180 2505 tui
201 2434 382 2526 sanguinis
410 2434 568 2505 iniuriam
596 2456 666 2528 quo
699 2433 815 2505 animo
847 2434 1042 2528 pertulisti?
1061 2433 1115 2504 An
1141 2457 1209 2507 non

129 2569 267 2650 poteras
291 2557 356 2651 piis
378 2558 540 2652 precibus
565 2558 709 2651 impium
735 2561 848 2629 scelus
876 2560 1056 2629 avertere?
1075 2557 1128 2628 An
1150 2580 1210 2652 po

131 2692 237 2763 teras,
260 2681 324 2751 sed
349 2681 516 2753 nolebas‘l
537 2681 757 2753 Subdifficitis
783 2681 988 2753 coniectura.
1016 2681 1091 2752 Etsi
1116 2681 1208 2752 enim

130 2803 340 2873 simillimum
358 2805 431 2874 veri
454 2805 499 2874 sit
518 2813 552 2874 te
572 2804 704 2875 coelesti
725 2804 852 2896 gaudio
874 2808 1041 2897 repletum
1062 2805 1209 2878 terrenis
1310 2853 1317 2866 .

131 2924 308 2997 doloribus
322 2947 390 2994 non
405 2926 553 3008 moveri;
573 2925 742 3017 numquid
760 2938 874 2996 tamen
889 2936 1024 2997 tuorum
1042 2927 1210 2998 charitate

130 3059 234 3140 alque
255 3048 405 3138 ingenita
422 3047 548 3141 pietate
565 3069 632 3118 non
651 3047 827 3141 tangeris?
845 3049 1037 3140 Utcumque
1053 3056 1116 3128 est,
1136 3048 1210 3118 leli-

129 3194 204 3243 cem
223 3183 270 3256 te,
292 3169 352 3263 qui
373 3171 466 3240 hunc
487 3169 576 3241 diem
596 3170 630 3239 in
648 3191 791 3263 corpore
808 3169 969 3242 habitans
990 3191 1058 3240 non
1078 3171 1207 3242 vidisti.

129 3295 231 3379 Quin,
266 3305 300 3366 te
332 3295 537 3387 superstite,
572 3316 749 3387 nunquam
784 3304 854 3365 tam
886 3292 1009 3366 llebilis
1034 3292 1210 3367 illuxisset

129 3416 227 3499 dies;
259 3439 437 3510 nunquam
468 3425 600 3487 tantum
633 3416 774 3488 invidiae
812 3416 974 3489 licuisset.
1009 3419 1087 3490 Fuit
1115 3419 1206 3491 enim

129 3562 213 3612 vere
243 3543 337 3613 frons
364 3550 422 3612 tua
447 3540 543 3633 regia
568 3541 666 3632 regni
694 3542 802 3624 salus,
835 3540 1049 3613 conciliatrix
1077 3542 1209 3613 animo-

131 3687 222 3748 rum,
254 3665 394 3735 iustitiae
422 3665 541 3748 altrix,
573 3663 819 3758 expultrixque
842 3663 1021 3756 perlidiae3
1049 3684 1089 3733 ac
1111 3665 1208 3733 velut

129 3789 289 3880 quaedam
312 3788 461 3859 salubris
482 3789 605 3860 umbra
625 3784 789 3879 gregibus
816 3784 898 3869 tuis,
921 3795 959 3855 ut
978 3783 1127 3855 iucunda
1146 3805 1207 3875 pa-

130 3910 296 3997 storibus,
333 3911 382 3982 sic
417 3914 552 3984 funesta
590 3910 820 4004 serpentibus
854 3906 956 3992 Quod
991 3907 1021 3978 si
1056 3907 1206 3987 humana

129 4034 241 4104 virtus
273 4034 413 4105 obstare
442 4035 592 4107 decretis
624 4032 787 4105 aethereis
820 4052 888 4100 non
922 4030 1025 4112 valet,
1057 4029 1205 4122 optanda

128 4157 247 4249 utique
260 4168 295 4228 et
307 4158 444 4250 penitus
461 4169 654 4252 opportuna
671 4175 765 4225 mors
784 4154 868 4235 luit;
887 4174 967 4246 quae
980 4154 1097 4224 oculos
1116 4162 1201 4231 tuos,

127 4279 256 4372 quibus
276 4280 390 4350 adhuc
415 4288 550 4350 naturae
585 4274 720 4368 legibus
753 4274 876 4348 horror
899 4286 934 4347 et
957 4275 1108 4346 lacrimae
1132 4271 1204 4349 ine-

128 4412 222 4486 rant,
261 4413 330 4473 tam
364 4412 489 4474 moesto
522 4402 720 4495 spectaculo
750 4399 922 4471 liberaret.
956 4397 1048 4471 Proh
1076 4396 1199 4471 dolor!

129 4525 239 4595 Toum
262 4524 346 4596 illud
366 4523 548 4610 eximium,
569 4546 702 4608 carum,
727 4524 837 4618 pium,
863 4523 965 4598 dulce
989 4520 1198 4617 depositum,
