2692 5024
379 707 472 757 unna
494 705 880 758 susurrans-murone
902 708 944 757 nr.
1149 697 1204 761 tal

120 855 300 953 competit3
326 854 410 925 nihil
431 854 545 927 habeo
565 854 660 950 quod
679 864 869 938 ostentem;
896 866 932 926 et
954 867 1070 929 tamen
1090 859 1208 934 nescio

118 981 198 1075 quis
218 1001 275 1050 me
296 977 342 1051 ab
362 976 581 1051 incunabulis
604 1000 845 1072 supervacuus
859 979 919 1050 lati
933 982 1033 1052 lavor
1052 982 1209 1076 insequi-

119 1116 184 1178 tur.
206 1101 327 1174 Notior
348 1122 428 1173 sum
449 1122 554 1194 quam
575 1101 693 1184 velim3
714 1109 748 1172 et
767 1101 837 1173 scio
857 1102 902 1173 de
916 1124 984 1187 me,
1000 1106 1209 1196 quantulus-

117 1246 267 1317 cumque
288 1222 365 1307 sim,
387 1223 423 1294 in
446 1222 616 1295 utramvis
641 1231 775 1315 partem
800 1224 909 1294 multa
928 1223 1061 1309 iactari;
1077 1226 1207 1320 quibus

118 1368 187 1439 ego
206 1368 271 1418 neo
286 1343 464 1439 deprimor
484 1367 549 1417 nec
568 1347 715 1416 attollor.
737 1343 816 1416 Scio
835 1345 953 1439 populi
973 1348 1116 1420 totidem
1136 1350 1207 1421 lore

121 1467 300 1541 mendacia
321 1489 412 1552 esse,
435 1478 521 1560 quot
541 1467 660 1539 verba.
680 1468 727 1538 m
746 1466 824 1540 haec
847 1469 989 1562 quidem
1014 1472 1206 1555 hactenus;

119 1613 232 1684 neque
248 1590 343 1662 enim
356 1598 396 1661 ut
409 1589 523 1661 turbae
536 1589 741 1685 displiceam
754 1612 966 1686 magnopere
978 1593 1208 1667 laborandum

120 1722 185 1785 est.
211 1713 367 1785 Necdum
392 1712 522 1785 desinit
542 1712 722 1785 urbanitas
745 1725 819 1796 tua;
840 1711 941 1800 dicis,
963 1736 1109 1789 menon
1133 1709 1209 1788 mo-

120 1836 166 1908 do
191 1838 322 1927 vulgus
349 1835 537 1922 insulsum,
560 1837 625 1909 sed
646 1837 772 1909 coelum
790 1836 905 1930 ipsum
918 1837 1114 1912 fictionibus
1132 1849 1208 1913 ten-

121 1969 209 2032 tare:
230 1959 348 2052 itaque
367 1958 604 2051 Augustinum
615 1968 651 2030 et
663 1959 741 2030 eius
761 1959 868 2030 libros
882 1959 1043 2032 simulata
1055 1963 1207 2053 quadam

121 2081 366 2155 benevolentia
393 2083 628 2173 complexum
659 2103 698 2152 re
724 2090 841 2152 autem
865 2103 951 2153 vera
983 2104 1004 2154 a
1035 2083 1147 2176 poetis
1172 2095 1208 2156 et

121 2204 337 2299 philosophis
358 2228 427 2277 non
448 2205 562 2275 avelli.
585 2203 678 2288 Quid
698 2213 815 2275 autem
836 2203 917 2275 inde
937 2203 1129 2292 divellerer,
1148 2204 1208 2277 ubi

122 2327 236 2420 ipsum
266 2324 503 2418 Augustinum
532 2325 762 2398 inhaerentem
790 2325 913 2397 vides?
939 2325 1041 2410 Quod
1069 2327 1136 2399 nisi
1160 2329 1208 2399 ita

122 2459 229 2535 esset,
251 2471 431 2542 nunquam
451 2449 558 2521 libros
579 2448 624 2520 de
648 2449 789 2521 civitate
814 2448 892 2535 Dei,
920 2458 957 2520 ut
982 2448 1135 2542 reliquos
1160 2450 1209 2522 si-

123 2573 226 2658 leam,
248 2581 345 2644 tanta
370 2572 656 2666 philosophorum
680 2583 716 2645 et
738 2581 920 2668 poetarum
946 2575 1040 2646 calce
1063 2575 1209 2649 lundan-

123 2705 188 2779 set3
209 2717 389 2788 nunquam
410 2695 514 2768 tantis
527 2705 705 2768 oratorum
719 2718 760 2769 ac
772 2696 1017 2769 historicorum
1033 2698 1207 2771 coloribus

123 2828 340 2890 exornasset.
362 2818 433 2889 Nec
453 2819 596 2889 mirum:
618 2842 796 2913 nunquam
818 2819 910 2892 enim
932 2821 967 2889 in
993 2818 1138 2892 somniis
1162 2818 1209 2890 ad

124 2937 276 3009 tribunal
302 2938 424 3011 aeterni
449 2940 575 3014 iudicis
603 2949 734 3013 tractus
761 2951 959 3014 accesserat
989 2939 1208 3031 Augustinus

125 3080 236 3145 meus,
255 3061 345 3134 sicut
360 3063 594 3159 Hieronymus
612 3072 712 3135 tuus:
725 3086 904 3158 nunquam
919 3060 1125 3157 exprobrari
1142 3058 1209 3130 sibi

123 3182 377 3256 ciceronianum
397 3206 531 3256 morem
549 3185 724 3256 audierat:
743 3185 836 3278 quod
857 3206 936 3256 oum
955 3183 1113 3255 audisset
1127 3180 1210 3252 Hie-

124 3327 301 3403 ronymus
335 3306 509 3401 fidemque
533 3307 691 3380 dedisset
714 3328 893 3400 nunquam
918 3307 1067 3401 amplius
1100 3303 1209 3376 libros

123 3429 303 3520 gentilium
323 3429 507 3521 attingere,
531 3423 637 3524 quam
662 3431 848 3523 diligenter
873 3428 919 3502 ab
943 3428 1122 3515 omnibus,
1145 3425 1209 3500 sed

124 3573 145 3623 a
175 3551 340 3623 Cicerone
364 3553 561 3646 praesertim
590 3552 813 3640 abstinuerit,
841 3554 943 3627 nosti.
972 3550 1208 3644 Augustinum

124 3694 218 3758 vero,
240 3672 297 3744 cui
316 3674 411 3744 nullo
433 3674 568 3747 somnio
589 3675 810 3748 interdictum
831 3687 921 3759 erat,
943 3696 1012 3745 non
1030 3674 1142 3743 solum
1158 3669 1210 3739 ia-

125 3793 304 3867 miliariter
317 3795 385 3869 illis
405 3796 455 3868 uti
472 3818 541 3868 non
558 3799 696 3893 puduit,
721 3799 784 3872 sed
804 3799 954 3890 ingenue
973 3794 1078 3866 etiam
1098 3792 1207 3877 lateri,

126 3938 167 3989 se
186 3918 222 3989 in
241 3918 338 3994 libris
359 3921 613 3995 Platonicorum
633 3946 796 4016 magnam
818 3921 900 3993 fidei
920 3927 1051 3990 nostrae
1073 3923 1209 4008 partem
1321 3924 1326 3932 ’

125 4042 320 4129 invenisse;
340 4054 376 4117 et
395 4067 440 4116 ex
463 4045 551 4116 libro
577 4047 775 4130 Ciceronis,
809 4044 870 4138 qui
903 4053 1047 4113 vocatur
1067 4040 1211 4109 Horten-

124 4165 207 4250 sius,
230 4167 420 4240 mutatione
435 4167 592 4252 mirabili,
615 4166 660 4239 ab
680 4167 774 4238 omni
796 4187 857 4259 spe
878 4162 1002 4247 fallaci,
1020 4172 1055 4233 et
1071 4160 1116 4231 ab
1132 4162 1210 4232 inu-

125 4287 242 4361 tilibus
260 4289 536 4364 discordantium
550 4297 724 4360 sectarum
738 4282 1015 4360 contentionibus
1032 4303 1207 4367 aversum,

124 4412 170 4484 ad
196 4414 307 4486 solius
333 4415 491 4487 veritatis
519 4410 674 4486 studium
707 4411 818 4482 luisse
851 4429 1076 4492 conversum,
1100 4416 1136 4478 et
1160 4407 1210 4480 sic
1244 4388 1250 4393 ⁶

61 4630 66 4640 .
125 4535 271 4611 lectione
291 4535 371 4608 libri
395 4536 487 4611 illius
506 4535 770 4621 inflammatum,
793 4542 841 4620 ut,
862 4529 1007 4607 mutatis
1030 4529 1210 4606 affectibus
