2692 5024
917 354 921 362 ι

392 615 483 663 iruna
504 615 884 664 summus—nmmum
909 618 972 665 xnl.
1149 602 1205 663 aut

128 759 367 833 consolatoriis
385 759 540 853 epistolis
557 758 601 829 ad
621 768 653 829 to
669 758 747 839 leci,
768 768 804 828 et
820 780 1050 851 quaecumque
1070 779 1208 850 [rossem

130 881 245 953 studio
264 881 485 973 conquirere,
514 888 595 952 nota
622 890 703 950 sunt
729 878 801 969 tibi.
824 879 897 950 Nou
918 878 1071 950 demisse
1096 901 1211 971 neque

129 1002 342 1074 muliebriter
378 1024 499 1093 agam:
525 1023 595 1072 nou
627 1001 719 1073 enim
754 1005 809 1074 vel
844 1001 1005 1073 seminam
1039 1004 1208 1095 alloquor,

131 1127 186 1196 vel
207 1145 353 1217 puerum
375 1126 430 1195 vel
452 1147 560 1195 unum
580 1125 731 1217 aliquem
753 1147 773 1196 e
794 1124 894 1220 plebe
921 1124 1120 1205 multivola3
1148 1125 1212 1196 sed

132 1247 245 1316 virum
278 1249 402 1318 fortem
426 1258 462 1318 ot
487 1256 611 1317 nutura
638 1268 777 1342 semper
802 1248 1002 1327 excelsum3
1035 1269 1141 1330 nunc,
1174 1255 1212 1316 ut
1287 1338 1292 1346 ¹

132 1389 249 1462 spero,
271 1368 449 1439 fortiorem
471 1369 586 1451 solito,
608 1379 643 1440 et
664 1369 750 1461 ipsis
766 1367 1022 1440 calamitatibus
1039 1368 1211 1452 altiorem,

133 1493 245 1563 virum
264 1488 398 1562 crebris
416 1491 592 1583 signatum
610 1493 758 1561 tortunae
779 1489 999 1572 vulneribus,
1018 1489 1213 1582 duratoque
1342 1528 1345 1533 <

132 1616 199 1688 iam
218 1615 357 1685 virtutis
375 1616 473 1697 callo,
494 1613 606 1684 minas
624 1613 716 1683 illius
734 1623 769 1684 et
786 1611 906 1706 praelia
922 1619 1213 1697 contemnentem.

131 1737 208 1808 Non
229 1737 345 1828 itaque
366 1735 589 1807 delinimenta
607 1733 850 1806 blanditiarum
871 1731 1115 1824 asperitatibus
1138 1741 1214 1802 tan·

133 1858 177 1930 tis
195 1858 413 1941 interseram,
433 1879 547 1950 nequo
565 1858 720 1948 ingeram
739 1878 836 1950 spem
855 1864 1036 1949 nepotum,
1051 1855 1214 1946 quamvis

132 1993 168 2053 ot
181 1981 249 2064 illa,
263 1982 335 2052 Deo
348 2002 455 2051 casus
470 1990 608 2052 nostros
625 1980 823 2061 miserante,
840 2002 907 2050 non
924 1978 1027 2050 desit.
1037 1979 1084 2047 Te
1099 1979 1212 2071 ipsum

135 2101 195 2173 tibi
215 2101 409 2175 ostendam.
437 2101 569 2173 Orubo:
590 2104 703 2173 luctus
732 2111 809 2172 tuos
838 2121 1034 2182 numerare,
1063 2099 1214 2171 iacturas

134 2224 311 2295 aestimare
331 2224 465 2296 desine.
494 2225 531 2294 ln
556 2246 698 2317 eaquae
720 2232 853 2294 restant
873 2224 1003 2294 lumina
1024 2224 1092 2293 iam
1121 2232 1214 2293 tersa

134 2356 307 2417 converte.
333 2345 566 2441 Circumspice
590 2345 730 2417 lamiliae
757 2356 827 2416 tuae
853 2356 991 2416 statum.
1010 2346 1215 2416 Columnen-

135 2468 226 2539 sium
243 2467 369 2539 domus
387 2468 488 2540 solito
505 2469 685 2561 pauciores
706 2466 835 2540 habeat
854 2470 1043 2552 columnas,
1066 2466 1150 2560 quid
1169 2468 1215 2538 ad

135 2611 217 2673 rem,
232 2589 335 2662 modo
348 2590 612 2661 fundamentum
626 2590 750 2661 stabile
762 2589 982 2681 solidumque
996 2592 1216 2682 permaneat?

137 2713 232 2784 Unus
253 2723 328 2784 erat
349 2711 457 2783 lulius
478 2713 610 2797 Caesar,
632 2715 773 2784 fratrem
795 2734 862 2783 non
885 2710 1007 2782 habuit
1025 2734 1089 2783 neo
1109 2709 1213 2795 filios,

135 2843 170 2904 et
188 2834 297 2927 patris
318 2855 443 2905 nomen
464 2836 636 2905 occultum
657 2843 722 2905 est.
745 2834 836 2917 Quid
857 2846 973 2903 tamen
992 2854 1083 2904 unus
1104 2830 1216 2922 egerit

138 2964 265 3026 norunt
282 2977 413 3026 omnes.
433 2956 610 3025 Persuade
628 2955 703 3037 tibi,
722 2975 845 3046 quaeso
869 2951 975 3044 (quod
992 2951 1214 3022 verissimum

137 3075 220 3169 est),
242 3099 313 3171 quo
333 3080 411 3172 plus
434 3077 550 3160 saevit,
572 3098 615 3147 eo
636 3076 750 3145 miuus
771 3073 992 3145 metuendam
1010 3093 1092 3143 esse
1108 3076 1215 3142 fortu-

137 3220 228 3270 nam.
251 3199 352 3282 Quod
378 3198 487 3290 potuit
512 3199 612 3270 lecit:
639 3196 737 3268 brevi
763 3207 918 3289 tempore
943 3205 978 3264 et
1003 3195 1129 3264 iratres
1155 3192 1213 3263 tibi

137 3328 174 3390 et
197 3329 343 3414 nepotes
376 3330 411 3391 et
442 3321 657 3413 propinquos
683 3318 837 3402 abstulit,
866 3314 1215 3408 florentissimamque

140 3441 337 3533 prosapiam
365 3441 500 3532 redegit
531 3442 576 3513 ad
608 3462 747 3534 paucos
780 3441 932 3513 Securus
966 3419 1215 3531 generosaeque

139 3564 263 3653 plenus
283 3563 510 3634 contumaciae
530 3563 621 3633 illam
642 3564 786 3634 intuere.
805 3563 936 3633 Praeter
956 3559 1213 3649 magnanimum

138 3681 343 3773 genitorem,
367 3704 473 3775 prope
494 3685 561 3755 iam
580 3684 663 3754 nihil
683 3669 740 3756 est
760 3685 792 3754 in
813 3683 908 3776 quod
925 3681 1071 3751 arietare
1092 3678 1213 3770 possit.

142 3807 183 3875 ut
204 3805 251 3875 illi
272 3804 414 3899 quidem
444 3816 482 3875 ut
506 3805 649 3877 humani
677 3806 759 3877 nihil
786 3826 938 3897 unquam
962 3801 1214 3872 intolerandum

139 3927 215 4011 luit,
238 3927 289 3997 sic
310 3925 394 3996 nihil
414 3925 578 4019 deinceps
599 3927 884 4020 intempestivum
902 3922 1044 3994 accidet.
1062 3922 1216 3994 lllortalis

140 4046 209 4115 aevi
228 4056 340 4117 metas
362 4048 464 4136 longe
482 4055 560 4140 post
581 4057 717 4137 tergum
735 4046 842 4139 liquit.
860 4045 969 4126 Quem
988 4064 1074 4114 vero
1095 4065 1214 4114 senum

141 4166 224 4235 mibi
244 4167 357 4251 dabis,
382 4167 441 4259 qui
467 4176 515 4239 tot
540 4169 622 4239 vitae
642 4187 753 4237 annos
773 4176 943 4248 numeret,
965 4175 1050 4258 quot
1075 4166 1131 4236 hic
1155 4187 1217 4236 uo

141 4297 212 4360 ster
240 4289 409 4362 felicitatis
437 4299 473 4361 et
503 4290 623 4382 gloriae
656 4290 837 4359 numerat?
870 4287 1032 4357 Omnium
1066 4287 1217 4381 prolecto

141 4412 453 4497 fortunatissimus
475 4435 563 4506 quos
585 4423 704 4484 nostra
723 4420 809 4484 actas
830 4410 964 4495 habuit,
988 4412 1016 4482 si
1042 4413 1217 4504 aliquanto
