2692 5024
1296 39 1304 321 Ι
1309 39 1340 345 Ι

614 362 624 387 Ι

1228 506 1266 553 e'u

182 698 221 761 56
479 750 482 759 .
513 710 917 767 nmmrsmuutuus

181 870 351 957 quantum
370 861 418 933 illi
434 861 539 935 Stoici
558 861 725 935 tribuant:
743 873 839 936 aeota
855 860 1140 957 pbilosophorum
1156 863 1256 938 lortis

179 993 217 1057 et
230 985 401 1071 mumulo,
418 985 520 1059 euius
536 1008 616 1059 oum
637 1006 733 1081 saepe
748 984 849 1071 alias,
866 994 942 1059 tum
957 984 994 1057 in
1008 984 1098 1059 libro
1113 984 1165 1058 De
1177 988 1256 1082 fiai-

181 1106 241 1177 tur
254 1106 374 1180 Cicero
392 1116 512 1181 noster
523 1108 689 1180 meminit.
703 1108 781 1181 Soio
792 1108 889 1203 quod
899 1129 970 1181 una
981 1106 1175 1183 hheralium
1189 1118 1253 1197 est,

178 1238 216 1301 et
238 1230 372 1323 modus
396 1232 442 1305 ad
465 1233 537 1304 alta
559 1230 766 1315 nitentibus3
792 1230 950 1325 interque
972 1230 1255 1327 pbilosophorum

178 1351 319 1428 dumeta
335 1352 590 1447 gludientihus,
611 1375 682 1427 non
696 1337 832 1425 inutilis
846 1362 1038 1426 armatura:
1054 1353 1186 1427 excitat
1202 1354 1255 1427 in-

179 1474 365 1561 tellectum,
383 1473 500 1567 signat
522 1475 597 1548 veri
620 1475 729 1563 viarm
755 1484 928 1549 monstrat
949 1476 1061 1549 vitare
1083 1477 1252 1566 tubum,

179 1584 340 1691 denique,
361 1596 392 1669 si
410 1596 498 1669 nihil
513 1596 623 1683 aliud,
644 1605 824 1691 promptos
842 1606 879 1671 et
901 1600 1145 1693 perurgutulos
1164 1599 1252 1673 inat

178 1720 252 1791 lloo
269 1718 319 1790 ita
336 1740 417 1792 esse
435 1741 506 1793 non
530 1717 678 1804 inficior3
695 1720 759 1794 sed
777 1744 848 1795 non
873 1722 989 1795 statim
1012 1744 1084 1816 quu
1108 1722 1254 1797 bonosio

178 1844 381 1930 transimus,
401 1842 621 1917 laudabiliter
639 1843 875 1918 immoramur.
899 1843 990 1928 Quin
1012 1843 1083 1917 imo
1106 1841 1252 1919 matous

177 1965 292 2038 insani
301 1976 359 2039 est
368 1966 567 2041 amoenitute
578 1965 715 2040 viurmu
728 1975 867 2054 metam,
880 1988 986 2060 quam
1003 1965 1250 2055 desbuuverut,

177 2087 347 2160 obhvisoi.
367 2089 476 2161 hlulta
493 2087 563 2161 olto
582 2088 779 2175 transiisse,
800 2098 836 2161 et
854 2111 1026 2183 nusquam
1039 2088 1128 2163 citra
1138 2093 1253 2165 termi-

177 2233 262 2283 num
281 2209 481 2285 substitisse
498 2212 643 2285 viatoris
662 2214 740 2285 laus
757 2221 823 2285 est.
839 2212 885 2283 Et
902 2211 983 2305 quis
1001 2232 1072 2285 non
1082 2212 1199 2288 viator
1207 2237 1252 2288 ex

177 2332 277 2407 nohis
295 2337 371 2408 esti
389 2336 494 2408 Brevi
512 2356 633 2409 omnes
658 2334 876 2428 adversoque
902 2344 1054 2429 tempore
1078 2346 1252 2433 tanquan

178 2456 322 2530 bihemo
337 2457 550 2551 pluvialique
569 2456 626 2529 die
645 2459 787 2549 longum
804 2479 845 2529 ae
862 2455 1002 2530 difficile
1020 2457 1086 2531 iter
1098 2460 1250 2554 agimus3

176 2582 276 2653 cuius
294 2580 473 2654 limeum
491 2602 575 2675 pars
591 2602 671 2653 esse
695 2590 821 2675 potest,
847 2580 967 2674 utique
991 2584 1160 2657 terminus
1184 2606 1251 2658 non

176 2714 245 2774 est:
266 2713 302 2775 et
320 2713 434 2796 potest
452 2725 533 2796 pars
553 2724 635 2776 esse
654 2700 839 2787 matutina,
860 2723 930 2774 non
955 2703 1118 2776 serotina.
1143 2706 1251 2778 Pluri-

176 2846 235 2896 ma
251 2824 392 2919 quidem
412 2824 556 2897 honeste
571 2823 729 2909 lecimus,
743 2843 825 2916 quae
836 2823 1037 2916 trupissime
1048 2827 1249 2901 laceremus.

177 2949 212 3020 Si
229 2949 323 3021 enim
343 2946 533 3022 haloehcae
552 2945 703 3033 scholas,
724 2944 820 3040 quod
838 2945 944 3018 ineis
964 2948 1062 3039 pueri
1087 2949 1248 3037 lusimus,

176 3092 279 3143 senes
298 3070 492 3165 relinquero
511 3069 701 3155 nescimus,
721 3067 845 3142 eodem
864 3069 940 3141 iure
963 3091 1028 3141 neo
1052 3092 1117 3164 par
1140 3074 1251 3169 impar

176 3193 306 3278 ludere,
327 3216 391 3266 nee
409 3192 578 3266 arundine
598 3194 746 3266 tremula
761 3193 919 3285 equitare
934 3192 1075 3286 pudeat,
1094 3216 1158 3267 neo
1173 3218 1251 3266 rur

177 3334 240 3384 sus
260 3315 357 3385 cunis
375 3314 585 3386 infantilibus
603 3314 736 3406 agitari.
757 3315 846 3385 Sunt
864 3314 963 3385 mirae
986 3315 1172 3389 varietates
1196 3339 1250 3389 us

176 3458 255 3507 rum
275 3456 316 3506 ao
331 3436 588 3507 vicissitudines
603 3446 810 3530 temporum,
825 3457 913 3528 quas
927 3457 1112 3510 occurrens
1124 3448 1249 3511 natura

175 3557 325 3642 fastidio,
348 3556 615 3648 vigilantissimo
635 3556 791 3642 artifieio,
815 3556 983 3630 medicata
1001 3568 1075 3631 est:
1095 3582 1159 3634 eas
1179 3584 1248 3635 nou

175 3692 275 3774 putes
296 3679 332 3750 in
349 3679 428 3751 anni
448 3687 580 3751 tantum
596 3678 738 3762 circulo,
760 3676 823 3750 sed
840 3680 947 3751 multo
964 3682 1075 3772 magis
1091 3681 1128 3753 in
1145 3684 1249 3776 longa

175 3815 277 3877 aetate
301 3784 453 3896 reperiri.
478 3803 548 3873 Ver
571 3799 715 3874 ssorihus
739 3810 775 3871 et
797 3800 961 3872 arborum
985 3801 1108 3889 comis,
1139 3815 1247 3878 aestas

173 3925 333 4016 frugibus
358 3924 458 3996 dives
482 3934 554 4016 estq
578 3930 766 3993 autumnus
796 3922 922 4014 pomis,
957 3923 1079 4018 hyems
1105 3925 1247 4000 nivibus

173 4046 336 4119 abundat.
358 4047 441 4116 Haec
459 4043 562 4116 modo
581 4065 650 4114 nou
671 4050 803 4113 tautum
828 4043 1017 4116 tolerabilia
1040 4047 1104 4119 sed
1132 4059 1244 4141 grata,

174 4166 205 4232 si
222 4177 473 4253 pervertantur,
490 4164 584 4250 fient,
602 4164 781 4236 oonoussis
798 4175 933 4237 naturae
948 4164 1100 4257 legibus,
1118 4170 1248 4266 impor—
1330 4170 1334 4184 '

176 4292 278 4352 tuna:
299 4297 334 4355 et
352 4311 453 4359 nemo
471 4288 551 4371 erit,
572 4288 632 4379 qui
652 4289 707 4359 vel
728 4289 862 4384 hyemis
880 4289 1023 4380 glaciem
1043 4309 1148 4382 aequo
1173 4295 1247 4365 ani-

173 4424 232 4476 mo
248 4424 309 4495 per
328 4418 483 4479 aestatem
502 4408 662 4497 perierat,
681 4412 737 4480 vel
749 4412 832 4482 solis
845 4409 1003 4483 ardorem
1014 4411 1135 4485 alienis
1149 4438 1246 4488 men-

175 4524 272 4599 sibus
293 4526 505 4595 sevientem.
535 4526 592 4597 Sic
613 4550 715 4602 nemo
746 4533 913 4624 reperitur
942 4533 1003 4624 qui
1035 4534 1092 4604 vel
1125 4554 1243 4612 senem
