2692 5024
415 742 506 791 niusa
528 742 864 793 antuus-arremari
884 745 924 793 vr.
1163 734 1202 795 55

129 890 243 964 dentis
265 888 394 981 ingenii
414 889 459 961 de
479 891 584 963 rebus
602 889 780 963 altissimis
792 889 947 962 vicissim
958 900 994 962 et
1005 891 1203 986 disputabat

128 1024 163 1087 et
182 1011 368 1086 scribebat.
390 1012 549 1107 Alioquin
565 1012 658 1085 unde
677 1013 782 1085 huius
808 1024 877 1088 tam
901 1016 1008 1087 multa
1027 1015 1202 1089 volumina

129 1156 266 1207 summo
286 1133 414 1219 studio,
435 1145 471 1207 et
487 1135 589 1207 tantis
609 1135 782 1208 exhausta
801 1135 945 1228 vigiliis,
966 1136 1056 1209 inter
1079 1115 1203 1209 multo

128 1281 207 1331 rum
224 1269 260 1330 et
277 1259 471 1352 presertim
491 1257 581 1329 illins
601 1258 764 1330 lortunnti
779 1258 940 1351 discipuli
956 1280 1085 1351 graves
1101 1282 1203 1333 oceu-

130 1381 302 1474 pationes,
318 1390 354 1452 et
374 1382 408 1452 in
429 1390 531 1453 aetate
550 1403 619 1455 non
644 1384 769 1474 longa?
794 1381 965 1476 siquidem
990 1384 1081 1456 circa
1105 1384 1202 1455 illum
1285 1401 1288 1405 ’

129 1504 222 1598 apud
243 1503 430 1596 scriptores
450 1503 625 1589 infamem,
647 1504 786 1577 tertium
807 1506 936 1578 scilicet
950 1506 996 1577 'et
1023 1509 1203 1598 sexagesi—

118 1650 224 1699 mum
240 1626 324 1698 vitae
344 1647 474 1698 annum
490 1625 689 1699 defunctum
709 1629 916 1721 accepimus.
938 1628 999 1700 Isti
1013 1613 1128 1703 autem
1140 1651 1203 1701 cur

128 1751 257 1824 aduce
274 1772 340 1823 suo
357 1759 426 1822 tam
447 1748 579 1821 diversi
600 1749 749 1822 abeunt?
773 1752 857 1835 Cur,
876 1772 1012 1844 qnaeso,
1035 1750 1204 1826 Aristote-

130 1876 213 1948 licos
239 1875 308 1946 dici
333 1875 452 1946 iuvat‘l
474 1885 510 1945 et
533 1897 602 1947 non
627 1875 741 1969 potius
766 1875 895 1969 pudet?
919 1876 1009 1947 Nihil
1034 1878 1081 1948 illi
1110 1888 1204 1951 tanto

130 1997 332 2091 philosopho
364 1997 567 2069 dissimilius
593 1998 733 2070 homine
756 1998 840 2068 nihil
866 1997 1052 2083 scribente,
1080 2021 1201 2091 parum

130 2117 352 2210 intelligente,
371 2120 589 2211 multumque
607 2127 644 2191 et
659 2119 822 2190 inutiliter
835 2122 1014 2192 clamante.
1028 2119 1114 2204 Quis
1126 2120 1202 2191 illas

130 2240 427 2313 conclusiunculas
448 2263 515 2311 non
536 2240 659 2326 rideat,
681 2241 810 2334 quibus
828 2242 965 2313 litterati
985 2243 1143 2315 homines
1165 2264 1204 2314 se

131 2363 235 2435 simul
248 2372 284 2434 et
299 2362 384 2435 nlios
404 2363 564 2456 fatigant:
585 2363 620 2434 in
645 2364 774 2457 quibus
799 2386 937 2437 omnem
960 2372 1097 2435 aetatem
1122 2386 1205 2435 con-

131 2493 260 2556 terunt:
280 2485 407 2579 quippe
421 2484 469 2566 ad
488 2486 556 2557 alia
574 2485 727 2572 inutiles,
749 2486 793 2558 ad
817 2487 882 2559 hoc
899 2486 1013 2580 ipsum
1029 2485 1205 2579 praecipue

128 2610 301 2692 damnosi;
318 2611 432 2703 qualia
454 2620 536 2681 sunt
554 2632 635 2703 quae
656 2633 677 2683 a
697 2611 861 2683 Cicerone
882 2620 917 2683 et
936 2633 957 2682 a
975 2612 1107 2682 Seneca
1129 2612 1205 2703 plu-

129 2733 226 2805 ribus
246 2733 330 2805 locis
352 2733 562 2805 irridentur?
581 2735 690 2819 Quale
709 2745 765 2806 est
784 2733 867 2805 illud
884 2733 1030 2825 Diogeni
1049 2734 1206 2828 proposi·

130 2868 213 2942 tum,
236 2856 446 2951 quemdum
467 2858 737 2930 contumeliosus
757 2857 957 2930 dialecticus
979 2855 1098 2929 verbis
1110 2867 1205 2928 esset

128 3001 320 3071 aggressus
341 2979 407 3052 hoc
428 2979 546 3051 modo:
572 2978 667 3068 Quod
683 3002 740 3071 eqo
759 3002 847 3064 sum,
869 2978 904 3048 id
924 2990 959 3048 tu
978 3000 1045 3047 non
1070 3000 1119 3059 es,·
1143 3001 1205 3049 an-

129 3101 332 3196 nuissetque
364 3102 551 3195 Diogenes:
577 3104 635 3175 ille
660 3102 857 3175 subiunxit:
883 3101 989 3170 Homo
1014 3110 1123 3170 autem
1147 3121 1204 3191 ego

127 3245 218 3305 surm
238 3247 318 3297 cum
338 3223 375 3296 id
394 3225 497 3297 etiam
514 3248 584 3297 non
600 3233 776 3317 negasset,
804 3223 1059 3296 conclusionem
1085 3220 1204 3293 subin-

129 3347 205 3417 tulit
223 3348 418 3419 cavillator:
437 3348 542 3417 Homo
562 3348 664 3440 igitur
684 3358 721 3416 tu
739 3369 807 3416 oon
824 3366 868 3417 cs.
895 3346 1096 3433 Enimvero,
1122 3343 1205 3416 Utt-

128 3491 220 3539 mcm
231 3471 299 3555 loc,
312 3471 423 3563 inquit
435 3471 614 3563 Diogenes,
632 3472 754 3561 sadum
770 3481 831 3540 cst:
848 3480 879 3540 et
891 3470 922 3540 si
933 3493 1047 3540 oerum
1058 3471 1133 3563 ficri
1143 3471 1203 3552 oss,

128 3614 218 3662 ame
235 3593 355 3688 incipe.
376 3594 485 3666 Multa
505 3605 587 3666 sunt
605 3594 642 3666 id
658 3614 768 3686 genus
785 3594 1007 3687 perridicula,
1022 3595 1057 3662 in
1076 3591 1204 3684 quibus

128 3714 212 3807 quid
233 3726 405 3807 quaerant,
427 3719 556 3788 lamam
577 3738 621 3788 an
642 3716 941 3801 oblectamentum,
961 3737 1006 3786 an
1022 3713 1110 3784 bene
1122 3712 1204 3782 bea-

128 3846 229 3927 teque
249 3837 391 3909 vivendi
411 3839 606 3924 consilium,
625 3839 738 3910 sciunt
757 3838 823 3930 ipsi
842 3835 999 3919 forsitan,
1017 3832 1101 3903 mihi
1117 3831 1204 3903 nihil

129 3956 291 4047 ignotius.
317 3959 405 4031 Nam
430 3962 566 4033 luorum
590 3960 686 4033 haud
717 3960 824 4051 digna
854 3957 1047 4030 studiorum
1072 3976 1203 4026 merces

128 4078 302 4152 nobilibus
328 4083 475 4176 ingeniis
501 4083 611 4155 rideri
642 4081 755 4155 debet.
776 4079 1053 4152 Machanicorum
1078 4085 1134 4147 est
1152 4079 1205 4148 lu-

127 4224 187 4275 cra
203 4215 362 4298 captare3
386 4208 610 4279 honestarum
636 4204 763 4276 artium
795 4201 995 4294 generosior
1026 4198 1107 4272 finis
1138 4211 1202 4273 est.

128 4325 218 4397 Dum
239 4326 317 4399 haec
340 4328 499 4413 audiunt,
527 4326 734 4397 irascuntur.
759 4325 823 4396 Est
847 4324 938 4395 enim
965 4327 1036 4395 lere
1056 4325 1205 4398 multilo-

128 4449 249 4540 quium
270 4449 473 4523 contentiosi
492 4447 641 4523 hominis
665 4447 854 4519 iracundiae
877 4447 1085 4542 proximum.
1098 4449 1202 4542 llrgn,

129 4571 298 4664 inquiunt,
324 4571 539 4646 dialecticam
563 4581 602 4644 tu
624 4568 845 4644 condemnas.
874 4567 990 4644 Absit:
1015 4569 1088 4643 scio
1111 4568 1203 4641 enim
