2692 5024
201 734 260 795 318
538 746 579 795 ns
600 745 702 795 uanus
723 744 949 797 sursumsunt

202 892 360 967 maestior
379 891 415 961 in
435 900 547 963 morte
567 889 687 983 generi
707 888 796 963 bens
820 890 957 979 (imur,
980 912 1097 987 quum
1117 897 1296 971 exercitus

200 1014 263 1109 qui
281 1010 479 1109 plaudebat.
499 1011 570 1085 Sed
586 1012 634 1085 ad
653 1022 689 1085 te
708 1020 877 1089 revertor.
896 1013 1017 1089 Primo
1032 1013 1152 1109 igitur
1168 1019 1298 1114 episto

202 1139 247 1209 lae
274 1145 347 1211 tuae
370 1156 454 1233 pars
478 1136 516 1210 id
538 1135 625 1230 agit¹
660 1145 700 1211 ut
722 1139 913 1213 multarum
936 1160 979 1213 ac
1002 1158 1123 1237 propo
1142 1142 1297 1217 omniun

202 1261 402 1355 congeriem
415 1281 652 1333 erumnarum
665 1261 728 1333 uni
743 1258 806 1335 tibi
818 1260 1026 1337 incubuisse
1035 1260 1199 1353 diceros,
1214 1264 1298 1339 siout

65 1472 69 1476 Ι
202 1381 402 1469 miserabili,
420 1381 472 1457 sio
490 1381 675 1476 magnifico
688 1382 831 1478 quidem
849 1384 940 1457 stilo.
957 1382 1116 1479 repens,
1138 1386 1298 1463 lacrimas

203 1526 274 1580 non
287 1506 396 1591 unm,
409 1516 446 1579 et
464 1505 743 1593 commutaris,
758 1505 967 1594 utdmras,
981 1508 1232 1597 lacrimarum,
1243 1532 1298 1585 ao

204 1651 270 1703 vas
289 1627 420 1703 addidi.
440 1628 566 1703 Nescio
590 1629 684 1703 enim
700 1628 890 1727 quomodo,
907 1650 1018 1705 casus
1034 1652 1131 1707 suos
1155 1632 1299 1709 virilitu

203 1771 311 1845 quam
330 1749 544 1824 muliebriter
560 1750 936 1835 lamentuntonsvirum
953 1752 1180 1849 profundior
1199 1754 1298 1831 mite

206 1894 335 1947 ramur.
366 1873 610 1969 Prosequebnr
638 1874 794 1949 intentus
822 1873 940 1947 animo
971 1884 1086 1971 atque
1105 1878 1298 1967 conticet

205 1998 282 2092 ipso
298 1996 369 2069 stili
383 1996 533 2071 dulcedo
543 1996 788 2073 blandiebatur
800 2007 839 2071 ut
850 1999 1022 2091 legerem
1036 2002 1223 2095 walerio
1233 2004 1299 2077 los

206 2119 365 2213 giuscula
375 2120 521 2215 epistola
536 2133 642 2195 esset.
657 2123 749 2195 Ecce
761 2130 886 2207 autem,
900 2120 989 2195 *dum
1002 2132 1144 2199 crotera
1156 2124 1298 2203 bumon-

207 2243 301 2319 tibus
313 2246 423 2319 oeulis
435 2246 869 2342 perlegissemexpectans
877 2244 964 2339 qnid
974 2244 1138 2323 insolitae
1148 2258 1193 2325 et
1204 2251 1299 2325 tonis

205 2369 358 2464 querelis
374 2391 499 2464 aequm
510 2370 662 2443 miseriae
675 2369 856 2465 patereris,
879 2378 987 2441 totam
1004 2372 1195 2447 malorum
1212 2398 1297 2449 sum

208 2515 300 2565 mam
314 2492 426 2566 tubus
440 2493 474 2564 in
488 2491 592 2565 finem
605 2501 667 2566 aut
684 2502 834 2589 quatuor
853 2491 972 2565 verbis
985 2492 1215 2571 incluserns:
1226 2518 1298 2572 esse

210 2614 409 2699 celibum,
438 2635 572 2700 senem,
599 2636 803 2711 pauperem,
826 2612 1067 2709 podagricum.
1096 2617 1248 2704 Quibus
1269 2618 1297 2691 in

210 2738 308 2807 malis
334 2740 425 2809 terre
450 2745 485 2809 te
515 2737 599 2810 illud
622 2738 815 2831 aegerrime,
841 2736 937 2832 quod
962 2736 1024 2811 tibi
1048 2754 1198 2816 nostras
1223 2765 1297 2841 spes

208 2860 323 2933 ablata
359 2860 557 2954 praesentiae
595 2861 781 2933 videretur.
820 2860 941 2954 Neque
973 2862 1068 2933 enim
1107 2876 1145 2937 te
1184 2865 1298 2939 morbo

178 3070 181 3075 Ι
208 2985 364 3056 vinctum
386 2985 460 3055 loco
477 2985 610 3056 moveri
624 3005 739 3078 posse,
754 3006 868 3078 neque
879 3004 1049 3057 ausurum
1067 2985 1119 3059 do
1142 2998 1222 3063 tom
1233 2992 1297 3063 lon

209 3109 340 3202 ginquo
361 3105 407 3180 ad
427 3117 460 3179 te
492 3107 642 3180 amioum
672 3128 829 3191 evocare,
850 3107 1122 3200 occupationum
1156 3134 1298 3187 suarum

209 3252 278 3301 non
295 3229 423 3321 ignotis
445 3226 506 3301 tibi
523 3225 735 3321 ponderibus
753 3228 934 3301 irretitum.
955 3229 1030 3302 Hoc
1049 3228 1219 3308 flebilem
1235 3236 1297 3332 epi

210 3353 334 3423 stolam
356 3349 425 3423 fine
444 3351 635 3424 concludis.
650 3350 721 3437 Hic,
735 3352 853 3436 fateor,
875 3350 946 3422 risi.
965 3353 1011 3423 Et
1034 3352 1151 3445 qnid?
1174 3356 1300 3431 dixerit

208 3473 399 3568 quispiam3
417 3496 528 3570 pauca
548 3475 625 3547 baec
643 3472 703 3546 tibi
721 3474 896 3557 videntur,
915 3495 961 3547 on
977 3473 1096 3546 levio?
1126 3478 1300 3553 Neutrum

210 3598 365 3691 quidem;
380 3598 444 3671 sed
457 3608 539 3670 sunt
551 3597 640 3670 adeo
652 3598 824 3690 vulgaria,
838 3597 1066 3691 omniumque
1078 3604 1299 3687 communia,

210 3736 249 3796 ut
274 3743 372 3818 paene
400 3723 629 3794 inhumanum
656 3722 702 3793 sit
720 3721 929 3819 penitusque
954 3719 1147 3795 ridiculum
1177 3726 1302 3801 talibus

210 3847 437 3921 incommodis
455 3845 629 3938 indignari
651 3845 823 3917 bominem
846 3845 902 3916 vel
924 3842 1054 3916 mirari.
1077 3844 1176 3930 Quis
1197 3851 1300 3933 enirn,

212 3983 280 4043 uta
295 3970 417 4063 primis
434 3969 562 4051 ordiar,
576 3968 656 4063 quis
670 3967 849 4039 bominum
871 3988 1026 4060 unquam
1040 3966 1149 4054 vixit,
1159 3973 1230 4066 qui
1241 3992 1303 4045 non

213 4092 363 4166 vivendo
383 4091 561 4165 senuerit?
588 4091 727 4163 Prisoos
760 4091 837 4162 illos
858 4100 977 4183 patres
1008 4089 1132 4165 multis
1163 4092 1303 4169 saeculis

212 4215 429 4308 protendisse
450 4215 534 4288 vitae
555 4215 705 4308 spatium
727 4213 887 4306 legimus.
905 4211 1093 4307 Numquid.
1101 4204 1256 4292 tandem
1273 4226 1305 4288 et

212 4359 282 4409 non
305 4338 465 4411 senuisse
483 4339 655 4432 legimus?
668 4336 766 4410 Mitto
780 4336 856 4408 illos
869 4335 929 4430 qui
950 4334 985 4406 in
1006 4336 1133 4409 mundi
1156 4340 1305 4435 primor-

212 4457 530 4547 diomemornntur‚
545 4483 645 4557 quos,
673 4463 770 4535 velut
795 4461 829 4533 in
854 4458 966 4555 ipsius
996 4460 1123 4533 saeculi
1161 4463 1305 4539 iuventa

212 4578 324 4653 editos
345 4583 520 4667 minoem,
543 4584 741 4675 vegetiores
760 4594 866 4677 utque
884 4580 1080 4654 vivaciores
1107 4585 1247 4677 fuisso,
1271 4608 1307 4661 oo
