2692 5024
416 696 508 743 murm
530 693 866 744 rursus-murem
887 696 927 744 rv.
1164 685 1204 747 45

134 840 384 913 matronarum!
405 838 507 910 Forte
524 838 686 911 Iohannis
703 838 868 930 Baptistae
885 839 1003 929 vigilia
1019 853 1101 927 erat,
1120 843 1204 916 dum

130 964 209 1035 illuc
225 959 390 1055 applicui:
409 971 444 1032 et
460 960 528 1032 iarn
547 962 592 1033 ad
611 960 825 1032 occidentem
847 963 898 1033 sol
918 964 1096 1054 uergebat.
1118 966 1206 1037 Con-

129 1086 243 1158 festim
263 1083 451 1155 amicorum
468 1082 601 1155 monitu
621 1084 713 1177 (nam
733 1094 768 1154 et
787 1082 834 1153 ibi
855 1076 984 1155 amieos
1004 1086 1099 1177 prius
1119 1087 1204 1158 mihi

129 1212 221 1281 fama
237 1215 430 1300 pepererat,
449 1228 553 1298 quam
571 1204 744 1299 meritum)
764 1206 809 1277 ab
824 1207 974 1300 hospitio
988 1210 1148 1281 traducor
1160 1211 1205 1282 ad

130 1330 291 1413 nuvium,
305 1327 441 1419 insigne
459 1331 694 1420 spectaculum
712 1327 865 1399 visurus.
878 1330 949 1400 Nec
960 1331 1113 1402 fallebar:
1131 1354 1205 1403 om-

132 1453 188 1524 nis
204 1451 296 1523 enim
314 1451 389 1543 ripa
405 1452 573 1541 praeclaro
590 1460 625 1519 et
641 1448 772 1541 ingenti
793 1452 977 1523 mulierum
997 1453 1134 1545 agmine
1155 1464 1206 1525 te-

132 1573 288 1668 gebatur.
315 1571 496 1663 Obstupui.
522 1571 577 1642 llii
597 1571 696 1643 boni!
720 1594 801 1666 quae
820 1576 948 1647 forma!
977 1596 1057 1669 qum
1079 1577 1201 1649 iacies!

131 1695 210 1792 quis
228 1694 386 1768 babitus!
403 1716 519 1765 amare
536 1694 707 1785 potuisset
723 1695 882 1789 quisquis
895 1720 937 1769 eo
949 1721 1018 1771 nen
1029 1721 1206 1793 praeoccu-

132 1829 249 1914 patum
266 1818 419 1890 animum
438 1816 619 1889 attulisset.
638 1819 676 1888 ln
693 1820 768 1891 loco
785 1823 888 1912 paulo
905 1822 1023 1894 altiore
1042 1824 1207 1896 constite-

134 1964 208 2015 ram
220 1941 313 2014 unde
325 1940 361 2012 in
373 1962 415 2011 ea
428 1960 507 2032 quae
520 1938 731 2032 gerebantur
747 1942 972 2015 intenderem.
991 1945 1205 2017 incredibilis

134 2063 211 2135 sine
240 2062 429 2135 offensione
461 2084 652 2135 concursus
683 2075 774 2136 erat:
805 2065 1030 2160 vicissimque
1058 2069 1203 2151 alacres,

133 2208 214 2278 pars
233 2185 353 2257 herbis
374 2185 555 2258 odoriferis
576 2184 745 2269 incincta,
769 2187 992 2278 reductisque
1010 2199 1089 2280 post
1107 2188 1206 2260 cubi-

135 2317 207 2379 tum
227 2308 384 2393 manicis,
404 2309 570 2381 candidas
588 2309 623 2378 in
640 2307 778 2399 gurgite
795 2329 919 2379 manus
940 2331 980 2379 ae
999 2309 1140 2382 brachia
1156 2313 1206 2381 la-

134 2430 275 2516 vabant,
290 2432 409 2504 nescio
426 2431 510 2524 quid
527 2430 691 2503 blandum
709 2430 892 2524 peregrino
909 2453 1085 2502 murmure
1101 2433 1206 2505 collo-

133 2565 290 2648 quentes.
314 2553 385 2627 Vix
408 2576 586 2645 nunquam
611 2553 737 2625 elarius
757 2552 911 2624 intellexi
932 2554 1026 2645 quod
1050 2553 1204 2626 Ciceroni

132 2679 254 2769 piacet,
269 2687 305 2747 et
320 2675 432 2747 veteri
449 2673 635 2767 proverbio
651 2673 719 2747 diei
737 2678 835 2746 solet:
854 2674 942 2747 inter
958 2675 1095 2767 linguas
1112 2677 1206 2750 inco

132 2801 245 2892 gnitas
259 2819 380 2872 omnes
395 2798 646 2890 propemodum
660 2797 786 2870 surdos
800 2821 840 2871 ac
857 2810 969 2870 mutos
983 2821 1074 2872 esse.
1093 2802 1204 2872 Unum

133 2921 216 2991 mihi
241 2921 401 2994 solatium
429 2919 705 3012 gratissimorum
731 2919 956 3013 interpretum
981 2945 1050 2993 non
1075 2923 1204 2993 deerat.

133 3044 232 3129 Nam,
251 3053 286 3115 et
306 3044 371 3114 hoc
388 3043 477 3114 inter
490 3054 613 3115 cuncta
625 3042 805 3127 mirabere,
825 3044 950 3114 coelum
968 3043 1050 3115 illud
1064 3043 1204 3135 spiritus

134 3163 264 3237 Pierios
284 3168 388 3237 alere.
410 3164 528 3258 Itaque
548 3165 632 3236 dum
653 3165 796 3235 miratur
812 3164 986 3234 luvenalis
1003 3163 1097 3257 qued

293 3322 382 3386 Gallia
399 3322 565 3385 causidicos
582 3322 682 3384 docuit
698 3322 823 3389 facunda
839 3324 1009 3403 Britannos,

135 3478 278 3550 miretur
293 3479 410 3552 itidem

294 3625 383 3690 Docta
401 3629 483 3706 quod
500 3634 624 3706 argutos
641 3629 715 3691 aluit
732 3627 890 3693 Germania
908 3638 1002 3694 vates.

134 3780 191 3866 At,
209 3804 254 3853 ne
271 3805 327 3854 me
343 3797 484 3857 auctore
498 3786 638 3869 fallaris,
655 3787 739 3859 scito
752 3788 799 3857 ibi
813 3788 944 3857 nullum
957 3786 1133 3855 Maronem
1150 3803 1207 3853 es-

136 3925 184 3986 se,
197 3906 353 3978 Nasones
367 3907 552 4000 plurimos·,
562 3919 601 3980 ut
612 3909 709 3981 dieas
722 3931 846 3980 uerum
858 3907 969 3979 luisse
980 3903 1203 3999 praesagium,

135 4024 231 4116 quod
246 4025 282 4096 in
300 4028 368 4100 line
386 4030 464 4100 libri
477 4032 796 4123 Metamorphoseos
813 4034 958 4102 multum
979 4031 1035 4099 vel
1061 4029 1207 4120 posteri-

135 4147 214 4220 tatis
232 4151 354 4241 gratiae
370 4155 427 4222 vel
444 4153 583 4243 ingenio
601 4175 665 4223 suo
682 4152 794 4226 fidens
811 4153 916 4246 penit.
943 4151 1120 4243 Siquidem
1137 4175 1206 4245 qua

135 4270 289 4345 Romana
306 4276 470 4366 potentia,
491 4297 554 4346 seu
567 4273 696 4358 verius,
711 4297 780 4367 qua
792 4277 983 4347 Romanurn
1001 4298 1127 4347 nomen
1143 4278 1206 4349 do-

134 4395 219 4467 mito
234 4397 320 4468 orbe
338 4420 378 4468 se
394 4398 550 4491 porrigit,
569 4396 796 4491 plausibiliter
813 4420 904 4468 nune
923 4398 1072 4471 laventis
1089 4399 1203 4494 populi

135 4539 195 4589 ore
213 4519 413 4611 perlegitur.
432 4523 492 4593 llis
511 4545 577 4614 ego
593 4518 777 4595 comitibus
793 4519 854 4593 ubi
869 4518 954 4613 quid
971 4519 1201 4601 audendum,
