2692 5024
179 642 239 707 iot
515 654 558 705 nn
576 652 678 703 nunus
697 650 920 703 summamus

178 794 393 893 experientia
416 804 527 880 esset,
552 814 658 889 qnam
682 792 789 867 buius
811 792 890 879 tuit,
916 792 978 867 din
1001 793 1151 869 dubium
1174 818 1260 871 esse

178 938 250 993 non
269 916 431 991 sinerem.
452 917 635 1003 Caeterum,
649 924 697 1003 nt,
711 915 923 1002 illoomisso,
936 914 1089 991 adhunc
1100 928 1258 993 montmr

178 1041 334 1131 reniam,
352 1036 554 1113 excusabile
573 1040 690 1113 visum
709 1047 766 1114 est
784 1040 821 1111 in
839 1038 965 1112 iuvene
984 1040 1140 1136 privato,
1161 1042 1260 1137 qnod

178 1166 215 1237 in
234 1186 317 1258 tege
335 1184 418 1237 aene
438 1184 508 1235 non
527 1162 692 1257 carpitur.
712 1162 784 1235 Sed
807 1160 853 1237 de
876 1161 973 1235 socio
990 1162 1158 1257 cogitatui
1180 1167 1260 1261 (mi-

178 1311 258 1363 rum
274 1284 391 1383 dictu),
411 1285 475 1359 vix
493 1284 682 1358 amicorum
698 1283 885 1379 quisquam
899 1283 994 1357 omni
1004 1308 1054 1359 ex
1066 1296 1167 1381 parte
1183 1288 1261 1363 ido·

40 1390 48 1403 '
178 1433 267 1485 nens
286 1408 482 1483 videbatur.
501 1406 608 1493 Adeo,
622 1406 726 1479 etiam
739 1405 950 1495 intercaros,
962 1408 1191 1483 exactissima
1202 1410 1260 1483 illa

178 1534 396 1605 voluntatum
415 1528 570 1603 omnium
591 1549 798 1623 morumque
812 1530 999 1605 concordia
1016 1520 1097 1605 rara
1111 1541 1180 1606 est.
1197 1532 1261 1606 llio

179 1653 332 1747 segnior,
348 1652 409 1747 ille
429 1650 650 1744 vigilantium
676 1650 734 1725 hic
752 1651 899 1738 tardior,
926 1653 985 1725 ille
1007 1652 1178 1738 celerior;
1203 1653 1261 1729 bic

178 1775 350 1862 moestior‚
376 1774 434 1848 ille
458 1773 595 1858 laedon·
617 1773 770 1870 denique
793 1771 851 1847 hic
876 1774 1030 1862 stultior,
1055 1776 1261 1873 prudentior

178 1896 235 1971 ille
264 1912 369 1992 quam
399 1896 550 1968 vellem:
576 1894 681 1969 huius
707 1894 894 1984 silentium,
920 1896 1014 1971 illins
1042 1898 1261 1993 praecem

178 2018 283 2092 buius
301 2019 440 2115 pondus
464 2040 506 2092 ac
529 2016 720 2115 pinguedo,
748 2016 840 2091 illius
865 2018 994 2093 macies
1018 2030 1126 2115 atque
1150 2021 1263 2097 imbe-

177 2140 302 2212 'eillitas
333 2139 509 2213 terrebat:
532 2139 639 2214 huus
664 2139 792 2235 frigida
823 2139 1057 2227 incuriosius,
1088 2141 1183 2216 illius
1206 2164 1263 2217 ar·

178 2261 267 2335 dens
291 2263 471 2357 occupatio
495 2256 755 2336 dehortabatur.
776 2262 873 2349 Quae,
895 2283 1108 2359 mamqnam
1128 2263 1262 2357 gravia,

180 2387 369 2460 tolerantur
388 2384 497 2470 domi;
515 2383 631 2458 omnia
648 2383 740 2456 enim
759 2384 880 2457 suffert
896 2384 1057 2472 charitasa,
1076 2395 1112 2459 et
1127 2388 1263 2462 nullum

179 2508 316 2604 pondus
348 2516 488 2580 recusat
517 2506 689 2579 amicitia:
715 2527 841 2585 verum
865 2508 941 2582 haec
964 2508 1089 2582 eadem
1113 2507 1206 2583 finnt
1228 2512 1264 2584 in

178 2632 300 2704 itinere
322 2630 496 2723 graviora.
522 2628 643 2722 ltaque
662 2627 831 2701 delicatus
857 2630 1007 2720 animus,
1034 2632 1265 2729 honestaeque

178 2751 415 2827 delectationis
436 2760 618 2848 appetens,
644 2751 925 2847 circumspiciens
950 2754 1102 2828 librabat
1124 2755 1264 2851 singula
1312 2844 1318 2849 ,

181 2874 257 2950 sine
288 2877 357 2948 nlla
387 2875 530 2970 quidem
562 2874 723 2947 amicitiae
747 2874 902 2947 laesione.
928 2877 1066 2950 Tacitus
1091 2876 1264 2975 quidquid

178 3003 355 3099 proposito
365 3000 480 3075 itineri
491 3001 710 3097 praevidebat
719 3003 904 3073 molestum
914 2999 1110 3096 tempusue,
1118 3002 1265 3078 damua-

179 3125 249 3198 bat.
269 3126 362 3212 Quid
381 3128 506 3223 putas?
525 3124 679 3199 Tandem
700 3125 744 3198 ad
764 3125 955 3200 domestica
976 3134 1095 3199 vertor
1112 3127 1264 3202 auxilia:

180 3268 417 3342 germanoque
437 3269 514 3321 meo
534 3249 649 3325 unico.
669 3248 794 3321 minori
811 3257 905 3333 natu,
920 3271 1025 3342 quem
1039 3246 1149 3343 probe
1162 3242 1262 3335 nosti,

180 3390 251 3442 rem
273 3371 401 3463 aperio.
423 3370 478 3441 Nil
497 3379 632 3465 poterat
651 3370 767 3443 laetius
784 3370 920 3455 audire,
939 3373 1153 3464 gratulatuS,
1170 3374 1265 3468 quod

181 3493 274 3589 apud
294 3513 349 3564 me
370 3493 471 3567 amici
498 3493 601 3566 simul
627 3515 667 3565 ac
692 3493 809 3566 fratris
835 3503 952 3566 teneat
976 3496 1101 3567 locum.
1129 3495 1264 3571 Statntn

180 3614 245 3700 die,
268 3613 419 3706 digressi
440 3614 552 3697 domo,
574 3590 809 3687 Malaucenam
827 3616 988 3689 venimus
1002 3616 1262 3711 advesperam;

182 3731 279 3810 locus
304 3746 360 3808 est
384 3737 419 3807 in
445 3734 620 3807 radicibus
646 3737 772 3809 montis
798 3760 925 3812 versus
952 3739 987 3811 in
1013 3740 1168 3821 boream.
1196 3741 1264 3814 Illic

114 3954 118 3961 Ι
182 3884 287 3932 unum
307 3860 401 3934 diem
422 3859 558 3942 morati,
583 3857 684 3929 hodie
704 3861 845 3935 tandem
863 3885 941 3935 cum
961 3862 1108 3956 singulis
1124 3864 1263 3937 famulis

181 3994 332 4056 montem
362 3981 583 4056 ascendimus
611 4002 680 4053 non
712 3984 788 4057 sine
822 3990 930 4060 multa
958 3987 1170 4061 difficultate.
1202 3989 1264 4061 Est

180 4107 270 4176 enim
292 4115 469 4203 praerupta
497 4115 532 4179 et
562 4126 663 4201 paene
687 4106 936 4181 inaccessibilis
963 4129 1104 4181 saxosae
1129 4109 1262 4183 telluris

163 4230 300 4311 moles.
323 4232 390 4304 Sed
411 4232 499 4304 bene
520 4252 540 4301 a
561 4240 664 4325 pocta
683 4229 812 4303 dictum
830 4241 901 4304 est:
919 4233 1012 4303 lubm
1028 4233 1141 4304 omnio
1157 4232 1264 4304 vincit

181 4349 356 4441 improbus.
389 4354 471 4426 Dies
503 4355 619 4448 longa,
646 4352 795 4426 blandus
820 4376 896 4441 aer,
925 4355 1119 4427 animorum
1146 4354 1260 4449 vigor,

81 4532 87 4541 .
181 4487 362 4562 corporum
376 4470 483 4545 robur
495 4495 535 4545 ac
551 4473 752 4557 dexteritas,
771 4483 807 4545 et
824 4476 853 4546 si
876 4496 947 4568 qua
968 4484 1051 4548 sunt
1070 4476 1258 4562 eiusmodi,
