<?xml version="1.0" encoding="UTF-8"?>
<!DOCTYPE html PUBLIC "-//W3C//DTD XHTML 1.0 Transitional//EN"
    "http://www.w3.org/TR/xhtml1/DTD/xhtml1-transitional.dtd">
<html xmlns="http://www.w3.org/1999/xhtml" xml:lang="en" lang="en">
 <head>
  <title>
</title>
<meta http-equiv="Content-Type" content="text/html;charset=utf-8" />
  <meta name='ocr-system' content='tesseract 3.04.00' />
  <meta name='ocr-capabilities' content='ocr_page ocr_carea ocr_par ocr_line ocrx_word'/>
</head>
<body>
  <div class='ocr_page' id='page_1' title='image "./epistolaederebu00fracgoog_0587.png"; bbox 0 0 2692 5024; ppageno 0'>
   <div class='ocr_carea' id='block_1_1' title="bbox 130 639 872 702">
    <p class='ocr_par' dir='ltr' id='par_1_1' title="bbox 130 639 872 702">
     <span class='ocr_line' id='line_1_1' title="bbox 130 639 872 702; baseline 0 -3"><span class='ocrx_word' id='word_1_1' title='bbox 130 639 189 700; x_wconf 61' lang='lat' dir='ltr'>idi</span> <span class='ocrx_word' id='word_1_2' title='bbox 465 651 507 700; x_wconf 79' lang='lat' dir='ltr'>Illi</span> <span class='ocrx_word' id='word_1_3' title='bbox 529 651 630 702; x_wconf 80' lang='lat' dir='ltr'>REBUS</span> <span class='ocrx_word' id='word_1_4' title='bbox 651 649 872 701; x_wconf 65' lang='lat' dir='ltr'>stultthmuu‘s</span> 
     </span>
    </p>
   </div>
   <div class='ocr_carea' id='block_1_2' title="bbox 127 794 1218 4560">
    <p class='ocr_par' dir='ltr' id='par_1_2' title="bbox 127 794 1218 4560">
     <span class='ocr_line' id='line_1_2' title="bbox 131 794 1218 890; baseline 0.002 -22"><span class='ocrx_word' id='word_1_5' title='bbox 131 797 230 870; x_wconf 91' lang='lat' dir='ltr'>nobis</span> <span class='ocrx_word' id='word_1_6' title='bbox 252 795 461 881; x_wconf 80' lang='lat' dir='ltr'><strong>blandiatur,</strong></span> <span class='ocrx_word' id='word_1_7' title='bbox 485 820 587 870; x_wconf 88' lang='lat' dir='ltr'>nemo</span> <span class='ocrx_word' id='word_1_8' title='bbox 609 820 671 871; x_wconf 93' lang='lat' dir='ltr'>nos</span> <span class='ocrx_word' id='word_1_9' title='bbox 695 797 884 870; x_wconf 91' lang='lat' dir='ltr'>iuventutis</span> <span class='ocrx_word' id='word_1_10' title='bbox 902 794 1141 890; x_wconf 87' lang='lat' dir='ltr'>appellatione</span> <span class='ocrx_word' id='word_1_11' title='bbox 1160 797 1218 869; x_wconf 88' lang='lat' dir='ltr'>dc·</span> 
     </span>
     <span class='ocr_line' id='line_1_3' title="bbox 129 920 1216 1015; baseline -0.003 -22"><span class='ocrx_word' id='word_1_12' title='bbox 129 923 242 1015; x_wconf 90' lang='lat' dir='ltr'>cipiat.</span> <span class='ocrx_word' id='word_1_13' title='bbox 258 962 303 973; x_wconf 96' lang='lat'>-</span> <span class='ocrx_word' id='word_1_14' title='bbox 319 920 395 991; x_wconf 91' lang='lat' dir='ltr'>Non</span> <span class='ocrx_word' id='word_1_15' title='bbox 417 943 539 992; x_wconf 92' lang='lat' dir='ltr'>sumus</span> <span class='ocrx_word' id='word_1_16' title='bbox 560 920 738 1014; x_wconf 76' lang='lat' dir='ltr'>decrepiti.</span> <span class='ocrx_word' id='word_1_17' title='bbox 755 961 800 972; x_wconf 91' lang='lat'>-</span> <span class='ocrx_word' id='word_1_18' title='bbox 820 920 920 992; x_wconf 86' lang='lat' dir='ltr'>Esto:</span> <span class='ocrx_word' id='word_1_19' title='bbox 949 941 1014 990; x_wconf 91' lang='lat' dir='ltr'>nec</span> <span class='ocrx_word' id='word_1_20' title='bbox 1041 942 1143 992; x_wconf 90' lang='lat' dir='ltr'>senes</span> <span class='ocrx_word' id='word_1_21' title='bbox 1170 921 1216 992; x_wconf 90' lang='lat' dir='ltr'>si-</span> 
     </span>
     <span class='ocr_line' id='line_1_4' title="bbox 130 1044 1214 1138; baseline -0.002 -22"><span class='ocrx_word' id='word_1_22' title='bbox 130 1066 228 1128; x_wconf 90' lang='lat' dir='ltr'>mus;</span> <span class='ocrx_word' id='word_1_23' title='bbox 250 1054 287 1116; x_wconf 92' lang='lat' dir='ltr'>at</span> <span class='ocrx_word' id='word_1_24' title='bbox 307 1048 457 1138; x_wconf 87' lang='lat' dir='ltr'>prolecto</span> <span class='ocrx_word' id='word_1_25' title='bbox 477 1065 541 1115; x_wconf 89' lang='lat' dir='ltr'>nec</span> <span class='ocrx_word' id='word_1_26' title='bbox 563 1044 671 1137; x_wconf 91' lang='lat' dir='ltr'>pueri.</span> <span class='ocrx_word' id='word_1_27' title='bbox 694 1044 846 1137; x_wconf 83' lang='lat' dir='ltr'><strong>Tempus</strong></span> <span class='ocrx_word' id='word_1_28' title='bbox 869 1056 926 1113; x_wconf 90' lang='lat' dir='ltr'>est</span> <span class='ocrx_word' id='word_1_29' title='bbox 946 1045 1094 1136; x_wconf 86' lang='lat' dir='ltr'>puerilia</span> <span class='ocrx_word' id='word_1_30' title='bbox 1115 1045 1214 1115; x_wconf 88' lang='lat' dir='ltr'>relin-</span> 
     </span>
     <span class='ocr_line' id='line_1_5' title="bbox 128 1164 1217 1260; baseline -0.003 -21"><span class='ocrx_word' id='word_1_31' title='bbox 128 1167 269 1260; x_wconf 91' lang='lat' dir='ltr'>quendi.</span> <span class='ocrx_word' id='word_1_32' title='bbox 288 1168 439 1260; x_wconf 85' lang='lat' dir='ltr'><strong>Tempus</strong></span> <span class='ocrx_word' id='word_1_33' title='bbox 457 1174 526 1249; x_wconf 89' lang='lat' dir='ltr'>est,</span> <span class='ocrx_word' id='word_1_34' title='bbox 549 1166 716 1258; x_wconf 77' lang='lat' dir='ltr'>inquam?</span> <span class='ocrx_word' id='word_1_35' title='bbox 740 1167 847 1236; x_wconf 82' lang='lat' dir='ltr'><strong>Esset</strong></span> <span class='ocrx_word' id='word_1_36' title='bbox 868 1164 1017 1248; x_wconf 91' lang='lat' dir='ltr'>utinam,</span> <span class='ocrx_word' id='word_1_37' title='bbox 1035 1187 1102 1237; x_wconf 88' lang='lat' dir='ltr'>nec</span> <span class='ocrx_word' id='word_1_38' title='bbox 1122 1176 1217 1236; x_wconf 88' lang='lat' dir='ltr'>tran-</span> 
     </span>
     <span class='ocr_line' id='line_1_6' title="bbox 131 1287 1215 1380; baseline -0.002 -18"><span class='ocrx_word' id='word_1_39' title='bbox 131 1291 258 1362; x_wconf 90' lang='lat' dir='ltr'>siisset.</span> <span class='ocrx_word' id='word_1_40' title='bbox 286 1288 368 1374; x_wconf 85' lang='lat' dir='ltr'>Sed,</span> <span class='ocrx_word' id='word_1_41' title='bbox 391 1288 475 1359; x_wconf 93' lang='lat' dir='ltr'>mihi</span> <span class='ocrx_word' id='word_1_42' title='bbox 500 1289 618 1370; x_wconf 91' lang='lat' dir='ltr'>crede,</span> <span class='ocrx_word' id='word_1_43' title='bbox 647 1287 824 1371; x_wconf 76' lang='lat' dir='ltr'>transivit,</span> <span class='ocrx_word' id='word_1_44' title='bbox 851 1300 888 1359; x_wconf 91' lang='lat' dir='ltr'>et</span> <span class='ocrx_word' id='word_1_45' title='bbox 914 1309 1040 1380; x_wconf 81' lang='lat' dir='ltr'>magna</span> <span class='ocrx_word' id='word_1_46' title='bbox 1074 1290 1143 1358; x_wconf 91' lang='lat' dir='ltr'>iam</span> <span class='ocrx_word' id='word_1_47' title='bbox 1170 1312 1215 1360; x_wconf 81' lang='lat' dir='ltr'>ex</span> 
     </span>
     <span class='ocr_line' id='line_1_7' title="bbox 130 1410 1214 1508; baseline -0.004 -23"><span class='ocrx_word' id='word_1_48' title='bbox 130 1425 227 1508; x_wconf 91' lang='lat' dir='ltr'>parte</span> <span class='ocrx_word' id='word_1_49' title='bbox 247 1424 326 1507; x_wconf 89' lang='lat' dir='ltr'>post</span> <span class='ocrx_word' id='word_1_50' title='bbox 344 1421 481 1502; x_wconf 84' lang='lat' dir='ltr'>tergum</span> <span class='ocrx_word' id='word_1_51' title='bbox 499 1420 565 1481; x_wconf 91' lang='lat' dir='ltr'>est.</span> <span class='ocrx_word' id='word_1_52' title='bbox 597 1411 665 1482; x_wconf 85' lang='lat' dir='ltr'>Sed</span> <span class='ocrx_word' id='word_1_53' title='bbox 687 1421 721 1482; x_wconf 92' lang='lat' dir='ltr'>et</span> <span class='ocrx_word' id='word_1_54' title='bbox 741 1410 872 1503; x_wconf 91' lang='lat' dir='ltr'>aliquid</span> <span class='ocrx_word' id='word_1_55' title='bbox 893 1411 1016 1503; x_wconf 81' lang='lat' dir='ltr'>reliqui</span> <span class='ocrx_word' id='word_1_56' title='bbox 1038 1433 1123 1482; x_wconf 90' lang='lat' dir='ltr'>esse</span> <span class='ocrx_word' id='word_1_57' title='bbox 1148 1434 1214 1483; x_wconf 93' lang='lat' dir='ltr'>non</span> 
     </span>
     <span class='ocr_line' id='line_1_8' title="bbox 129 1532 1214 1624; baseline -0.002 -18"><span class='ocrx_word' id='word_1_58' title='bbox 129 1535 273 1608; x_wconf 88' lang='lat' dir='ltr'>inficior.</span> <span class='ocrx_word' id='word_1_59' title='bbox 307 1533 345 1604; x_wconf 94' lang='lat' dir='ltr'>ld</span> <span class='ocrx_word' id='word_1_60' title='bbox 370 1555 414 1604; x_wconf 89' lang='lat' dir='ltr'>ne</span> <span class='ocrx_word' id='word_1_61' title='bbox 441 1533 513 1624; x_wconf 91' lang='lat' dir='ltr'>pari</span> <span class='ocrx_word' id='word_1_62' title='bbox 537 1532 684 1623; x_wconf 76' lang='lat' dir='ltr'>segnitie</span> <span class='ocrx_word' id='word_1_63' title='bbox 709 1532 883 1604; x_wconf 89' lang='lat' dir='ltr'>dilabatur</span> <span class='ocrx_word' id='word_1_64' title='bbox 908 1533 1072 1605; x_wconf 78' lang='lat' dir='ltr'>celeriter</span> <span class='ocrx_word' id='word_1_65' title='bbox 1096 1555 1214 1607; x_wconf 81' lang='lat' dir='ltr'>oecur-</span> 
     </span>
     <span class='ocr_line' id='line_1_9' title="bbox 129 1654 1212 1749; baseline -0.001 -20"><span class='ocrx_word' id='word_1_66' title='bbox 129 1658 275 1729; x_wconf 90' lang='lat' dir='ltr'>rendum</span> <span class='ocrx_word' id='word_1_67' title='bbox 303 1666 367 1726; x_wconf 92' lang='lat' dir='ltr'>est.</span> <span class='ocrx_word' id='word_1_68' title='bbox 396 1654 558 1747; x_wconf 82' lang='lat' dir='ltr'>Alioquin</span> <span class='ocrx_word' id='word_1_69' title='bbox 584 1655 725 1727; x_wconf 88' lang='lat' dir='ltr'>eveniet</span> <span class='ocrx_word' id='word_1_70' title='bbox 751 1654 864 1739; x_wconf 91' lang='lat' dir='ltr'>nobis,</span> <span class='ocrx_word' id='word_1_71' title='bbox 892 1655 988 1748; x_wconf 93' lang='lat' dir='ltr'>quod</span> <span class='ocrx_word' id='word_1_72' title='bbox 1015 1659 1124 1749; x_wconf 78' lang='lat' dir='ltr'>vulgo</span> <span class='ocrx_word' id='word_1_73' title='bbox 1147 1660 1212 1728; x_wconf 86' lang='lat' dir='ltr'>lere</span> 
     </span>
     <span class='ocr_line' id='line_1_10' title="bbox 129 1777 1211 1874; baseline -0.002 -20"><span class='ocrx_word' id='word_1_74' title='bbox 129 1779 305 1864; x_wconf 77' lang='lat' dir='ltr'>omnihnS,</span> <span class='ocrx_word' id='word_1_75' title='bbox 342 1789 378 1849; x_wconf 91' lang='lat' dir='ltr'>ut</span> <span class='ocrx_word' id='word_1_76' title='bbox 404 1777 673 1849; x_wconf 86' lang='lat' dir='ltr'>adolescentiam</span> <span class='ocrx_word' id='word_1_77' title='bbox 709 1789 963 1874; x_wconf 85' lang='lat' dir='ltr'>respectantes,</span> <span class='ocrx_word' id='word_1_78' title='bbox 992 1790 1029 1852; x_wconf 92' lang='lat' dir='ltr'>et</span> <span class='ocrx_word' id='word_1_79' title='bbox 1063 1781 1211 1852; x_wconf 90' lang='lat' dir='ltr'>inillam</span> 
     </span>
     <span class='ocr_line' id='line_1_11' title="bbox 129 1898 1211 1984; baseline 0.002 -11"><span class='ocrx_word' id='word_1_80' title='bbox 129 1900 237 1973; x_wconf 91' lang='lat' dir='ltr'>oculis</span> <span class='ocrx_word' id='word_1_81' title='bbox 258 1922 299 1972; x_wconf 91' lang='lat' dir='ltr'>ac</span> <span class='ocrx_word' id='word_1_82' title='bbox 320 1909 434 1971; x_wconf 91' lang='lat' dir='ltr'>mente</span> <span class='ocrx_word' id='word_1_83' title='bbox 451 1900 628 1984; x_wconf 90' lang='lat' dir='ltr'>conversi,</span> <span class='ocrx_word' id='word_1_84' title='bbox 657 1898 848 1971; x_wconf 90' lang='lat' dir='ltr'>senectutis</span> <span class='ocrx_word' id='word_1_85' title='bbox 865 1900 899 1970; x_wconf 94' lang='lat' dir='ltr'>in</span> <span class='ocrx_word' id='word_1_86' title='bbox 917 1902 1058 1973; x_wconf 84' lang='lat' dir='ltr'>foveam</span> <span class='ocrx_word' id='word_1_87' title='bbox 1086 1902 1211 1975; x_wconf 90' lang='lat' dir='ltr'>incida·</span> 
     </span>
     <span class='ocr_line' id='line_1_12' title="bbox 130 2021 1212 2116; baseline 0.002 -22"><span class='ocrx_word' id='word_1_88' title='bbox 130 2046 231 2105; x_wconf 91' lang='lat' dir='ltr'>mus;</span> <span class='ocrx_word' id='word_1_89' title='bbox 253 2032 359 2116; x_wconf 89' lang='lat' dir='ltr'>atque</span> <span class='ocrx_word' id='word_1_90' title='bbox 386 2023 432 2095; x_wconf 89' lang='lat' dir='ltr'>ita</span> <span class='ocrx_word' id='word_1_91' title='bbox 457 2023 600 2095; x_wconf 93' lang='lat' dir='ltr'>demum</span> <span class='ocrx_word' id='word_1_92' title='bbox 627 2021 777 2094; x_wconf 86' lang='lat' dir='ltr'>iacentes</span> <span class='ocrx_word' id='word_1_93' title='bbox 804 2021 982 2115; x_wconf 91' lang='lat' dir='ltr'>illusique,</span> <span class='ocrx_word' id='word_1_94' title='bbox 1009 2023 1057 2094; x_wconf 91' lang='lat' dir='ltr'>de</span> <span class='ocrx_word' id='word_1_95' title='bbox 1082 2034 1212 2096; x_wconf 82' lang='lat' dir='ltr'>naturae</span> 
     </span>
     <span class='ocr_line' id='line_1_13' title="bbox 130 2143 1211 2238; baseline 0.005 -25"><span class='ocrx_word' id='word_1_96' title='bbox 130 2144 325 2236; x_wconf 82' lang='lat' dir='ltr'>fragilitate,</span> <span class='ocrx_word' id='word_1_97' title='bbox 347 2145 463 2238; x_wconf 90' lang='lat' dir='ltr'>deque</span> <span class='ocrx_word' id='word_1_98' title='bbox 489 2144 557 2214; x_wconf 88' lang='lat' dir='ltr'>aevi</span> <span class='ocrx_word' id='word_1_99' title='bbox 587 2143 760 2214; x_wconf 80' lang='lat' dir='ltr'>brevitate</span> <span class='ocrx_word' id='word_1_100' title='bbox 785 2143 1027 2229; x_wconf 87' lang='lat' dir='ltr'>lamentemur,</span> <span class='ocrx_word' id='word_1_101' title='bbox 1057 2155 1094 2216; x_wconf 91' lang='lat' dir='ltr'>et</span> <span class='ocrx_word' id='word_1_102' title='bbox 1126 2169 1211 2218; x_wconf 76' lang='lat' dir='ltr'>sere</span> 
     </span>
     <span class='ocr_line' id='line_1_14' title="bbox 130 2266 1211 2360; baseline 0.004 -24"><span class='ocrx_word' id='word_1_103' title='bbox 130 2266 356 2358; x_wconf 70' lang='lat' dir='ltr'>querimonia}</span> <span class='ocrx_word' id='word_1_104' title='bbox 373 2266 651 2360; x_wconf 87' lang='lat' dir='ltr'>Theophrastum</span> <span class='ocrx_word' id='word_1_105' title='bbox 669 2267 885 2360; x_wconf 83' lang='lat' dir='ltr'>proferamus</span> <span class='ocrx_word' id='word_1_106' title='bbox 903 2278 1099 2353; x_wconf 85' lang='lat' dir='ltr'>auctorem,</span> <span class='ocrx_word' id='word_1_107' title='bbox 1121 2270 1211 2340; x_wconf 82' lang='lat' dir='ltr'>Cice</span> 
     </span>
     <span class='ocr_line' id='line_1_15' title="bbox 131 2387 1209 2484; baseline 0.006 -25"><span class='ocrx_word' id='word_1_108' title='bbox 131 2411 215 2460; x_wconf 92' lang='lat' dir='ltr'>rone</span> <span class='ocrx_word' id='word_1_109' title='bbox 228 2412 268 2460; x_wconf 86' lang='lat' dir='ltr'>ao</span> <span class='ocrx_word' id='word_1_110' title='bbox 287 2391 450 2462; x_wconf 89' lang='lat' dir='ltr'>Sallustio</span> <span class='ocrx_word' id='word_1_111' title='bbox 470 2402 505 2461; x_wconf 92' lang='lat' dir='ltr'>et</span> <span class='ocrx_word' id='word_1_112' title='bbox 525 2392 656 2461; x_wconf 89' lang='lat' dir='ltr'>Seneca</span> <span class='ocrx_word' id='word_1_113' title='bbox 677 2387 929 2473; x_wconf 76' lang='lat' dir='ltr'>resistentibus</span> <span class='ocrx_word' id='word_1_114' title='bbox 949 2391 1140 2484; x_wconf 79' lang='lat' dir='ltr'>magnifice</span> <span class='ocrx_word' id='word_1_115' title='bbox 1158 2416 1209 2464; x_wconf 93' lang='lat' dir='ltr'>su-</span> 
     </span>
     <span class='ocr_line' id='line_1_16' title="bbox 130 2512 1208 2611; baseline 0.007 -29"><span class='ocrx_word' id='word_1_116' title='bbox 130 2513 333 2603; x_wconf 90' lang='lat' dir='ltr'>perandum.</span> <span class='ocrx_word' id='word_1_117' title='bbox 356 2513 445 2596; x_wconf 86' lang='lat' dir='ltr'>Quin</span> <span class='ocrx_word' id='word_1_118' title='bbox 462 2512 649 2604; x_wconf 89' lang='lat' dir='ltr'>arripimus</span> <span class='ocrx_word' id='word_1_119' title='bbox 668 2512 733 2583; x_wconf 91' lang='lat' dir='ltr'>hoc</span> <span class='ocrx_word' id='word_1_120' title='bbox 747 2515 1107 2609; x_wconf 85' lang='lat' dir='ltr'>quantulumcumque</span> <span class='ocrx_word' id='word_1_121' title='bbox 1121 2519 1208 2611; x_wconf 92' lang='lat' dir='ltr'>quod</span> 
     </span>
     <span class='ocr_line' id='line_1_17' title="bbox 131 2635 1209 2723; baseline 0.011 -23"><span class='ocrx_word' id='word_1_122' title='bbox 131 2644 253 2715; x_wconf 87' lang='lat' dir='ltr'>restat,</span> <span class='ocrx_word' id='word_1_123' title='bbox 272 2635 378 2723; x_wconf 91' lang='lat' dir='ltr'>inque</span> <span class='ocrx_word' id='word_1_124' title='bbox 396 2655 483 2703; x_wconf 90' lang='lat' dir='ltr'>usus</span> <span class='ocrx_word' id='word_1_125' title='bbox 502 2646 640 2703; x_wconf 90' lang='lat' dir='ltr'>nostros</span> <span class='ocrx_word' id='word_1_126' title='bbox 658 2636 857 2706; x_wconf 79' lang='lat' dir='ltr'>vertimus?</span> <span class='ocrx_word' id='word_1_127' title='bbox 877 2636 923 2706; x_wconf 89' lang='lat' dir='ltr'>ita</span> <span class='ocrx_word' id='word_1_128' title='bbox 946 2645 998 2721; x_wconf 92' lang='lat' dir='ltr'>ut,</span> <span class='ocrx_word' id='word_1_129' title='bbox 1018 2642 1209 2712; x_wconf 89' lang='lat' dir='ltr'>secundum</span> 
     </span>
     <span class='ocr_line' id='line_1_18' title="bbox 129 2755 1210 2849; baseline 0.009 -25"><span class='ocrx_word' id='word_1_130' title='bbox 129 2755 240 2848; x_wconf 91' lang='lat' dir='ltr'>ipsius</span> <span class='ocrx_word' id='word_1_131' title='bbox 261 2756 404 2824; x_wconf 85' lang='lat' dir='ltr'>Senecae</span> <span class='ocrx_word' id='word_1_132' title='bbox 429 2756 751 2849; x_wconf 72' lang='lat' dir='ltr'>sententiamque</span> <span class='ocrx_word' id='word_1_133' title='bbox 778 2758 953 2829; x_wconf 89' lang='lat' dir='ltr'>Ciceronis</span> <span class='ocrx_word' id='word_1_134' title='bbox 981 2774 1065 2833; x_wconf 90' lang='lat' dir='ltr'>ante</span> <span class='ocrx_word' id='word_1_135' title='bbox 1091 2768 1210 2845; x_wconf 89' lang='lat' dir='ltr'>luerat,</span> 
     </span>
     <span class='ocr_line' id='line_1_19' title="bbox 130 2877 1212 2978; baseline 0.008 -30"><span class='ocrx_word' id='word_1_136' title='bbox 130 2877 222 2971; x_wconf 85' lang='lat' dir='ltr'>quod</span> <span class='ocrx_word' id='word_1_137' title='bbox 243 2879 355 2948; x_wconf 88' lang='lat' dir='ltr'>iacere</span> <span class='ocrx_word' id='word_1_138' title='bbox 377 2879 488 2949; x_wconf 90' lang='lat' dir='ltr'>solent</span> <span class='ocrx_word' id='word_1_139' title='bbox 504 2877 563 2971; x_wconf 92' lang='lat' dir='ltr'>qui</span> <span class='ocrx_word' id='word_1_140' title='bbox 583 2878 697 2949; x_wconf 92' lang='lat' dir='ltr'>serius</span> <span class='ocrx_word' id='word_1_141' title='bbox 715 2891 862 2964; x_wconf 84' lang='lat' dir='ltr'>exeunt,</span> <span class='ocrx_word' id='word_1_142' title='bbox 880 2890 915 2952; x_wconf 91' lang='lat' dir='ltr'>et</span> <span class='ocrx_word' id='word_1_143' title='bbox 933 2884 1057 2953; x_wconf 89' lang='lat' dir='ltr'>volunt</span> <span class='ocrx_word' id='word_1_144' title='bbox 1075 2896 1212 2978; x_wconf 88' lang='lat' dir='ltr'>tempus</span> 
     </span>
     <span class='ocr_line' id='line_1_20' title="bbox 128 3001 1213 3100; baseline 0.006 -30"><span class='ocrx_word' id='word_1_145' title='bbox 128 3003 302 3072; x_wconf 89' lang='lat' dir='ltr'>celeritate</span> <span class='ocrx_word' id='word_1_146' title='bbox 329 3022 501 3094; x_wconf 89' lang='lat' dir='ltr'>reparare,</span> <span class='ocrx_word' id='word_1_147' title='bbox 529 3002 641 3071; x_wconf 87' lang='lat' dir='ltr'>calcar</span> <span class='ocrx_word' id='word_1_148' title='bbox 668 3001 859 3085; x_wconf 88' lang='lat' dir='ltr'>addamus,</span> <span class='ocrx_word' id='word_1_149' title='bbox 889 3004 989 3075; x_wconf 88' lang='lat' dir='ltr'>cuius</span> <span class='ocrx_word' id='word_1_150' title='bbox 1015 3026 1082 3100; x_wconf 88' lang='lat' dir='ltr'>ope</span> <span class='ocrx_word' id='word_1_151' title='bbox 1109 3029 1213 3079; x_wconf 89' lang='lat' dir='ltr'>veras</span> 
     </span>
     <span class='ocr_line' id='line_1_21' title="bbox 129 3122 1214 3217; baseline 0.006 -24"><span class='ocrx_word' id='word_1_152' title='bbox 129 3125 309 3217; x_wconf 86' lang='lat' dir='ltr'>opiniones</span> <span class='ocrx_word' id='word_1_153' title='bbox 328 3132 364 3192; x_wconf 91' lang='lat' dir='ltr'>et</span> <span class='ocrx_word' id='word_1_154' title='bbox 384 3125 572 3213; x_wconf 80' lang='lat' dir='ltr'>lugientem</span> <span class='ocrx_word' id='word_1_155' title='bbox 588 3122 757 3195; x_wconf 86' lang='lat' dir='ltr'>hactenus</span> <span class='ocrx_word' id='word_1_156' title='bbox 772 3125 906 3196; x_wconf 88' lang='lat' dir='ltr'>beatam</span> <span class='ocrx_word' id='word_1_157' title='bbox 927 3128 1049 3213; x_wconf 91' lang='lat' dir='ltr'>vitam,</span> <span class='ocrx_word' id='word_1_158' title='bbox 1071 3134 1130 3201; x_wconf 91' lang='lat' dir='ltr'>vel</span> <span class='ocrx_word' id='word_1_159' title='bbox 1149 3131 1214 3202; x_wconf 90' lang='lat' dir='ltr'>sub</span> 
     </span>
     <span class='ocr_line' id='line_1_22' title="bbox 129 3247 1213 3344; baseline 0.012 -31"><span class='ocrx_word' id='word_1_160' title='bbox 129 3248 242 3338; x_wconf 93' lang='lat' dir='ltr'>ipsum</span> <span class='ocrx_word' id='word_1_161' title='bbox 267 3247 332 3315; x_wconf 85' lang='lat' dir='ltr'>viae</span> <span class='ocrx_word' id='word_1_162' title='bbox 364 3247 564 3328; x_wconf 88' lang='lat' dir='ltr'>terminum,</span> <span class='ocrx_word' id='word_1_163' title='bbox 596 3253 883 3341; x_wconf 68' lang='lat' dir='ltr'>consequamur?</span> <span class='ocrx_word' id='word_1_164' title='bbox 908 3252 1093 3344; x_wconf 89' lang='lat' dir='ltr'>Nunquam</span> <span class='ocrx_word' id='word_1_165' title='bbox 1122 3257 1213 3326; x_wconf 91' lang='lat' dir='ltr'>enim</span> 
     </span>
     <span class='ocr_line' id='line_1_23' title="bbox 130 3367 1213 3465; baseline 0.009 -29"><span class='ocrx_word' id='word_1_166' title='bbox 130 3390 208 3438; x_wconf 92' lang='lat' dir='ltr'>sero</span> <span class='ocrx_word' id='word_1_167' title='bbox 230 3367 268 3436; x_wconf 89' lang='lat' dir='ltr'>lit</span> <span class='ocrx_word' id='word_1_168' title='bbox 287 3367 381 3460; x_wconf 93' lang='lat' dir='ltr'>quod</span> <span class='ocrx_word' id='word_1_169' title='bbox 403 3369 599 3438; x_wconf 88' lang='lat' dir='ltr'>salutariter</span> <span class='ocrx_word' id='word_1_170' title='bbox 626 3368 673 3437; x_wconf 87' lang='lat' dir='ltr'>iit.</span> <span class='ocrx_word' id='word_1_171' title='bbox 702 3370 787 3440; x_wconf 90' lang='lat' dir='ltr'>Nam</span> <span class='ocrx_word' id='word_1_172' title='bbox 813 3372 879 3442; x_wconf 91' lang='lat' dir='ltr'>etsi</span> <span class='ocrx_word' id='word_1_173' title='bbox 903 3374 1213 3465; x_wconf 89' lang='lat' dir='ltr'>reprehensionem</span> 
     </span>
     <span class='ocr_line' id='line_1_24' title="bbox 128 3488 1213 3586; baseline 0.009 -28"><span class='ocrx_word' id='word_1_174' title='bbox 128 3488 245 3560; x_wconf 92' lang='lat' dir='ltr'>dilatio</span> <span class='ocrx_word' id='word_1_175' title='bbox 278 3498 465 3571; x_wconf 88' lang='lat' dir='ltr'>mereatur,</span> <span class='ocrx_word' id='word_1_176' title='bbox 498 3489 694 3561; x_wconf 91' lang='lat' dir='ltr'>emendatio</span> <span class='ocrx_word' id='word_1_177' title='bbox 727 3501 840 3561; x_wconf 90' lang='lat' dir='ltr'>tamen</span> <span class='ocrx_word' id='word_1_178' title='bbox 874 3494 975 3564; x_wconf 89' lang='lat' dir='ltr'>laude</span> <span class='ocrx_word' id='word_1_179' title='bbox 1006 3495 1117 3586; x_wconf 83' lang='lat' dir='ltr'>digna</span> <span class='ocrx_word' id='word_1_180' title='bbox 1149 3512 1213 3570; x_wconf 79' lang='lat' dir='ltr'>cst..</span> 
     </span>
     <span class='ocr_line' id='line_1_25' title="bbox 128 3609 1213 3714; baseline 0.011 -33"><span class='ocrx_word' id='word_1_181' title='bbox 128 3611 238 3695; x_wconf 89' lang='lat' dir='ltr'>Certe,</span> <span class='ocrx_word' id='word_1_182' title='bbox 260 3611 353 3704; x_wconf 91' lang='lat' dir='ltr'>quod</span> <span class='ocrx_word' id='word_1_183' title='bbox 373 3609 502 3682; x_wconf 90' lang='lat' dir='ltr'>bonum</span> <span class='ocrx_word' id='word_1_184' title='bbox 517 3622 580 3696; x_wconf 91' lang='lat' dir='ltr'>est,</span> <span class='ocrx_word' id='word_1_185' title='bbox 604 3612 886 3707; x_wconf 89' lang='lat' dir='ltr'>intempestivum</span> <span class='ocrx_word' id='word_1_186' title='bbox 900 3638 1064 3689; x_wconf 90' lang='lat' dir='ltr'>essenon</span> <span class='ocrx_word' id='word_1_187' title='bbox 1083 3633 1213 3714; x_wconf 89' lang='lat' dir='ltr'>polest.</span> 
     </span>
     <span class='ocr_line' id='line_1_26' title="bbox 127 3732 1216 3830; baseline 0.015 -27"><span class='ocrx_word' id='word_1_188' title='bbox 127 3733 289 3825; x_wconf 84' lang='lat' dir='ltr'>Alioquin</span> <span class='ocrx_word' id='word_1_189' title='bbox 310 3732 437 3802; x_wconf 93' lang='lat' dir='ltr'>bonum</span> <span class='ocrx_word' id='word_1_190' title='bbox 461 3733 580 3825; x_wconf 92' lang='lat' dir='ltr'>utique</span> <span class='ocrx_word' id='word_1_191' title='bbox 606 3757 672 3805; x_wconf 93' lang='lat' dir='ltr'>non</span> <span class='ocrx_word' id='word_1_192' title='bbox 701 3748 756 3806; x_wconf 91' lang='lat' dir='ltr'>est</span> <span class='ocrx_word' id='word_1_193' title='bbox 783 3737 810 3805; x_wconf 93' lang='lat' dir='ltr'>si</span> <span class='ocrx_word' id='word_1_194' title='bbox 846 3739 1097 3830; x_wconf 90' lang='lat' dir='ltr'>tempestivum</span> <span class='ocrx_word' id='word_1_195' title='bbox 1134 3768 1216 3818; x_wconf 89' lang='lat' dir='ltr'>esse</span> 
     </span>
     <span class='ocr_line' id='line_1_27' title="bbox 127 3856 1217 3950; baseline 0.013 -25"><span class='ocrx_word' id='word_1_196' title='bbox 127 3856 248 3935; x_wconf 87' lang='lat' dir='ltr'>desiit;</span> <span class='ocrx_word' id='word_1_197' title='bbox 276 3856 414 3947; x_wconf 90' lang='lat' dir='ltr'>qualem</span> <span class='ocrx_word' id='word_1_198' title='bbox 447 3876 527 3924; x_wconf 91' lang='lat' dir='ltr'>esse</span> <span class='ocrx_word' id='word_1_199' title='bbox 560 3856 736 3927; x_wconf 90' lang='lat' dir='ltr'>credimus</span> <span class='ocrx_word' id='word_1_200' title='bbox 763 3859 1000 3950; x_wconf 85' lang='lat' dir='ltr'>poenitentiam</span> <span class='ocrx_word' id='word_1_201' title='bbox 1027 3861 1217 3939; x_wconf 77' lang='lat' dir='ltr'>defuncto·</span> 
     </span>
     <span class='ocr_line' id='line_1_28' title="bbox 128 3977 1217 4060; baseline 0.013 -14"><span class='ocrx_word' id='word_1_202' title='bbox 128 4001 203 4048; x_wconf 93' lang='lat' dir='ltr'>rum</span> <span class='ocrx_word' id='word_1_203' title='bbox 235 3977 279 4048; x_wconf 86' lang='lat' dir='ltr'>ad</span> <span class='ocrx_word' id='word_1_204' title='bbox 306 3978 388 4047; x_wconf 92' lang='lat' dir='ltr'>nihil</span> <span class='ocrx_word' id='word_1_205' title='bbox 418 3977 485 4048; x_wconf 93' lang='lat' dir='ltr'>iam</span> <span class='ocrx_word' id='word_1_206' title='bbox 515 3977 583 4047; x_wconf 92' lang='lat' dir='ltr'>nisi</span> <span class='ocrx_word' id='word_1_207' title='bbox 609 3977 653 4046; x_wconf 90' lang='lat' dir='ltr'>ad</span> <span class='ocrx_word' id='word_1_208' title='bbox 683 3980 832 4050; x_wconf 79' lang='lat' dir='ltr'>miseriae</span> <span class='ocrx_word' id='word_1_209' title='bbox 870 3985 1047 4053; x_wconf 90' lang='lat' dir='ltr'>cumulum</span> <span class='ocrx_word' id='word_1_210' title='bbox 1083 3990 1217 4060; x_wconf 89' lang='lat' dir='ltr'>valitu-</span> 
     </span>
     <span class='ocr_line' id='line_1_29' title="bbox 128 4099 1214 4194; baseline 0.012 -26"><span class='ocrx_word' id='word_1_211' title='bbox 128 4123 220 4182; x_wconf 74' lang='lat' dir='ltr'>ram,</span> <span class='ocrx_word' id='word_1_212' title='bbox 242 4123 321 4171; x_wconf 86' lang='lat' dir='ltr'>oum</span> <span class='ocrx_word' id='word_1_213' title='bbox 343 4110 462 4170; x_wconf 89' lang='lat' dir='ltr'>contra</span> <span class='ocrx_word' id='word_1_214' title='bbox 488 4122 555 4170; x_wconf 94' lang='lat' dir='ltr'>non</span> <span class='ocrx_word' id='word_1_215' title='bbox 582 4099 742 4171; x_wconf 83' lang='lat' dir='ltr'>inefficax</span> <span class='ocrx_word' id='word_1_216' title='bbox 768 4105 969 4194; x_wconf 73' lang='lat' dir='ltr'>poenitentia</span> <span class='ocrx_word' id='word_1_217' title='bbox 997 4128 1129 4180; x_wconf 88' lang='lat' dir='ltr'>senum</span> <span class='ocrx_word' id='word_1_218' title='bbox 1159 4115 1214 4184; x_wconf 94' lang='lat' dir='ltr'>sit.</span> 
     </span>
     <span class='ocr_line' id='line_1_30' title="bbox 127 4222 1213 4321; baseline 0.017 -32"><span class='ocrx_word' id='word_1_219' title='bbox 127 4222 201 4292; x_wconf 91' lang='lat' dir='ltr'>Non</span> <span class='ocrx_word' id='word_1_220' title='bbox 223 4244 388 4293; x_wconf 88' lang='lat' dir='ltr'>veronus</span> <span class='ocrx_word' id='word_1_221' title='bbox 416 4223 558 4314; x_wconf 86' lang='lat' dir='ltr'>pudeat,</span> <span class='ocrx_word' id='word_1_222' title='bbox 581 4222 674 4314; x_wconf 92' lang='lat' dir='ltr'>quod</span> <span class='ocrx_word' id='word_1_223' title='bbox 696 4226 803 4296; x_wconf 92' lang='lat' dir='ltr'>multo</span> <span class='ocrx_word' id='word_1_224' title='bbox 829 4236 908 4296; x_wconf 88' lang='lat' dir='ltr'>ante</span> <span class='ocrx_word' id='word_1_225' title='bbox 929 4228 1047 4299; x_wconf 91' lang='lat' dir='ltr'>decuit</span> <span class='ocrx_word' id='word_1_226' title='bbox 1065 4233 1213 4321; x_wconf 86' lang='lat' dir='ltr'>secisse,</span> 
     </span>
     <span class='ocr_line' id='line_1_31' title="bbox 127 4345 1216 4441; baseline 0.021 -34"><span class='ocrx_word' id='word_1_227' title='bbox 127 4345 183 4409; x_wconf 90' lang='lat' dir='ltr'>vel</span> <span class='ocrx_word' id='word_1_228' title='bbox 203 4368 293 4415; x_wconf 89' lang='lat' dir='ltr'>nunc</span> <span class='ocrx_word' id='word_1_229' title='bbox 312 4345 476 4436; x_wconf 78' lang='lat' dir='ltr'>aggredi:</span> <span class='ocrx_word' id='word_1_230' title='bbox 500 4346 628 4438; x_wconf 86' lang='lat' dir='ltr'>pudeat</span> <span class='ocrx_word' id='word_1_231' title='bbox 645 4347 775 4441; x_wconf 92' lang='lat' dir='ltr'>potius,</span> <span class='ocrx_word' id='word_1_232' title='bbox 794 4371 837 4417; x_wconf 90' lang='lat' dir='ltr'>ne</span> <span class='ocrx_word' id='word_1_233' title='bbox 859 4372 950 4419; x_wconf 83' lang='lat' dir='ltr'>nurm</span> <span class='ocrx_word' id='word_1_234' title='bbox 967 4352 1129 4441; x_wconf 83' lang='lat' dir='ltr'>quidem.</span> <span class='ocrx_word' id='word_1_235' title='bbox 1149 4361 1216 4431; x_wconf 84' lang='lat' dir='ltr'>Va-</span> 
     </span>
     <span class='ocr_line' id='line_1_32' title="bbox 128 4460 1215 4560; baseline 0.022 -32"><span class='ocrx_word' id='word_1_236' title='bbox 128 4460 235 4532; x_wconf 86' lang='lat' dir='ltr'>riantc</span> <span class='ocrx_word' id='word_1_237' title='bbox 256 4466 391 4556; x_wconf 92' lang='lat' dir='ltr'>capillo,</span> <span class='ocrx_word' id='word_1_238' title='bbox 418 4477 517 4560; x_wconf 88' lang='lat' dir='ltr'>turpe</span> <span class='ocrx_word' id='word_1_239' title='bbox 538 4478 593 4539; x_wconf 90' lang='lat' dir='ltr'>cst</span> <span class='ocrx_word' id='word_1_240' title='bbox 616 4470 783 4541; x_wconf 82' lang='lat' dir='ltr'>variantia</span> <span class='ocrx_word' id='word_1_241' title='bbox 805 4493 871 4540; x_wconf 91' lang='lat' dir='ltr'>non</span> <span class='ocrx_word' id='word_1_242' title='bbox 892 4469 1030 4543; x_wconf 77' lang='lat' dir='ltr'>firmare</span> <span class='ocrx_word' id='word_1_243' title='bbox 1050 4483 1215 4554; x_wconf 85' lang='lat' dir='ltr'>consilia.</span> 
     </span>
    </p>
   </div>
   <div class='ocr_carea' id='block_1_3' title="bbox 0 0 1350 5024">
    <p class='ocr_par' dir='ltr' id='par_1_3' title="bbox 0 0 1350 5024">
     <span class='ocr_line' id='line_1_33' title="bbox 0 0 1350 5024; baseline 0 0"><span class='ocrx_word' id='word_1_244' title='bbox 0 0 1350 5024; x_wconf 95' lang='lat' dir='ltr'> </span> 
     </span>
    </p>
   </div>
  </div>
 </body>
</html>
