2692 5024
375 718 468 768 unsa
489 720 862 780 culmus-arnmot
886 727 972 778 run.
1152 716 1212 781 utu

135 860 229 954 quod
252 861 287 931 in
319 883 361 933 ea
388 864 559 937 comoedia
584 865 640 938 cui
665 866 825 952 Curculio
849 891 974 943 nomen
989 882 1058 959 est,
1084 875 1213 967 legisse

133 993 234 1078 potes
251 1012 257 1054 :

294 1169 435 1237 Mulieres
451 1169 525 1236 duas
540 1172 660 1252 peiores
677 1188 743 1238 esso
759 1190 853 1254 quarn
870 1193 972 1241 unam.

137 1352 248 1424 Servo
268 1363 384 1425 autem
403 1354 489 1427 illud
507 1355 667 1429 eiusdem
686 1366 799 1454 poetae
818 1359 854 1429 in
875 1359 1063 1455 Epidicho:

338 1539 434 1604 Nimis
449 1541 554 1606 doctus
570 1542 619 1606 illo
635 1545 673 1608 ad
687 1546 945 1611 malefaciendum.

134 1718 207 1788 Hoc
226 1738 274 1788 ex
294 1738 351 1787 me
371 1717 511 1789 addito:
531 1720 634 1791 nimis
657 1730 695 1792 tu
713 1722 822 1793 facilis
843 1722 889 1794 ad
907 1723 1136 1810 credendum,
1158 1726 1210 1797 ni-

135 1838 201 1911 mis
218 1861 351 1935 pronus
368 1839 413 1913 ad
428 1840 704 1935 obsequendum.
721 1845 812 1930 lime,
832 1846 949 1930 amice,
965 1845 995 1918 si
1012 1848 1100 1918 falsa
1117 1857 1207 1934 sunt

135 1961 265 2035 dictum
298 1987 414 2037 meum
444 1985 575 2057 argue:
610 1965 664 2037 sin
693 1987 794 2050 vera,
825 1987 941 2039 mores
963 1976 1041 2039 tuos
1061 1967 1206 2060 corrige.

135 2086 229 2157 Vale.

536 2466 712 2533 urlsloll
731 2467 800 2543 xlx.

360 2662 552 2714 rnrucrscus
572 2664 741 2717 ruralem
762 2664 804 2715 ln
825 2663 975 2718 rouoruu.

422 2841 500 2897 Idem
513 2842 587 2915 quod
600 2843 629 2899 in
642 2844 758 2917 epistola
770 2844 914 2917 superiori.

230 3060 330 3146 Quod
348 3058 521 3133 obiectum
541 3061 587 3133 ab
606 3063 716 3134 amico
738 3063 867 3135 crimen
887 3084 957 3134 non
976 3082 1094 3155 negas,
1117 3062 1202 3134 facis

132 3186 292 3278 ingenue.
312 3185 475 3278 Magnam
495 3184 747 3257 emendationis
769 3184 852 3255 vitae
869 3204 967 3277 spem
986 3186 1128 3277 praefert
1147 3204 1203 3256 er-

129 3310 217 3408 roris
232 3308 363 3405 proprii
375 3307 575 3380 verecunda
590 3307 772 3380 consessio.
786 3304 887 3390 Quod
903 3315 1019 3378 autem
1035 3305 1081 3379 de
1097 3328 1202 3380 servo

130 3439 189 3504 tuo
206 3442 311 3516 taces,
341 3442 440 3503 caute
469 3430 631 3526 quidem3
661 3431 790 3525 quippe
813 3451 917 3523 quem
943 3451 1109 3503 accusare
1132 3452 1202 3503 non

127 3566 237 3650 potes.
271 3554 318 3625 At
344 3556 438 3649 quod
467 3556 690 3628 mulierculas
711 3563 789 3626 tuas
809 3574 974 3638 excusae,
996 3552 1210 3626 urbanitatis.

128 3680 256 3775 ineptae
276 3684 335 3753 vel
353 3682 436 3753 mci
457 3681 574 3754 iudicii
591 3679 750 3753 dixerim.
770 3680 821 3752 Tu
841 3678 973 3752 videris
993 3676 1078 3771 quid
1096 3675 1141 3747 de
1160 3675 1202 3746 il-

128 3805 171 3875 lis
191 3804 410 3877 sentiendum
436 3815 552 3898 putes,
575 3825 724 3898 quarum
748 3804 892 3875 alteram
916 3800 1095 3895 optimam,
1117 3800 1201 3871 alte-

128 3949 202 3999 rum
228 3928 441 4001 tolerabilem
467 3928 565 4002 dicis.
592 3928 668 4021 Ego
700 3927 785 4000 illud
816 3924 926 3998 Plauti
958 3925 993 3995 in
1023 3921 1201 3995 Aulularia

128 4071 214 4124 vero
233 4051 460 4145 propinquius
480 4073 581 4122 reor:

207 4236 361 4316 Optimam
376 4233 535 4300 foeminam
551 4235 663 4298 nullam
679 4250 759 4312 esse,
776 4233 832 4299 alia
847 4231 917 4296 licet
933 4231 988 4297 alia
1004 4231 1090 4314 peior
1107 4230 1154 4297 sit.

125 4419 220 4494 Vale.

562 4546 770 4591 *1009—
