2692 5024
183 645 241 705 :388
524 654 565 702 os
583 655 683 702 nauus
705 653 926 702 sunrurrnruus

183 802 321 894 dirigui.
342 801 474 872 Deinde
495 801 554 872 ubi
576 801 725 895 primurn
752 822 877 894 sparsa
903 801 1047 872 rationis
1075 822 1177 873 arma
1203 809 1277 876 ool-

182 926 303 1017 ligere,
329 936 366 995 et
398 935 608 1018 prostratum
643 947 684 995 ac
716 925 885 996 iacentem
918 923 1078 995 animum
1114 928 1271 998 attollere

184 1069 287 1140 posse
306 1046 409 1139 coepi,
436 1048 567 1118 litteras
594 1045 820 1117 intelicissimi
846 1047 1010 1129 rumoris,
1039 1070 1150 1142 quem
1173 1048 1273 1143 prins

181 1171 227 1241 ab
246 1169 392 1262 egregio
407 1169 489 1241 -viro
509 1167 685 1261 Paganino
712 1168 978 1252 Mediolanensi,
1004 1170 1068 1262 qui
1095 1171 1190 1242 banc
1214 1195 1274 1242 ur-

183 1293 263 1364 bem
285 1293 386 1384 regit,
409 1290 565 1362 dolenter
586 1302 748 1361 narrante
770 1300 918 1363 moestus
938 1289 1140 1375 audieram,
1162 1313 1274 1386 popo·

183 1416 246 1499 sei,
269 1426 305 1485 et
324 1423 486 1485 ostensas
508 1435 576 1483 non
600 1412 674 1482 sine
701 1411 852 1482 lacrimis
877 1411 955 1502 legi.
973 1412 1180 1489 ¹Enimvero
1207 1413 1272 1484 illic

182 1534 392 1625 ambagibus
413 1536 578 1626 perplexa
599 1533 714 1604 omnia
734 1544 770 1603 et
790 1534 873 1604 nihil
893 1533 1033 1626 penitus
1059 1547 1201 1607 certum
1226 1539 1271 1607 le·

182 1655 341 1748 gebatur.
365 1651 419 1721 Ab
443 1651 645 1722 Urbeveteri
671 1654 764 1723 lama
790 1664 1008 1737 surrexerat;
1027 1676 1116 1725 mox
1138 1659 1268 1748 perlata

182 1775 405 1858 Florentiam,
432 1784 469 1844 et
501 1794 563 1867 per
587 1773 819 1865 quorumdam
854 1773 1101 1866 religiosorum
1138 1777 1268 1849 litteras

181 1896 402 1992 Apenninum
421 1907 656 1985 transgressa,
680 1895 869 1967 Bononiam
891 1894 1018 1990 primu,
1038 1894 1190 1971 indeed
1211 1921 1268 1971 nos

183 2041 277 2114 saepe
301 2018 352 2112 (ut
372 2015 421 2111 lit]
445 2014 634 2088 cresoendo
655 2038 696 2086 ac
721 2014 890 2087 variando
915 2029 1141 2109 pervenerat.
1171 2022 1211 2092 ln
1235 2045 1268 2094 re

183 2143 286 2230 igitur
316 2139 434 2224 dubia,
470 2139 551 2231 quia
576 2147 700 2209 natura
725 2137 791 2208 hoc
816 2138 935 2221 babet,
964 2147 1002 2209 ut
1035 2140 1157 2213 audita
1194 2164 1268 2239 quae

181 2261 365 2355 displicent
384 2262 448 2333 vix
469 2262 549 2332 totis
572 2259 773 2353 praecordiis
791 2244 1033 2345 admittantur,
1055 2266 1167 2335 malui
1186 2267 1265 2337 mibi

186 2386 321 2455 interim
344 2384 495 2454 feliciora
515 2383 728 2477 promittere.
751 2384 806 2453 Sic
831 2404 926 2474 aegra
952 2406 1050 2455 mens
1077 2384 1126 2456 ad
1152 2389 1269 2460 melio

186 2509 232 2577 ris
260 2507 333 2598 spei
361 2505 580 2575 dulcedinem
608 2505 825 2587 recurrebat.
850 2528 891 2576 ea
918 2517 1032 2576 lamen
1058 2509 1217 2582 evanida
1239 2523 1269 2581 et

184 2629 279 2696 velut
308 2624 514 2693 somniantis
548 2624 666 2694 miseri
699 2625 845 2716 fugitiva
877 2628 1019 2698 felicitas
1054 2642 1145 2701 erat.
1182 2631 1269 2717 Quid

183 2747 314 2818 multa?
335 2745 504 2828 Quamvis
526 2746 669 2816 assidue
692 2758 906 2841 superventu
930 2772 1102 2821 novorum
1131 2757 1270 2825 nuntio

184 2892 259 2940 rum
295 2891 376 2962 spes
404 2869 459 2938 illa
492 2869 726 2952 decresceret3
762 2870 845 2939 nihil
880 2881 994 2943 tamen
1029 2873 1130 2964 prius
1171 2880 1269 2968 plane

182 3005 397 3086 compertum
421 2992 522 3075 scivi,
545 3013 648 3083 quam
671 2992 716 3063 ad
738 3014 792 3061 me
811 2993 961 3063 Socratis
980 2994 1089 3063 nostri
1111 2996 1271 3070 lacrima·

183 3115 270 3185 biles
296 3115 420 3184 litterae
445 3115 678 3205 pervenirent.
712 3116 762 3185 lta
791 3114 943 3207 (mirum)
976 3114 1147 3187 tiberinae
1178 3142 1271 3192 aeru-

182 3257 283 3304 mnas
304 3257 350 3304 ex
372 3237 439 3305 alio
458 3235 542 3306 orbe
563 3234 646 3304 mihi
668 3235 857 3307 Rhodanus
879 3236 1059 3307 nuntiavit.
1089 3240 1163 3310 lllae
1185 3264 1270 3313 veru

182 3356 265 3425 mibi
287 3356 410 3426 litterae
431 3357 588 3448 ancipitis
611 3359 683 3449 spei
706 3358 877 3449 retugium
900 3359 1172 3449 praeluserunt;
1201 3387 1270 3457 quo

182 3479 340 3550 ellectum
361 3491 416 3549 est
437 3490 475 3549 ut
499 3479 535 3550 id
552 3481 726 3550 modicum
748 3482 957 3565 intellectus,
988 3482 1080 3550 unde
1107 3506 1270 3557 nonnun-

181 3625 284 3695 quam
307 3601 411 3671 animi
434 3601 601 3672 medelam
625 3602 707 3671 mibi
728 3613 833 3694 atque
857 3602 934 3673 aliis
958 3603 1073 3686 elicui,
1102 3604 1211 3678 flotus
1236 3623 1271 3680 et

181 3732 368 3813 questuum
403 3722 539 3815 pondus
573 3722 793 3816 opprimeret.
821 3723 895 3794 Non
920 3725 1011 3795 cessi
1039 3736 1171 3812 tamen,
1207 3753 1271 3802 nec

181 3845 327 3915 cessavi.
361 3844 529 3927 Quotiens
561 3864 750 3935 assurgere
789 3846 904 3930 nisus,
940 3845 1095 3919 seribere
1136 3852 1270 3944 aliquid

181 3967 294 4036 volui!
316 3966 484 4050 Quotiens
502 3965 634 4035 libellos
653 3967 783 4047 evolvi,
804 3965 997 4058 rubiginem
1016 3968 1150 4060 ingenii
1174 3974 1272 4048 tabe-

182 4087 310 4156 scentis
332 4085 495 4167 abstersi,
519 4088 608 4156 etin
636 4086 775 4158 intimas
802 4088 980 4158 memoriae
1005 4111 1096 4162 mere
1122 4097 1271 4170 cellulas

181 4218 330 4276 moestus
357 4218 529 4278 scrutator
549 4207 685 4278 introii!
709 4209 865 4302 Denique
892 4210 1007 4279 omnia
1034 4212 1122 4283 feei:
1153 4217 1273 4290 incas·

184 4346 261 4393 sum
279 4338 393 4397 tamen
414 4338 586 4399 venerunt
600 4330 644 4401 ad
662 4353 786 4402 manus
804 4352 901 4402 meas
915 4331 1072 4424 epistolae
1088 4340 1273 4426 quaedam,

181 4464 283 4531 quaS,
320 4447 481 4518 visitante
514 4473 577 4520 nos
613 4454 741 4544 saepius
776 4456 924 4536 lortuna,
960 4476 1021 4545 per
1054 4455 1120 4527 bos
1157 4485 1276 4538 annos
