2692 5024
391 661 484 708 nrnnn
506 658 711 708 ocrnvus-
725 659 879 707 nnrsrona
901 660 953 707 vn.
1153 646 1211 706 llll

132 801 203 871 nini
229 802 393 874 verticem
429 805 462 872 in
494 823 610 873 saevas
644 805 815 872 latronum
849 823 973 872 manus
1006 802 1210 872 inciderunt.

133 923 194 993 llei
215 923 323 993 mibi!
347 924 439 1008 Quid
460 925 541 994 mali
561 929 643 994 est‘?
662 924 888 1016 Prosequitur
909 924 966 993 ille
986 924 1210 1015 singultiens:

131 1045 366 1126 Mainardum‚
402 1047 461 1138 qui
491 1067 576 1116 casu
601 1045 752 1138 quodam
777 1045 822 1113 nil
849 1047 916 1115 tale
942 1056 1101 1116 metuens
1128 1047 1212 1119 sub

132 1166 279 1252 stiterat,
303 1168 337 1237 in
358 1167 503 1240 insidias
526 1170 661 1260 lapsum
682 1179 718 1237 et
738 1178 879 1261 repente
898 1188 1139 1259 compressum
1160 1169 1212 1238 in-

132 1298 185 1357 ter
216 1287 417 1359 carnificum
449 1289 584 1379 gladios
616 1289 865 1383 procubuisse3
900 1292 1030 1361 Lucam
1059 1294 1211 1363 clamore

130 1421 339 1502 permotum,
362 1411 485 1482 adacto
503 1411 696 1482 calcaribus
713 1434 818 1504 equo,
837 1413 1024 1485 advolasse
1050 1413 1208 1497 viriliter,

131 1534 314 1624 solumque
333 1534 423 1602 inter
443 1533 562 1604 decem
584 1543 644 1603 aut
663 1533 813 1627 amplius
835 1533 979 1606 sicarios
997 1536 1116 1606 stricto
1133 1558 1211 1608 mu-

130 1675 235 1725 crone
259 1654 485 1738 constitisse,
500 1653 687 1745 multisque
713 1655 917 1725 vulneribus
937 1656 1029 1727 datis
1053 1667 1089 1727 et
1113 1679 1212 1727 acce-

128 1773 210 1868 ptis,
237 1775 299 1845 vix
327 1776 467 1847 landem
492 1775 615 1846 vivum
641 1775 820 1860 evasisse3
847 1778 1046 1868 praedones‚
1074 1779 1210 1849 sublata

129 1896 234 1968 occisi
251 1898 383 1990 praeda,
403 1899 508 1992 impio
525 1920 651 1990 gressu
669 1899 812 1984 abiisse,
835 1900 883 1970 ita
904 1910 1019 1970 lamen
1037 1912 1075 1971 ut
1091 1900 1209 1973 labore

130 2018 232 2090 simul
249 2029 285 2090 et
301 2019 512 2092 conscientia
529 2020 671 2104 defessi,
694 2022 793 2092 facile
812 2022 887 2113 capi
909 2022 1093 2114 potuerint,
1115 2024 1210 2094 exci-

130 2142 210 2212 tatis
231 2143 431 2233 agrestibus
451 2143 497 2214 ad
523 2145 721 2228 tumultum,
744 2143 810 2212 nisi
832 2142 973 2235 quidam
994 2146 1082 2215 salso
1102 2155 1138 2215 et
1157 2145 1210 2214 in-

129 2263 235 2355 digno
260 2264 446 2336 nobilitatis
471 2265 610 2336 nomine
636 2264 793 2356 superbi,
820 2287 909 2357 quos
935 2265 1114 2337 nominare
1138 2286 1208 2336 non

130 2398 185 2458 est
198 2408 353 2469 necesse,
369 2395 592 2458 accurrentes
605 2407 625 2455 a
639 2384 827 2469 montibus
846 2396 882 2456 et
900 2386 1140 2457 cohibuissent
1156 2388 1209 2458 iu-

130 2518 223 2580 stum
248 2509 414 2604 impeturn
441 2508 715 2600 insequentium,
741 2520 777 2579 et
800 2520 979 2580 cruentam
1003 2510 1206 2604 praedonum

129 2643 303 2703 catervam
338 2630 405 2702 sub
441 2630 616 2703 moenibus
652 2631 896 2723 excepissent3
930 2632 1060 2703 Lucam
1093 2632 1209 2703 adbuc

129 2752 280 2845 gladium
303 2754 337 2823 in
362 2752 524 2823 manibus
551 2752 736 2825 habentem
764 2756 884 2847 procul
910 2753 990 2825 inde
1015 2755 1130 2824 visum
1157 2755 1209 2827 in-

130 2885 181 2944 ter
201 2895 306 2964 rupes
323 2895 364 2943 ac
381 2895 522 2944 nemora
536 2898 544 2955 ;
562 2876 609 2943 nil
626 2875 670 2945 de
686 2896 729 2945 eo
746 2874 911 2968 deinceps
928 2874 1021 2945 aliud
1038 2875 1206 2946 auditum.

129 2998 286 3079 Osrater,
301 2994 387 3088 quid
400 2994 483 3064 mibi
498 2997 696 3066 tuncanimi
710 2994 820 3065 luisse
837 2995 1015 3066 arbitraris
1028 3000 1045 3064 ἲ)
1062 2997 1207 3068 Duobus

129 3141 199 3191 una
219 3117 403 3189 mortiteris
423 3116 549 3189 ictibus
569 3118 604 3188 in
625 3117 730 3188 corde
750 3115 958 3207 transfigam
979 3118 1059 3187 binc
1077 3117 1209 3189 seilicet

128 3241 314 3336 desperato
332 3253 368 3310 et
388 3240 616 3330 irrefragabili
632 3241 766 3325 dolore,
788 3241 869 3312 inde
895 3239 1027 3312 solicito
1051 3240 1209 3335 ancipiti-

128 3385 197 3456 que
224 3374 328 3433 metu.
354 3361 500 3433 Avertat
525 3364 618 3432 Deus
644 3383 746 3432 omen
773 3363 922 3433 malum!
951 3363 1208 3455 quodammodo

128 3485 358 3578 aequanimius
372 3483 587 3554 audivissem
602 3484 724 3555 ambos
738 3486 920 3556 extinctos.
936 3484 1069 3555 Scirem
1082 3507 1210 3577 nempe

128 3607 212 3699 quid
237 3629 394 3698 agerem,
421 3606 618 3676 clauderem
645 3609 753 3689 toreS,
780 3610 1016 3677 consolatores
1041 3607 1209 3677 exclude-

129 3750 218 3814 rem,
247 3733 342 3801 solus
367 3748 501 3810 essem,
528 3735 565 3795 et
588 3726 699 3797 dolori
724 3749 802 3798 meo
828 3738 920 3798 totus
948 3724 1206 3809 incumberem;

129 3851 175 3921 ita
195 3852 253 3921 vel
272 3869 503 3920 exonerarem
525 3867 673 3918 moerore
693 3846 860 3931 animum,
882 3850 940 3919 vel
960 3847 1205 3941 opprimerem,

129 3973 185 4041 vel
206 3972 349 4042 lenirem
370 3971 454 4040 tletn
475 3966 701 4050 desiderium,
722 3969 781 4037 vel
800 3967 993 4061 implerem,
1015 3978 1052 4039 et
1076 3967 1206 4039 amicos

128 4091 226 4162 duris
245 4094 449 4164 vulneribus
472 4091 605 4162 ablatos
623 4088 833 4161 lacrimando
850 4111 1092 4182 conquererer.
1110 4089 1208 4160 Nunc

128 4235 215 4284 vero
240 4236 309 4285 non
331 4237 412 4298 una,
432 4215 495 4286 sed
521 4213 631 4285 tribus
655 4211 756 4283 simul
783 4213 959 4284 acerrimis
983 4211 1206 4307 passionibus

129 4335 366 4406 indesinenter
390 4338 534 4417 allicior;
561 4336 694 4418 dolore,
717 4342 828 4417 metu,
856 4356 926 4426 spe.
954 4336 1000 4403 Et
1024 4333 1207 4405 miserabi-

129 4459 197 4529 lem
220 4458 254 4527 in
274 4457 417 4528 modurn
438 4458 685 4531 fluctuantibus
706 4465 810 4550 atque
831 4457 921 4527 inter
942 4478 1022 4529 sese
1046 4457 1207 4529 certanti-

254 4591 270 4628 ι.
1016 4571 1053 4628 '29
