2692 5024
129 616 190 679 350
467 626 511 675 nn
531 624 634 677 maus
653 624 875 675 ruummuus

129 780 204 843 tum
236 770 417 843 cumulare
441 768 586 862 dignata
610 776 681 849 est,
704 766 959 863 aliquantulum
983 766 1033 843 ad
1055 776 1093 843 tc
1116 770 1218 853 misi3

83 973 90 985 ,
127 892 224 989 quod
242 860 600 989 quantulumcumque
631 902 704 976 est,
732 888 828 965 barad
855 887 997 977 dubito,
1029 891 1219 987 dignanter

128 1016 294 1112 accipiam
308 1024 346 1089 et
360 1015 397 1087 in
411 1014 542 1107 exigua
554 1034 602 1099 re,
616 1034 728 1109 parvo
744 1012 840 1087 volut
856 1012 894 1085 in
910 1014 1067 1109 somnio,
1080 1016 1219 1111 munni-

128 1140 225 1215 cieus
244 1160 410 1232 maguum
434 1137 602 1211 mittentis
625 1135 804 1223 allectum,
830 1137 1036 1213 munusculi
1063 1140 1221 1235 parvita-

129 1275 200 1337 tem
231 1261 337 1335 animi
372 1263 550 1334 voluntate
581 1258 760 1356 pensabis.
793 1258 871 1331 Non
905 1258 1002 1355 quod
1040 1282 1112 1357 ego
1154 1263 1220 1337 sim

128 1386 283 1471 nescius,
305 1383 478 1478 quosdam
494 1386 616 1468 fortes,
630 1382 803 1475 quosdam
814 1381 939 1456 doctos
956 1405 999 1457 ac
1019 1386 1221 1461 simillimos

130 1510 180 1583 tui
200 1509 311 1592 viros,
329 1513 366 1578 et
381 1515 549 1599 utrosque
567 1504 821 1599 magnanimos,
841 1507 975 1579 trustra
991 1506 1076 1579 olim
1093 1530 1221 1581 mune-

129 1632 228 1704 ribus
246 1630 357 1702 luisse
377 1636 550 1711 tentatos;
571 1627 755 1722 inquibus
775 1636 856 1702 ante
875 1628 963 1702 alios
985 1641 1043 1704 est
1066 1630 1218 1707 Fabricii

128 1756 262 1827 clarum
283 1774 421 1837 nomen,
442 1760 479 1824 et
498 1749 605 1837 Curii,
627 1752 860 1824 Romanorum
880 1751 1034 1826 ducum:
1062 1776 1217 1849 quorum

128 1877 217 1949 alter
227 1874 352 1973 Pyrrhi
364 1874 468 1969 regis,
482 1876 708 1947 alteraurum
719 1872 975 1968 contempsisse
985 1876 1218 1951 Samniticum

128 1997 300 2071 laudatur.
320 1997 456 2071 Clarius
487 2008 634 2090 uterque
664 2004 901 2091 contemptus,
928 1996 994 2071 sed
1011 1996 1216 2073 nobilitatus

129 2121 217 2191 alter
243 2120 348 2193 eliam
380 2117 536 2193 claritate
567 2117 748 2213 responsi;
773 2117 938 2211 quamvis
956 2117 1053 2191 enim
1081 2120 1217 2195 schola·

130 2240 207 2315 stici
222 2241 362 2337 quidam
382 2263 477 2314 moro
494 2264 559 2314 suo
575 2240 787 2315 confundant
806 2240 982 2327 historias,
1001 2264 1215 2339 responsum

131 2374 249 2437 tamen
275 2364 357 2437 illud
377 2363 491 2436 nobile
511 2375 546 2436 et
569 2366 755 2448 famosum,
776 2362 943 2435 Romanos
963 2367 1050 2437 nolle
1076 2388 1214 2449 aaroni,

129 2486 185 2559 scd
203 2512 323 2558 aarum
341 2488 533 2559 tabentibus
551 2488 731 2581 imperare,
755 2507 825 2559 non
843 2484 1003 2571 Fabricii,
1027 2497 1068 2560 ut
1085 2491 1214 2583 vulgus

131 2618 241 2703 putat,
263 2609 308 2682 ad
329 2631 469 2701 regem,
496 2608 561 2681 sed
586 2608 680 2680 Curii
708 2609 827 2682 estad
848 2609 1041 2683 Samnitum
1064 2614 1212 2707 legatos.

130 2733 344 2804 Xenocrates
368 2733 501 2825 legatos
517 2730 708 2804 Alexandri
729 2731 926 2806 Macedonis
943 2754 1023 2805 cum
1040 2735 1214 2832 quinqua-

130 2855 226 2949 ginta
246 2856 383 2927 talentis
406 2854 451 2928 ad
472 2877 553 2927 eum
576 2856 622 2927 ab
647 2856 722 2950 ipso
752 2878 837 2948 rege
858 2856 1103 2945 transmissos,
1126 2862 1213 2933 invi-

132 2989 222 3052 tatos
247 2978 292 3051 ad
312 2999 446 3053 coeuam
473 2977 508 3049 in
535 2978 651 3049 villam
678 2976 889 3064 Academiae,
920 2999 961 3049 ac
986 2979 1156 3053 mediocri
1180 2993 1214 3055 et

130 3100 270 3172 minime
290 3109 455 3196 apparato
474 3099 551 3172 cibo
571 3099 807 3193 philosophice
840 3099 976 3171 habitos
1006 3122 1087 3172 cum
1112 3103 1213 3177 dimi-

130 3223 253 3306 sisset,
270 3222 438 3315 postridie
457 3243 621 3295 reversos
647 3231 918 3316 quaerentesque
949 3221 1005 3294 cui
1035 3225 1211 3297 numerari

128 3345 307 3439 pecuniam
329 3345 423 3437 rogis
444 3347 561 3431 vellet,
582 3343 633 3417 sic
650 3344 840 3440 increpuit:
863 3342 972 3433 Quid?
989 3367 1061 3430 vos,
1085 3346 1209 3441 iuquit,

129 3471 280 3541 besterna
301 3492 394 3540 coeaa
421 3492 489 3539 non
519 3470 743 3553 intelteaeistis,
762 3491 813 3539 me
828 3470 975 3563 pecunia
1000 3492 1068 3539 noa
1098 3470 1213 3560 caere?

129 3593 206 3679 Quo
227 3614 396 3688 responso
414 3615 495 3665 cum
516 3603 662 3665 moestos
682 3595 791 3665 iactos
815 3600 987 3678 cerneret,
1012 3615 1057 3665 ne
1082 3616 1212 3667 munus

129 3736 170 3786 ac
194 3714 400 3807 legationem
426 3714 556 3807 regiam
584 3714 763 3808 sprevisse
787 3712 981 3799 diceretur,
1009 3715 1054 3788 de
1084 3739 1213 3811 magna

128 3838 275 3931 pecunia
298 3838 465 3930 exiguam
498 3836 701 3931 particulam
715 3836 872 3933 accepit,
897 3837 1069 3931 reliquum
1090 3841 1213 3914 referri

130 3960 232 4033 iussit
255 3960 301 4032 ad
320 3982 450 4053 regem.
472 3960 595 4032 Fertur
628 3981 713 4052 erga
744 3960 907 4033 eumdem
938 3981 1057 4051 regem
1077 3971 1114 4033 et
1132 3960 1214 4035 Dio

129 4082 230 4174 genis
247 4083 364 4178 Cynici
383 4091 617 4178 contemptus,
637 4082 801 4176 adquam
823 4081 977 4155 versatili
999 4082 1093 4156 dolio
1113 4084 1213 4158 babi-

129 4214 257 4278 tantem
289 4229 368 4277 cum
401 4204 601 4279 Alexander
631 4204 771 4279 videndi
804 4203 952 4301 cupidus
979 4207 1151 4297 venisset,
1177 4220 1214 4285 et

130 4327 274 4400 miratus
307 4329 480 4401 hominem
510 4328 712 4422 quaesisset,
745 4350 791 4401 an
827 4326 949 4401 donari
978 4328 1046 4403 sibi
1076 4353 1099 4403 a
1129 4355 1213 4427 rege

130 4446 260 4539 aliquid
280 4452 405 4523 vellet:
430 4448 570 4537 Cetera,
593 4451 715 4545 inquit,
737 4454 846 4523 clius:
867 4474 957 4523 nanc
981 4464 1019 4523 at
1042 4477 1065 4525 a
1089 4458 1158 4527 sote
1182 4468 1213 4527 to
