2692 5024
229 630 268 695 ot
562 638 605 691 nn
625 637 727 689 ussus
747 637 968 691 summumne

227 792 325 867 lestis
343 788 531 875 ndseribnt,
551 797 675 869 nerent
693 787 926 873 insolentiam,
945 797 982 861 et
998 808 1079 861 enm
1103 790 1213 863 multo
1235 790 1300 863 hu·

227 912 370 987 militnte
383 914 520 985 fruetur
534 908 738 983 muneribus
756 908 830 996 Dei,
850 918 888 983 et
905 930 1010 983 suum
1028 907 1153 1005 npihm
1167 933 1299 985 morem

227 1037 370 1131 linqunt.
386 1036 458 1109 Nos
474 1044 601 1120 nutem,
618 1032 746 1128 quibus
762 1053 833 1105 non
850 1042 919 1105 tom
931 1054 1059 1125 mogun
1071 1033 1299 1127 00th

229 1180 314 1255 apes
325 1158 452 1233 imitari
464 1179 535 1231 non
545 1156 685 1252 pudent
698 1156 771 1233 111ae
781 1152 937 1250 quidem,
952 1165 991 1229 nt
999 1153 1168 1249 Virgilius
1184 1166 1302 1231 noster

229 1281 291 1367 ait,
330 1334 333 1338 -

388 1392 574 1459 venture...
589 1390 708 1473 hyemis
723 1406 892 1469 memores,
908 1396 1011 1457 estete
1025 1390 1162 1457 laborem
1181 1446 1184 1453 .

388 1491 617 1573 Experiamur„
628 1489 700 1555 etin
717 1489 856 1555 medinm
870 1489 999 1571 quesite
1014 1496 1176 1573 reponunt

230 1686 463 1782 Experiamur
480 1695 517 1758 et
531 1705 596 1758 nos
615 1684 701 1758 dum
717 1694 855 1780 tempus
872 1694 941 1771 est,
961 1685 1047 1758 dum
1065 1686 1180 1757 terret
1202 1694 1301 1779 mter,

230 1821 267 1883 et
283 1811 381 1903 viget
394 1807 583 1903 ingenium.
602 1808 679 1881 Non
691 1816 919 1903 expectemus
934 1806 1046 1881 donee
1067 1806 1181 1899 rugus
1203 1829 1304 1883 sene·

231 1933 335 2009 otntis
353 1930 507 2027 obrepet,
529 1942 566 2005 et
584 1930 722 2004 estve
744 1930 891 2004 eloritnti
914 1928 1034 2004 nubilo
1055 1928 1205 2005 libsrm
1227 1952 1304 2005 sue-

232 2058 367 2131 oednnt.
386 2058 439 2129 Ile
456 2055 581 2150 opibus
600 2054 695 2151 npnd
709 2053 870 2129 eumdem
886 2064 1023 2148 poetnm
1035 2051 1200 2147 legimns,
1211 2052 1303 2151 qnod

231 2202 292 2253 ens

627 2298 731 2359 estete
745 2308 841 2369 noue,
857 2306 912 2373 per
929 2292 1024 2354 tiores
1039 2304 1113 2353 rure

392 2392 521 2457 Exercet
537 2391 595 2455 sub
611 2392 675 2455 sole
690 2391 784 2454 labor.

233 2580 279 2651 Et
297 2580 421 2653 iterum
442 2579 509 2653 olio
528 2582 615 2665 loeo,
635 2578 730 2674 quod
749 2578 831 2687 illae'

765 2746 921 2830 inpretis,
939 2754 1041 2813 estete
1057 2764 1177 2825 serene,

391 2842 534 2909 Floribus
545 2844 680 2909 insidunt
696 2846 806 2925 variis,
822 2853 853 2911 et
867 2846 990 2912 condida
1005 2847 1124 2911 circum

393 2940 467 3008 lilia
483 2942 669 3009 tunduntur:
686 2944 791 3026 strepit
807 2944 907 3009 omnis
922 2958 1085 3009 murmure
1100 2960 1235 3027 campus.

234 3118 270 3189 Si
290 3120 452 3193 volumus
472 3120 589 3214 iteqne
605 3118 787 3193 eonsilium
805 3120 851 3194 nd
870 3120 1052 3193 utilitatem
1075 3131 1231 3197 nostram
1256 3124 1304 3197 ln-

235 3241 302 3312 tius
323 3242 526 3329 extendere,
548 3263 780 3337 quaeoumque
795 3244 840 3316 de
859 3242 982 3338 opibus
1002 3244 1130 3339 scripte
1147 3259 1242 3334 eunt,
1261 3248 1304 3321 nd

235 3359 396 3434 humnnae
415 3363 623 3436 inventionis
644 3365 851 3439 industriam
874 3367 1082 3438 reseremus.⁴
1101 3367 1219 3441 AEstne
1245 3392 1305 3442 no

235 3491 306 3554 stre
322 3483 407 3577 quid
424 3493 480 3556 est
495 3484 600 3572 uliud,
622 3486 691 3559 nisi
707 3497 793 3560 aetas
819 3487 885 3560 iste
910 3486 1131 3581 flagrantior?
1154 3491 1302 3564 Rursus:

234 3604 390 3698 quidest
408 3607 535 3699 algenti
553 3606 687 3680 brumae
708 3609 867 3695 similius,
880 3634 985 3704 quem
1001 3616 1184 3685 senectus?
1196 3614 1305 3697 Quem

234 3751 319 3804 uero
335 3740 417 3803 tune
435 3728 535 3803 nobis
555 3729 660 3802 huius
673 3733 838 3827 temporie
852 3744 911 3805 eut
923 3735 983 3807 otii
999 3737 1147 3808 sruotnm
1165 3758 1307 3831 speren-

234 3854 318 3926 dnm
351 3875 432 3926 esse
455 3853 693 3948 proponimus,
719 3879 808 3950 quas
833 3856 962 3949 ingenii
986 3880 1133 3944 messes,
1161 3861 1191 3932 si
1215 3880 1307 3931 nuno

235 3979 319 4052 secie
336 3977 462 4052 leheris
477 3976 635 4052 exterriti
653 3984 855 4053 cessemus?
871 3982 963 4066 Quid
973 4005 1020 4055 ex
1032 3980 1167 4056 horreis
1178 3980 1306 4056 nostris

235 4102 419 4192 posteritas
437 4104 534 4189 ieret,
554 4103 584 4177 si
599 4101 736 4177 desidia
754 4114 909 4200 torpente
928 4107 1175 4180 consistimus?

395 4288 498 4355 Nudus
514 4308 580 4369 arn,
597 4306 665 4356 sere
686 4290 797 4355 nudus:
815 4291 921 4370 hyems
937 4290 1044 4370 ignara
1059 4293 1177 4355 colono.

238 4466 306 4541 Sed
326 4494 369 4545 ne
387 4475 433 4548 nb
449 4479 573 4569 opibus
590 4483 635 4555 ed
650 4484 790 4555 eolonos
807 4480 978 4555 dilabetur
994 4482 1115 4568 orntio,
1134 4504 1227 4556 nunc
1246 4502 1305 4577 pn
