2692 5024
131 602 184 663 lll
463 615 503 661 us
525 612 626 661 uenus
649 612 868 662 rnuruuumus

126 764 201 853 Ego
221 769 316 831 certe
338 760 388 829 sie
411 759 564 842 memini,
584 770 622 830 ut
642 759 759 832 adbuc
789 759 993 853 sepulerum
1017 760 1112 835 illud
1134 788 1224 838 mar·

126 902 283 952 moreum
304 881 484 973 antiquum
507 881 602 971 quod
622 881 656 951 in
677 884 806 972 angulo
825 890 895 965 est,
918 891 958 952 et
982 884 1045 955 oui
1074 898 1223 980 uterque

127 1013 284 1073 nostrum
306 999 423 1072 cubito
443 1001 638 1087 insistebat,
660 1002 805 1086 adhaec,
820 1013 858 1073 et
876 1024 1024 1075 omnem
1047 1007 1099 1078 tui
1120 1006 1220 1079 babi-

127 1138 199 1197 tum
221 1134 392 1217 spectare,
421 1145 598 1216 vocesque
623 1125 701 1195 illas
728 1135 807 1196 tuas
833 1125 889 1196 his
916 1126 1069 1200 auribus
1096 1129 1217 1203 audire

127 1249 211 1319 mihi
231 1247 363 1320 videar.
397 1245 486 1328 Quae
506 1269 584 1317 cum
607 1247 653 1317 ita
675 1247 756 1330 sint,
777 1268 846 1318 non
862 1246 974 1318 debet
998 1248 1215 1324 intolerabile

126 1370 292 1441 damnum
311 1390 402 1451 esse,
431 1369 526 1460 quod
552 1379 647 1440 tanto
672 1378 753 1439 aute
778 1367 973 1462 praevisum
997 1381 1068 1442 est.
1097 1371 1211 1444 Armet

126 1492 217 1561 euim
241 1488 416 1559 meditatio
436 1491 600 1558 animum.
622 1489 714 1571 Quid
731 1489 861 1585 pateris
877 1491 976 1582 quod
996 1512 1070 1563 non
1088 1504 1123 1566 te
1139 1518 1210 1588 pas-

128 1590 258 1681 surumn
271 1609 408 1679 scires?
428 1609 538 1679 Nemo
559 1612 683 1704 plorat,
703 1609 813 1680 filium
835 1632 874 1681 se
895 1588 1072 1702 genuisse
1092 1627 1209 1688 morta-

126 1734 206 1814 lem,
222 1730 289 1802 nisi
302 1730 348 1801 sit
364 1731 455 1803 idem
475 1753 595 1804 amens
612 1743 647 1803 et
663 1734 813 1827 propriae
831 1733 1061 1807 mortalitatis
1079 1737 1205 1809 oblitus.

126 1853 294 1926 rimamus
316 1855 425 1926 nostri
446 1854 576 1925 similes
598 1853 686 1925 filios
710 1853 862 1926 habere:
883 1856 970 1927 nibil
993 1880 1087 1930 vero
1108 1860 1206 1953 magis

126 1987 182 2048 est
206 1990 380 2059 nostrum,
408 1998 513 2069 quam
545 1977 651 2048 insita
685 1986 790 2069 atque
823 1976 950 2049 indicta
988 1983 1205 2054 nascentibus

127 2099 279 2171 conditio
293 2078 476 2181 moriendi,
494 2100 566 2171 sola
579 2099 732 2172 omnium
750 2098 998 2193 inseparabilis
1024 2102 1207 2176 inhaerens-

41 2203 44 2206 Α
126 2244 195 2314 que
221 2221 363 2294 ossibus
387 2243 428 2292 ac
453 2221 626 2292 medullis.
648 2220 740 2303 Quid
758 2242 844 2311 ergo
860 2220 983 2292 dolent
1001 2222 1204 2297 bominesin

127 2342 305 2412 funeribus
332 2340 511 2411 liliorum?
536 2343 692 2412 Proiecto
717 2362 785 2411 non
814 2352 946 2412 certum
975 2355 1013 2414 et
1040 2345 1204 2437 publicum

128 2477 262 2535 naturae
281 2463 449 2545 debitum,
475 2464 537 2533 sed
563 2464 686 2533 mortis
713 2463 925 2557 insperatum
952 2466 1132 2537 ordinem.
1156 2469 1205 2537 llic

130 2585 204 2666 tibi,
227 2594 395 2674 quantum
418 2584 560 2672 intelligi
579 2586 698 2667 datur,
718 2607 783 2656 uec
800 2586 1017 2677 improvisus
1036 2611 1106 2660 uec
1122 2592 1207 2681 igno-

127 2715 223 2774 ratus
244 2705 318 2774 suit.
340 2703 454 2772 Prima
476 2706 617 2795 lugendi
633 2728 740 2778 causa
761 2707 895 2778 sublata
913 2719 982 2792 est,
1004 2709 1138 2804 inopini
1153 2713 1196 2783 do

128 2831 178 2900 lor
200 2826 364 2899 vulneris.
388 2824 457 2896 Aut
477 2826 581 2918 igitur
602 2828 747 2900 affectus
769 2840 846 2900 tuos
864 2829 986 2900 divino
1006 2833 1136 2905 subdis
1155 2834 1210 2902 im-

128 2953 239 3042 perio,
271 2951 364 3043 quod
390 2951 481 3021 docti
507 2973 627 3021 omnes
654 2962 690 3021 et
715 2952 802 3023 bene
828 2953 976 3023 instituti
1004 2956 1156 3039 faciunt,
1180 2965 1209 3024 et

128 3095 359 3167 quaecumque
383 3073 440 3143 tibi
463 3073 662 3143 acciderunt
689 3084 756 3143 tam
783 3073 976 3166 praevidisti
1007 3077 1211 3167 aequanimi-

130 3207 181 3266 ter
200 3217 305 3287 quam
328 3195 455 3277 tulisti;
484 3205 543 3267 aut
570 3196 599 3265 si
625 3199 712 3265 sorte
741 3196 917 3288 (quoniam
945 3217 1050 3266 suum
1080 3210 1211 3270 naturae

128 3319 181 3387 ius
207 3319 340 3408 eripere
373 3317 510 3387 difficile
536 3317 607 3410 est)
636 3319 803 3409 gemitum
833 3319 1017 3389 reluctanti
1044 3332 1210 3412 paternus

126 3460 224 3508 amor
256 3438 292 3508 vi
317 3440 505 3530 expressit,
536 3449 669 3510 tautum
697 3449 812 3510 tamen
840 3451 975 3531 tempus
1003 3442 1148 3513 effluxit
1170 3464 1210 3512 es

126 3583 195 3653 quo
216 3562 335 3651 lugere
356 3560 504 3652 primum
525 3561 689 3653 coeperis,
714 3572 751 3630 ut
776 3562 843 3630 iam
871 3560 1064 3630 verisimile
1089 3564 1145 3646 sit,
1169 3566 1211 3633 la-

126 3683 252 3753 crimas
278 3684 424 3753 aruisse.
452 3683 625 3753 lentescit
649 3683 741 3752 enim
769 3693 879 3754 tractu
904 3683 1017 3764 dolor,
1054 3685 1212 3756 lentescit

126 3816 162 3875 et
182 3805 364 3896 gaudium,
378 3804 542 3895 quodque
556 3828 663 3874 unum
679 3805 808 3875 habent
821 3805 958 3886 bonum,
979 3805 1212 3878 humanarum

126 3929 329 4020 passionum
363 3927 455 3995 nulla
489 3935 654 4020 perpetua
681 3938 745 3997 est.
773 3927 843 3999 Sed
867 3925 1032 4018 quoniam
1051 3948 1212 4018 ‚magnas

128 4071 185 4120 res
211 4048 395 4139 agentibus
421 4049 530 4120 oratio
557 4050 691 4139 longior
717 4049 843 4132 invisa,
872 4046 974 4117 finem
1002 4048 1142 4120 faciam.
1171 4050 1211 4118 Ut

128 4193 212 4243 vero
232 4193 301 4242 non
323 4171 502 4241 inhumani
528 4170 636 4262 patris
663 4171 778 4253 suerit,
805 4169 961 4264 epistolae
987 4171 1211 4263 principium,

129 4292 157 4358 si
183 4293 217 4362 id
244 4295 354 4384 pietas
382 4291 547 4382 coegerit,
576 4291 802 4361 humentibus
835 4291 942 4360 oculis
970 4289 1131 4378 legisse3
1166 4290 1214 4361 sic

129 4409 229 4482 siccis
252 4413 356 4484 finem
379 4413 565 4484 luminibus
588 4415 783 4504 perlegere,
808 4409 873 4481 viri
899 4409 997 4480 fortis
1025 4413 1095 4482 erit
1113 4426 1151 4484 et
1167 4412 1217 4482 iu·
