<?xml version="1.0" encoding="UTF-8"?>
<!DOCTYPE html PUBLIC "-//W3C//DTD XHTML 1.0 Transitional//EN"
    "http://www.w3.org/TR/xhtml1/DTD/xhtml1-transitional.dtd">
<html xmlns="http://www.w3.org/1999/xhtml" xml:lang="en" lang="en">
 <head>
  <title>
</title>
<meta http-equiv="Content-Type" content="text/html;charset=utf-8" />
  <meta name='ocr-system' content='tesseract 3.04.00' />
  <meta name='ocr-capabilities' content='ocr_page ocr_carea ocr_par ocr_line ocrx_word'/>
</head>
<body>
  <div class='ocr_page' id='page_1' title='image "./epistolaederebu00fracgoog_0291.png"; bbox 0 0 2692 5024; ppageno 0'>
   <div class='ocr_carea' id='block_1_1' title="bbox 187 630 933 697">
    <p class='ocr_par' dir='ltr' id='par_1_1' title="bbox 187 630 933 697">
     <span class='ocr_line' id='line_1_1' title="bbox 187 630 933 697; baseline -0.001 -2"><span class='ocrx_word' id='word_1_1' title='bbox 187 630 246 697; x_wconf 73' lang='lat'><strong>128</strong></span> <span class='ocrx_word' id='word_1_2' title='bbox 510 644 570 695; x_wconf 82' lang='lat' dir='ltr'><strong>ns</strong></span> <span class='ocrx_word' id='word_1_3' title='bbox 585 642 688 695; x_wconf 84' lang='lat' dir='ltr'><strong>amns</strong></span> <span class='ocrx_word' id='word_1_4' title='bbox 709 642 933 694; x_wconf 71' lang='lat' dir='ltr'><strong>summanus</strong></span> 
     </span>
    </p>
   </div>
   <div class='ocr_carea' id='block_1_2' title="bbox 186 787 1279 1121">
    <p class='ocr_par' dir='ltr' id='par_1_2' title="bbox 186 787 1279 1121">
     <span class='ocr_line' id='line_1_2' title="bbox 187 787 1279 884; baseline 0 -23"><span class='ocrx_word' id='word_1_5' title='bbox 187 787 333 884; x_wconf 82' lang='lat' dir='ltr'>pulcher</span> <span class='ocrx_word' id='word_1_6' title='bbox 355 797 393 860; x_wconf 88' lang='lat' dir='ltr'><strong>et</strong></span> <span class='ocrx_word' id='word_1_7' title='bbox 414 795 561 861; x_wconf 89' lang='lat' dir='ltr'><strong>ornatus</strong></span> <span class='ocrx_word' id='word_1_8' title='bbox 586 787 725 860; x_wconf 88' lang='lat' dir='ltr'><strong>animus</strong></span> <span class='ocrx_word' id='word_1_9' title='bbox 744 794 849 858; x_wconf 76' lang='lat' dir='ltr'><strong>‘curat</strong></span> <span class='ocrx_word' id='word_1_10' title='bbox 871 806 990 869; x_wconf 85' lang='lat' dir='ltr'><strong>nemo,</strong></span> <span class='ocrx_word' id='word_1_11' title='bbox 1016 804 1083 857; x_wconf 89' lang='lat' dir='ltr'><strong>noe</strong></span> <span class='ocrx_word' id='word_1_12' title='bbox 1108 804 1149 857; x_wconf 86' lang='lat' dir='ltr'><strong>se</strong></span> <span class='ocrx_word' id='word_1_13' title='bbox 1171 808 1279 861; x_wconf 85' lang='lat' dir='ltr'><strong>eura·</strong></span> 
     </span>
     <span class='ocr_line' id='line_1_3' title="bbox 187 907 1275 1005; baseline 0.003 -23"><span class='ocrx_word' id='word_1_14' title='bbox 187 919 321 983; x_wconf 86' lang='lat' dir='ltr'><strong>turum¹</strong></span> <span class='ocrx_word' id='word_1_15' title='bbox 337 909 500 1005; x_wconf 80' lang='lat' dir='ltr'><strong>spondet,</strong></span> <span class='ocrx_word' id='word_1_16' title='bbox 533 917 595 982; x_wconf 89' lang='lat' dir='ltr'><strong>ant</strong></span> <span class='ocrx_word' id='word_1_17' title='bbox 627 916 765 1003; x_wconf 83' lang='lat' dir='ltr'><strong>sperat3</strong></span> <span class='ocrx_word' id='word_1_18' title='bbox 791 907 856 981; x_wconf 90' lang='lat' dir='ltr'><strong>sed</strong></span> <span class='ocrx_word' id='word_1_19' title='bbox 886 907 983 1001; x_wconf 88' lang='lat' dir='ltr'><strong>quod</strong></span> <span class='ocrx_word' id='word_1_20' title='bbox 1015 908 1166 1004; x_wconf 84' lang='lat' dir='ltr'><strong>primurn</strong></span> <span class='ocrx_word' id='word_1_21' title='bbox 1189 932 1275 985; x_wconf 87' lang='lat' dir='ltr'><strong>esse</strong></span> 
     </span>
     <span class='ocr_line' id='line_1_4' title="bbox 186 1029 828 1121; baseline -0.006 -16"><span class='ocrx_word' id='word_1_22' title='bbox 186 1029 357 1105; x_wconf 81' lang='lat' dir='ltr'><strong>debuerat</strong></span> <span class='ocrx_word' id='word_1_23' title='bbox 377 1031 571 1121; x_wconf 84' lang='lat' dir='ltr'><strong>differimus</strong></span> <span class='ocrx_word' id='word_1_24' title='bbox 590 1030 637 1104; x_wconf 92' lang='lat' dir='ltr'><strong>ad</strong></span> <span class='ocrx_word' id='word_1_25' title='bbox 656 1040 828 1104; x_wconf 86' lang='lat' dir='ltr'><strong>extrema.</strong></span> 
     </span>
    </p>
   </div>
   <div class='ocr_carea' id='block_1_3' title="bbox 386 1230 1126 1410">
    <p class='ocr_par' dir='ltr' id='par_1_3' title="bbox 386 1230 1126 1410">
     <span class='ocr_line' id='line_1_5' title="bbox 386 1230 1126 1325; baseline -0.005 -26"><span class='ocrx_word' id='word_1_26' title='bbox 386 1232 411 1299; x_wconf 90' lang='lat'>0</span> <span class='ocrx_word' id='word_1_27' title='bbox 427 1234 514 1298; x_wconf 79' lang='lat' dir='ltr'><strong>eires</strong></span> <span class='ocrx_word' id='word_1_28' title='bbox 529 1233 632 1325; x_wconf 80' lang='lat' dir='ltr'><strong>cives,</strong></span> <span class='ocrx_word' id='word_1_29' title='bbox 649 1232 813 1313; x_wconf 82' lang='lat' dir='ltr'><strong>quaerenda</strong></span> <span class='ocrx_word' id='word_1_30' title='bbox 829 1230 959 1312; x_wconf 86' lang='lat' dir='ltr'><strong>pecunia</strong></span> <span class='ocrx_word' id='word_1_31' title='bbox 971 1230 1126 1313; x_wconf 78' lang='lat' dir='ltr'><strong>prtmnnn3</strong></span> 
     </span>
     <span class='ocr_line' id='line_1_6' title="bbox 387 1329 747 1410; baseline -0.003 -16"><span class='ocrx_word' id='word_1_32' title='bbox 387 1329 491 1395; x_wconf 79' lang='lat' dir='ltr'><strong>Virtus</strong></span> <span class='ocrx_word' id='word_1_33' title='bbox 506 1335 576 1410; x_wconf 86' lang='lat' dir='ltr'><strong>post</strong></span> <span class='ocrx_word' id='word_1_34' title='bbox 593 1346 747 1395; x_wconf 81' lang='lat' dir='ltr'><strong>nummos.</strong></span> 
     </span>
    </p>
   </div>
   <div class='ocr_carea' id='block_1_4' title="bbox 187 1521 1277 3191">
    <p class='ocr_par' dir='ltr' id='par_1_4' title="bbox 187 1521 1277 3191">
     <span class='ocr_line' id='line_1_7' title="bbox 188 1521 1277 1620; baseline 0 -23"><span class='ocrx_word' id='word_1_35' title='bbox 188 1525 246 1599; x_wconf 88' lang='lat' dir='ltr'><strong>Sio</strong></span> <span class='ocrx_word' id='word_1_36' title='bbox 266 1533 323 1599; x_wconf 85' lang='lat' dir='ltr'><strong>est</strong></span> <span class='ocrx_word' id='word_1_37' title='bbox 346 1523 472 1606; x_wconf 85' lang='lat' dir='ltr'><strong>hodie,</strong></span> <span class='ocrx_word' id='word_1_38' title='bbox 494 1524 545 1595; x_wconf 91' lang='lat' dir='ltr'><strong>sio</strong></span> <span class='ocrx_word' id='word_1_39' title='bbox 567 1532 645 1595; x_wconf 92' lang='lat' dir='ltr'><strong>erat</strong></span> <span class='ocrx_word' id='word_1_40' title='bbox 667 1521 780 1596; x_wconf 86' lang='lat' dir='ltr'><strong>Fiaoei</strong></span> <span class='ocrx_word' id='word_1_41' title='bbox 805 1524 948 1609; x_wconf 70' lang='lat' dir='ltr'><strong>saeculo,</strong></span> <span class='ocrx_word' id='word_1_42' title='bbox 973 1523 1027 1595; x_wconf 88' lang='lat' dir='ltr'><strong>sio</strong></span> <span class='ocrx_word' id='word_1_43' title='bbox 1048 1522 1116 1594; x_wconf 93' lang='lat' dir='ltr'><strong>erit</strong></span> <span class='ocrx_word' id='word_1_44' title='bbox 1139 1534 1277 1620; x_wconf 89' lang='lat' dir='ltr'><strong>tempo-</strong></span> 
     </span>
     <span class='ocr_line' id='line_1_8' title="bbox 188 1645 1275 1743; baseline 0.002 -24"><span class='ocrx_word' id='word_1_45' title='bbox 188 1647 287 1720; x_wconf 83' lang='lat' dir='ltr'>ribus</span> <span class='ocrx_word' id='word_1_46' title='bbox 305 1654 548 1741; x_wconf 76' lang='lat' dir='ltr'><strong>pronepotum,</strong></span> <span class='ocrx_word' id='word_1_47' title='bbox 566 1645 634 1718; x_wconf 86' lang='lat' dir='ltr'><strong>nisi</strong></span> <span class='ocrx_word' id='word_1_48' title='bbox 653 1647 743 1719; x_wconf 78' lang='lat' dir='ltr'><strong>sorte</strong></span> <span class='ocrx_word' id='word_1_49' title='bbox 762 1645 906 1720; x_wconf 86' lang='lat' dir='ltr'><strong>meliora</strong></span> <span class='ocrx_word' id='word_1_50' title='bbox 926 1647 971 1720; x_wconf 87' lang='lat' dir='ltr'><strong>de</strong></span> <span class='ocrx_word' id='word_1_51' title='bbox 990 1647 1142 1741; x_wconf 85' lang='lat' dir='ltr'><strong>posteris</strong></span> <span class='ocrx_word' id='word_1_52' title='bbox 1160 1672 1275 1743; x_wconf 88' lang='lat' dir='ltr'><strong>augn-</strong></span> 
     </span>
     <span class='ocr_line' id='line_1_9' title="bbox 188 1770 1275 1865; baseline 0.004 -22"><span class='ocrx_word' id='word_1_53' title='bbox 188 1792 319 1844; x_wconf 90' lang='lat' dir='ltr'><strong>ramur.</strong></span> <span class='ocrx_word' id='word_1_54' title='bbox 344 1770 483 1843; x_wconf 87' lang='lat' dir='ltr'><strong>Utinam</strong></span> <span class='ocrx_word' id='word_1_55' title='bbox 506 1770 543 1843; x_wconf 89' lang='lat' dir='ltr'><strong>id</strong></span> <span class='ocrx_word' id='word_1_56' title='bbox 566 1770 710 1865; x_wconf 89' lang='lat' dir='ltr'><strong>quidem</strong></span> <span class='ocrx_word' id='word_1_57' title='bbox 736 1790 879 1863; x_wconf 92' lang='lat' dir='ltr'><strong>sperare</strong></span> <span class='ocrx_word' id='word_1_58' title='bbox 904 1773 1111 1865; x_wconf 77' lang='lat' dir='ltr'><strong>possemus!</strong></span> <span class='ocrx_word' id='word_1_59' title='bbox 1139 1772 1211 1847; x_wconf 90' lang='lat' dir='ltr'><strong>Sed</strong></span> <span class='ocrx_word' id='word_1_60' title='bbox 1234 1786 1275 1848; x_wconf 91' lang='lat' dir='ltr'><strong>ut</strong></span> 
     </span>
     <span class='ocr_line' id='line_1_10' title="bbox 187 1890 1276 1991; baseline 0.005 -25"><span class='ocrx_word' id='word_1_61' title='bbox 187 1915 248 1967; x_wconf 88' lang='lat' dir='ltr'><strong>res</strong></span> <span class='ocrx_word' id='word_1_62' title='bbox 266 1902 363 1980; x_wconf 90' lang='lat' dir='ltr'><strong>eunt,</strong></span> <span class='ocrx_word' id='word_1_63' title='bbox 384 1892 518 1967; x_wconf 90' lang='lat' dir='ltr'><strong>indies</strong></span> <span class='ocrx_word' id='word_1_64' title='bbox 538 1893 658 1988; x_wconf 90' lang='lat' dir='ltr'><strong>peiora</strong></span> <span class='ocrx_word' id='word_1_65' title='bbox 676 1890 845 1976; x_wconf 86' lang='lat' dir='ltr'><strong>ooniioi0;</strong></span> <span class='ocrx_word' id='word_1_66' title='bbox 869 1891 1034 1988; x_wconf 86' lang='lat' dir='ltr'><strong>quamvis</strong></span> <span class='ocrx_word' id='word_1_67' title='bbox 1058 1893 1129 1965; x_wconf 92' lang='lat' dir='ltr'><strong>iam</strong></span> <span class='ocrx_word' id='word_1_68' title='bbox 1153 1897 1276 1991; x_wconf 89' lang='lat' dir='ltr'><strong>peiora</strong></span> 
     </span>
     <span class='ocr_line' id='line_1_11' title="bbox 188 2012 1276 2113; baseline 0 -22"><span class='ocrx_word' id='word_1_69' title='bbox 188 2016 253 2091; x_wconf 85' lang='lat' dir='ltr'><strong>vix</strong></span> <span class='ocrx_word' id='word_1_70' title='bbox 276 2016 408 2113; x_wconf 87' lang='lat' dir='ltr'><strong>possim</strong></span> <span class='ocrx_word' id='word_1_71' title='bbox 432 2016 563 2089; x_wconf 91' lang='lat' dir='ltr'><strong>nedum</strong></span> <span class='ocrx_word' id='word_1_72' title='bbox 583 2017 715 2102; x_wconf 87' lang='lat' dir='ltr'><strong>timere,</strong></span> <span class='ocrx_word' id='word_1_73' title='bbox 737 2015 802 2089; x_wconf 88' lang='lat' dir='ltr'><strong>sed</strong></span> <span class='ocrx_word' id='word_1_74' title='bbox 822 2012 967 2108; x_wconf 85' lang='lat' dir='ltr'><strong>fingere.</strong></span> <span class='ocrx_word' id='word_1_75' title='bbox 988 2016 1164 2091; x_wconf 78' lang='lat' dir='ltr'><strong>Certesio</strong></span> <span class='ocrx_word' id='word_1_76' title='bbox 1182 2020 1276 2092; x_wconf 86' lang='lat' dir='ltr'><strong>vivi-</strong></span> 
     </span>
     <span class='ocr_line' id='line_1_12' title="bbox 189 2138 1276 2237; baseline 0.002 -24"><span class='ocrx_word' id='word_1_77' title='bbox 189 2150 260 2225; x_wconf 87' lang='lat' dir='ltr'><strong>tur,</strong></span> <span class='ocrx_word' id='word_1_78' title='bbox 281 2160 393 2234; x_wconf 89' lang='lat' dir='ltr'><strong>eoque</strong></span> <span class='ocrx_word' id='word_1_79' title='bbox 417 2140 600 2213; x_wconf 86' lang='lat' dir='ltr'><strong>eriminum</strong></span> <span class='ocrx_word' id='word_1_80' title='bbox 625 2160 666 2211; x_wconf 86' lang='lat' dir='ltr'><strong>ae</strong></span> <span class='ocrx_word' id='word_1_81' title='bbox 691 2138 848 2211; x_wconf 82' lang='lat' dir='ltr'><strong>surorum</strong></span> <span class='ocrx_word' id='word_1_82' title='bbox 868 2147 1015 2211; x_wconf 86' lang='lat' dir='ltr'><strong>ventum</strong></span> <span class='ocrx_word' id='word_1_83' title='bbox 1038 2149 1102 2226; x_wconf 73' lang='lat' dir='ltr'><strong>est,</strong></span> <span class='ocrx_word' id='word_1_84' title='bbox 1128 2150 1170 2212; x_wconf 92' lang='lat' dir='ltr'><strong>ut</strong></span> <span class='ocrx_word' id='word_1_85' title='bbox 1193 2162 1276 2237; x_wconf 77' lang='lat' dir='ltr'><strong>pro</strong></span> 
     </span>
     <span class='ocr_line' id='line_1_13' title="bbox 188 2261 1273 2359; baseline -0.001 -22"><span class='ocrx_word' id='word_1_86' title='bbox 188 2263 267 2337; x_wconf 87' lang='lat' dir='ltr'><strong>eedi</strong></span> <span class='ocrx_word' id='word_1_87' title='bbox 286 2262 431 2336; x_wconf 86' lang='lat' dir='ltr'><strong>ulterius</strong></span> <span class='ocrx_word' id='word_1_88' title='bbox 452 2262 528 2336; x_wconf 90' lang='lat' dir='ltr'><strong>sine</strong></span> <span class='ocrx_word' id='word_1_89' title='bbox 547 2262 685 2355; x_wconf 83' lang='lat' dir='ltr'><strong>publico</strong></span> <span class='ocrx_word' id='word_1_90' title='bbox 704 2261 897 2359; x_wconf 76' lang='lat' dir='ltr'><strong>praecipitio</strong></span> <span class='ocrx_word' id='word_1_91' title='bbox 924 2283 995 2334; x_wconf 92' lang='lat' dir='ltr'><strong>non</strong></span> <span class='ocrx_word' id='word_1_92' title='bbox 1015 2262 1138 2356; x_wconf 85' lang='lat' dir='ltr'><strong>possit.</strong></span> <span class='ocrx_word' id='word_1_93' title='bbox 1163 2264 1273 2351; x_wconf 82' lang='lat' dir='ltr'><strong>Nune,</strong></span> 
     </span>
     <span class='ocr_line' id='line_1_14' title="bbox 189 2384 1272 2482; baseline 0 -25"><span class='ocrx_word' id='word_1_94' title='bbox 189 2407 283 2459; x_wconf 85' lang='lat' dir='ltr'><strong>nuno</strong></span> <span class='ocrx_word' id='word_1_95' title='bbox 297 2385 477 2481; x_wconf 90' lang='lat' dir='ltr'><strong>impletum</strong></span> <span class='ocrx_word' id='word_1_96' title='bbox 492 2393 558 2470; x_wconf 87' lang='lat' dir='ltr'><strong>est,</strong></span> <span class='ocrx_word' id='word_1_97' title='bbox 572 2384 668 2477; x_wconf 89' lang='lat' dir='ltr'><strong>quod</strong></span> <span class='ocrx_word' id='word_1_98' title='bbox 679 2393 761 2457; x_wconf 88' lang='lat' dir='ltr'><strong>ante</strong></span> <span class='ocrx_word' id='word_1_99' title='bbox 777 2395 915 2481; x_wconf 88' lang='lat' dir='ltr'><strong>tempus</strong></span> <span class='ocrx_word' id='word_1_100' title='bbox 928 2385 1067 2458; x_wconf 80' lang='lat' dir='ltr'><strong>dixerat</strong></span> <span class='ocrx_word' id='word_1_101' title='bbox 1079 2385 1272 2482; x_wconf 79' lang='lat' dir='ltr'><strong>satyricus:</strong></span> 
     </span>
     <span class='ocr_line' id='line_1_15' title="bbox 188 2508 1276 2604; baseline 0.002 -25"><span class='ocrx_word' id='word_1_102' title='bbox 188 2531 284 2580; x_wconf 84' lang='lat' dir='ltr'><strong>omne</strong></span> <span class='ocrx_word' id='word_1_103' title='bbox 320 2511 359 2578; x_wconf 85' lang='lat' dir='ltr'><strong>in</strong></span> <span class='ocrx_word' id='word_1_104' title='bbox 384 2509 552 2601; x_wconf 75' lang='lat' dir='ltr'><strong>precipiti</strong></span> <span class='ocrx_word' id='word_1_105' title='bbox 582 2509 702 2579; x_wconf 84' lang='lat' dir='ltr'><strong>uitium</strong></span> <span class='ocrx_word' id='word_1_106' title='bbox 731 2510 828 2579; x_wconf 79' lang='lat' dir='ltr'><strong>stetit.</strong></span> <span class='ocrx_word' id='word_1_107' title='bbox 862 2508 1037 2580; x_wconf 87' lang='lat' dir='ltr'><strong>Enitimur</strong></span> <span class='ocrx_word' id='word_1_108' title='bbox 1070 2518 1187 2581; x_wconf 80' lang='lat' dir='ltr'><strong>tamen</strong></span> <span class='ocrx_word' id='word_1_109' title='bbox 1211 2530 1276 2604; x_wconf 94' lang='lat' dir='ltr'><strong>pro</strong></span> 
     </span>
     <span class='ocr_line' id='line_1_16' title="bbox 189 2630 1276 2726; baseline 0.001 -24"><span class='ocrx_word' id='word_1_110' title='bbox 189 2630 335 2716; x_wconf 91' lang='lat' dir='ltr'><strong>viribus,</strong></span> <span class='ocrx_word' id='word_1_111' title='bbox 349 2640 387 2702; x_wconf 88' lang='lat' dir='ltr'><strong>ut</strong></span> <span class='ocrx_word' id='word_1_112' title='bbox 401 2651 539 2724; x_wconf 89' lang='lat' dir='ltr'><strong>semper</strong></span> <span class='ocrx_word' id='word_1_113' title='bbox 554 2630 686 2723; x_wconf 87' lang='lat' dir='ltr'><strong>aliquid</strong></span> <span class='ocrx_word' id='word_1_114' title='bbox 702 2632 846 2704; x_wconf 86' lang='lat' dir='ltr'><strong>aoeedat</strong></span> <span class='ocrx_word' id='word_1_115' title='bbox 861 2631 1025 2703; x_wconf 83' lang='lat' dir='ltr'><strong>insanies:</strong></span> <span class='ocrx_word' id='word_1_116' title='bbox 1039 2652 1104 2704; x_wconf 89' lang='lat' dir='ltr'><strong>nee</strong></span> <span class='ocrx_word' id='word_1_117' title='bbox 1120 2654 1276 2726; x_wconf 88' lang='lat' dir='ltr'><strong>unquam</strong></span> 
     </span>
     <span class='ocr_line' id='line_1_17' title="bbox 189 2750 1275 2826; baseline 0.002 -3"><span class='ocrx_word' id='word_1_118' title='bbox 189 2774 210 2823; x_wconf 90' lang='lat' dir='ltr'><strong>a</strong></span> <span class='ocrx_word' id='word_1_119' title='bbox 235 2751 425 2824; x_wconf 87' lang='lat' dir='ltr'><strong>maioribus</strong></span> <span class='ocrx_word' id='word_1_120' title='bbox 452 2750 588 2823; x_wconf 84' lang='lat' dir='ltr'><strong>traditae</strong></span> <span class='ocrx_word' id='word_1_121' title='bbox 613 2750 760 2824; x_wconf 85' lang='lat' dir='ltr'><strong>licentiae</strong></span> <span class='ocrx_word' id='word_1_122' title='bbox 785 2751 914 2824; x_wconf 86' lang='lat' dir='ltr'><strong>finibus</strong></span> <span class='ocrx_word' id='word_1_123' title='bbox 938 2753 1092 2826; x_wconf 86' lang='lat' dir='ltr'><strong>eontenti</strong></span> <span class='ocrx_word' id='word_1_124' title='bbox 1115 2752 1275 2826; x_wconf 89' lang='lat' dir='ltr'><strong>erimus:</strong></span> 
     </span>
     <span class='ocr_line' id='line_1_18' title="bbox 188 2873 1273 2968; baseline 0.002 -22"><span class='ocrx_word' id='word_1_125' title='bbox 188 2897 366 2968; x_wconf 89' lang='lat' dir='ltr'><strong>nunquam</strong></span> <span class='ocrx_word' id='word_1_126' title='bbox 386 2873 645 2948; x_wconf 81' lang='lat' dir='ltr'><strong>committemus</strong></span> <span class='ocrx_word' id='word_1_127' title='bbox 665 2883 704 2946; x_wconf 89' lang='lat' dir='ltr'><strong>ut</strong></span> <span class='ocrx_word' id='word_1_128' title='bbox 723 2874 889 2948; x_wconf 87' lang='lat' dir='ltr'><strong>mentitus</strong></span> <span class='ocrx_word' id='word_1_129' title='bbox 909 2875 1073 2950; x_wconf 89' lang='lat' dir='ltr'><strong>videatur</strong></span> <span class='ocrx_word' id='word_1_130' title='bbox 1092 2877 1273 2963; x_wconf 85' lang='lat' dir='ltr'><strong>Horatius,</strong></span> 
     </span>
     <span class='ocr_line' id='line_1_19' title="bbox 188 2998 342 3073; baseline -0.026 0"><span class='ocrx_word' id='word_1_131' title='bbox 188 2998 250 3073; x_wconf 87' lang='lat' dir='ltr'><strong>ubi</strong></span> <span class='ocrx_word' id='word_1_132' title='bbox 270 2999 342 3070; x_wconf 84' lang='lat' dir='ltr'><strong>ait:</strong></span> 
     </span>
     <span class='ocr_line' id='line_1_20' title="bbox 466 3111 1033 3191; baseline 0 -16"><span class='ocrx_word' id='word_1_133' title='bbox 466 3111 548 3175; x_wconf 79' lang='lat' dir='ltr'><strong>AEtas</strong></span> <span class='ocrx_word' id='word_1_134' title='bbox 563 3117 742 3191; x_wconf 85' lang='lat' dir='ltr'><strong>parentum,</strong></span> <span class='ocrx_word' id='word_1_135' title='bbox 759 3111 846 3191; x_wconf 90' lang='lat' dir='ltr'><strong>peior</strong></span> <span class='ocrx_word' id='word_1_136' title='bbox 863 3112 943 3187; x_wconf 82' lang='lat' dir='ltr'><strong>avis,</strong></span> <span class='ocrx_word' id='word_1_137' title='bbox 962 3111 1033 3175; x_wconf 86' lang='lat' dir='ltr'><strong>tulit</strong></span> 
     </span>
    </p>
   </div>
   <div class='ocr_carea' id='block_1_5' title="bbox 468 3211 977 3388">
    <p class='ocr_par' dir='ltr' id='par_1_5' title="bbox 468 3211 977 3388">
     <span class='ocr_line' id='line_1_21' title="bbox 469 3211 977 3291; baseline 0 -18"><span class='ocrx_word' id='word_1_138' title='bbox 469 3211 530 3274; x_wconf 85' lang='lat' dir='ltr'><strong>Nos</strong></span> <span class='ocrx_word' id='word_1_139' title='bbox 546 3211 727 3291; x_wconf 83' lang='lat' dir='ltr'><strong>nequiores,</strong></span> <span class='ocrx_word' id='word_1_140' title='bbox 744 3225 819 3274; x_wconf 79' lang='lat' dir='ltr'><strong>mox</strong></span> <span class='ocrx_word' id='word_1_141' title='bbox 836 3211 977 3287; x_wconf 86' lang='lat' dir='ltr'><strong>daturos,</strong></span> 
     </span>
     <span class='ocr_line' id='line_1_22' title="bbox 468 3309 882 3388; baseline -0.002 -16"><span class='ocrx_word' id='word_1_142' title='bbox 468 3310 651 3388; x_wconf 81' lang='lat' dir='ltr'><strong>Progeniem</strong></span> <span class='ocrx_word' id='word_1_143' title='bbox 668 3309 882 3373; x_wconf 68' lang='lat' dir='ltr'><strong>vitiosiorem?</strong></span> 
     </span>
    </p>
   </div>
   <div class='ocr_carea' id='block_1_6' title="bbox 189 3485 1282 4569">
    <p class='ocr_par' dir='ltr' id='par_1_6' title="bbox 189 3485 1282 4569">
     <span class='ocr_line' id='line_1_23' title="bbox 189 3485 1275 3583; baseline 0.005 -25"><span class='ocrx_word' id='word_1_144' title='bbox 189 3488 234 3559; x_wconf 86' lang='lat' dir='ltr'><strong>Et</strong></span> <span class='ocrx_word' id='word_1_145' title='bbox 260 3485 360 3557; x_wconf 89' lang='lat' dir='ltr'><strong>utin</strong></span> <span class='ocrx_word' id='word_1_146' title='bbox 382 3496 518 3582; x_wconf 88' lang='lat' dir='ltr'><strong>tempus</strong></span> <span class='ocrx_word' id='word_1_147' title='bbox 548 3489 642 3562; x_wconf 86' lang='lat' dir='ltr'><strong>aliud</strong></span> <span class='ocrx_word' id='word_1_148' title='bbox 671 3490 869 3582; x_wconf 85' lang='lat' dir='ltr'><strong>graviorem</strong></span> <span class='ocrx_word' id='word_1_149' title='bbox 899 3490 989 3562; x_wconf 86' lang='lat' dir='ltr'><strong>hanc</strong></span> <span class='ocrx_word' id='word_1_150' title='bbox 1020 3488 1275 3583; x_wconf 89' lang='lat' dir='ltr'><strong>querimoniam</strong></span> 
     </span>
     <span class='ocr_line' id='line_1_24' title="bbox 189 3610 1280 3707; baseline -0.001 -21"><span class='ocrx_word' id='word_1_151' title='bbox 189 3611 404 3696; x_wconf 82' lang='lat' dir='ltr'><strong>differamus,</strong></span> <span class='ocrx_word' id='word_1_152' title='bbox 427 3610 630 3682; x_wconf 90' lang='lat' dir='ltr'><strong>insistentes</strong></span> <span class='ocrx_word' id='word_1_153' title='bbox 642 3622 766 3706; x_wconf 86' lang='lat' dir='ltr'><strong>ooepto,</strong></span> <span class='ocrx_word' id='word_1_154' title='bbox 785 3634 924 3707; x_wconf 90' lang='lat' dir='ltr'><strong>semper</strong></span> <span class='ocrx_word' id='word_1_155' title='bbox 937 3613 1161 3684; x_wconf 90' lang='lat' dir='ltr'><strong>verissimum</strong></span> <span class='ocrx_word' id='word_1_156' title='bbox 1174 3611 1280 3685; x_wconf 76' lang='lat' dir='ltr'><strong>faeie</strong></span> 
     </span>
     <span class='ocr_line' id='line_1_25' title="bbox 189 3734 1279 3830; baseline 0.001 -24"><span class='ocrx_word' id='word_1_157' title='bbox 189 3758 269 3808; x_wconf 92' lang='lat' dir='ltr'><strong>mus</strong></span> <span class='ocrx_word' id='word_1_158' title='bbox 289 3734 385 3830; x_wconf 92' lang='lat' dir='ltr'><strong>quod</strong></span> <span class='ocrx_word' id='word_1_159' title='bbox 409 3735 454 3807; x_wconf 90' lang='grc' dir='ltr'><strong>Μ.</strong></span> <span class='ocrx_word' id='word_1_160' title='bbox 476 3735 638 3820; x_wconf 87' lang='lat' dir='ltr'><strong>Varroni,</strong></span> <span class='ocrx_word' id='word_1_161' title='bbox 666 3735 743 3808; x_wconf 91' lang='lat' dir='ltr'><strong>viro</strong></span> <span class='ocrx_word' id='word_1_162' title='bbox 767 3737 871 3827; x_wconf 86' lang='lat' dir='ltr'><strong>longe</strong></span> <span class='ocrx_word' id='word_1_163' title='bbox 901 3735 1118 3819; x_wconf 81' lang='lat' dir='ltr'><strong>doctissimo,</strong></span> <span class='ocrx_word' id='word_1_164' title='bbox 1159 3735 1279 3807; x_wconf 89' lang='lat' dir='ltr'><strong>visum</strong></span> 
     </span>
     <span class='ocr_line' id='line_1_26' title="bbox 190 3856 1281 3952; baseline 0.001 -23"><span class='ocrx_word' id='word_1_165' title='bbox 190 3869 254 3930; x_wconf 89' lang='lat' dir='ltr'><strong>est.</strong></span> <span class='ocrx_word' id='word_1_166' title='bbox 282 3857 462 3942; x_wconf 87' lang='lat' dir='ltr'><strong>Quoniam,</strong></span> <span class='ocrx_word' id='word_1_167' title='bbox 485 3856 515 3928; x_wconf 92' lang='lat' dir='ltr'><strong>si</strong></span> <span class='ocrx_word' id='word_1_168' title='bbox 535 3858 779 3931; x_wconf 86' lang='lat' dir='ltr'><strong>duodecimam</strong></span> <span class='ocrx_word' id='word_1_169' title='bbox 799 3879 894 3931; x_wconf 85' lang='lat' dir='ltr'><strong>curae</strong></span> <span class='ocrx_word' id='word_1_170' title='bbox 911 3868 1054 3951; x_wconf 89' lang='lat' dir='ltr'><strong>partem,</strong></span> <span class='ocrx_word' id='word_1_171' title='bbox 1083 3880 1189 3952; x_wconf 89' lang='lat' dir='ltr'><strong>quam</strong></span> <span class='ocrx_word' id='word_1_172' title='bbox 1214 3860 1281 3930; x_wconf 90' lang='lat' dir='ltr'><strong>im·</strong></span> 
     </span>
     <span class='ocr_line' id='line_1_27' title="bbox 190 3979 1280 4078; baseline 0 -25"><span class='ocrx_word' id='word_1_173' title='bbox 190 3982 374 4078; x_wconf 91' lang='lat' dir='ltr'><strong>pendimus</strong></span> <span class='ocrx_word' id='word_1_174' title='bbox 395 3991 434 4053; x_wconf 94' lang='lat' dir='ltr'><strong>ut</strong></span> <span class='ocrx_word' id='word_1_175' title='bbox 453 3981 563 4076; x_wconf 86' lang='lat' dir='ltr'><strong>pistor</strong></span> <span class='ocrx_word' id='word_1_176' title='bbox 582 3982 713 4054; x_wconf 92' lang='lat' dir='ltr'><strong>bonum</strong></span> <span class='ocrx_word' id='word_1_177' title='bbox 733 3981 834 4053; x_wconf 90' lang='lat' dir='ltr'><strong>nobis</strong></span> <span class='ocrx_word' id='word_1_178' title='bbox 855 4003 981 4075; x_wconf 89' lang='lat' dir='ltr'><strong>panem</strong></span> <span class='ocrx_word' id='word_1_179' title='bbox 1007 3979 1122 4066; x_wconf 83' lang='lat' dir='ltr'><strong>iaciat,</strong></span> <span class='ocrx_word' id='word_1_180' title='bbox 1144 3980 1280 4077; x_wconf 92' lang='lat' dir='ltr'><strong>impen-</strong></span> 
     </span>
     <span class='ocr_line' id='line_1_28' title="bbox 189 4104 1282 4199; baseline 0.002 -23"><span class='ocrx_word' id='word_1_181' title='bbox 189 4105 366 4178; x_wconf 89' lang='lat' dir='ltr'><strong>dissemus</strong></span> <span class='ocrx_word' id='word_1_182' title='bbox 387 4106 423 4177; x_wconf 91' lang='lat' dir='ltr'><strong>in</strong></span> <span class='ocrx_word' id='word_1_183' title='bbox 442 4106 566 4192; x_wconf 91' lang='lat' dir='ltr'><strong>nobis,</strong></span> <span class='ocrx_word' id='word_1_184' title='bbox 586 4105 654 4199; x_wconf 91' lang='lat' dir='ltr'><strong>ipsi</strong></span> <span class='ocrx_word' id='word_1_185' title='bbox 673 4105 741 4177; x_wconf 89' lang='lat' dir='ltr'><strong>iam</strong></span> <span class='ocrx_word' id='word_1_186' title='bbox 762 4104 895 4199; x_wconf 92' lang='lat' dir='ltr'><strong>pridem</strong></span> <span class='ocrx_word' id='word_1_187' title='bbox 921 4105 1003 4177; x_wconf 94' lang='lat' dir='ltr'><strong>boni</strong></span> <span class='ocrx_word' id='word_1_188' title='bbox 1028 4127 1215 4189; x_wconf 90' lang='lat' dir='ltr'><strong>essemus;</strong></span> <span class='ocrx_word' id='word_1_189' title='bbox 1242 4116 1282 4179; x_wconf 88' lang='grc' dir='ltr'><strong>ιιι</strong></span> 
     </span>
     <span class='ocr_line' id='line_1_29' title="bbox 190 4221 1282 4314; baseline 0.008 -22"><span class='ocrx_word' id='word_1_190' title='bbox 190 4221 235 4294; x_wconf 96' lang='lat' dir='ltr'><strong>de</strong></span> <span class='ocrx_word' id='word_1_191' title='bbox 259 4227 386 4312; x_wconf 82' lang='lat' dir='ltr'><strong>anulis,</strong></span> <span class='ocrx_word' id='word_1_192' title='bbox 414 4228 459 4300; x_wconf 93' lang='lat' dir='ltr'><strong>de</strong></span> <span class='ocrx_word' id='word_1_193' title='bbox 483 4228 624 4314; x_wconf 87' lang='lat' dir='ltr'><strong>oaloeis,</strong></span> <span class='ocrx_word' id='word_1_194' title='bbox 659 4227 703 4300; x_wconf 93' lang='lat' dir='ltr'><strong>de</strong></span> <span class='ocrx_word' id='word_1_195' title='bbox 736 4227 944 4300; x_wconf 86' lang='lat' dir='ltr'><strong>calamistris</strong></span> <span class='ocrx_word' id='word_1_196' title='bbox 971 4227 1104 4300; x_wconf 86' lang='lat' dir='ltr'><strong>sileam.</strong></span> <span class='ocrx_word' id='word_1_197' title='bbox 1139 4229 1197 4301; x_wconf 92' lang='lat' dir='ltr'><strong>Sic</strong></span> <span class='ocrx_word' id='word_1_198' title='bbox 1225 4238 1282 4301; x_wconf 87' lang='lat' dir='ltr'><strong>est</strong></span> 
     </span>
     <span class='ocr_line' id='line_1_30' title="bbox 191 4349 1280 4447; baseline 0.011 -34"><span class='ocrx_word' id='word_1_199' title='bbox 191 4350 312 4436; x_wconf 93' lang='lat' dir='ltr'><strong>proeul</strong></span> <span class='ocrx_word' id='word_1_200' title='bbox 324 4349 453 4435; x_wconf 90' lang='lat' dir='ltr'><strong>dubio;</strong></span> <span class='ocrx_word' id='word_1_201' title='bbox 475 4352 527 4425; x_wconf 86' lang='lat' dir='ltr'><strong>sio</strong></span> <span class='ocrx_word' id='word_1_202' title='bbox 546 4350 613 4424; x_wconf 89' lang='lat' dir='ltr'><strong>erit</strong></span> <span class='ocrx_word' id='word_1_203' title='bbox 633 4355 793 4447; x_wconf 87' lang='lat' dir='ltr'><strong>semper:</strong></span> <span class='ocrx_word' id='word_1_204' title='bbox 813 4351 1031 4425; x_wconf 84' lang='lat' dir='ltr'><strong>curabuntur</strong></span> <span class='ocrx_word' id='word_1_205' title='bbox 1048 4372 1280 4447; x_wconf 87' lang='lat' dir='ltr'><strong>supervacua,</strong></span> 
     </span>
     <span class='ocr_line' id='line_1_31' title="bbox 190 4477 1281 4569; baseline 0.016 -34"><span class='ocrx_word' id='word_1_206' title='bbox 190 4483 332 4563; x_wconf 90' lang='lat' dir='ltr'><strong>semper</strong></span> <span class='ocrx_word' id='word_1_207' title='bbox 356 4477 557 4549; x_wconf 82' lang='lat' dir='ltr'><strong>necessaria</strong></span> <span class='ocrx_word' id='word_1_208' title='bbox 582 4477 813 4569; x_wconf 81' lang='lat' dir='ltr'><strong>negligenter.</strong></span> <span class='ocrx_word' id='word_1_209' title='bbox 836 4478 875 4548; x_wconf 89' lang='lat' dir='ltr'><strong>ln</strong></span> <span class='ocrx_word' id='word_1_210' title='bbox 898 4477 1023 4550; x_wconf 85' lang='lat' dir='ltr'><strong>litteris</strong></span> <span class='ocrx_word' id='word_1_211' title='bbox 1053 4487 1168 4551; x_wconf 91' lang='lat' dir='ltr'><strong>tamen</strong></span> <span class='ocrx_word' id='word_1_212' title='bbox 1194 4480 1281 4567; x_wconf 89' lang='lat' dir='ltr'><strong>tuis,</strong></span> 
     </span>
    </p>
   </div>
   <div class='ocr_carea' id='block_1_7' title="bbox 0 0 1354 5024">
    <p class='ocr_par' dir='ltr' id='par_1_7' title="bbox 0 0 1354 5024">
     <span class='ocr_line' id='line_1_32' title="bbox 0 0 1354 5024; baseline 0 0"><span class='ocrx_word' id='word_1_213' title='bbox 0 0 1354 5024; x_wconf 95' lang='lat' dir='ltr'><strong> </strong></span> 
     </span>
    </p>
   </div>
  </div>
 </body>
</html>
