2692 5024
357 687 450 737 aman
472 686 832 738 ruamus-amorosa
854 689 874 737 r.
1099 679 1155 743 137

68 835 246 917 vicinitas3
284 831 316 903 si
342 830 582 903 adorientem
609 830 675 903 sita
699 843 810 917 esset,
837 833 925 904 sorte
950 855 1019 905 non
1044 837 1157 928 magis

69 958 204 1054 Thylen
237 976 342 1047 quam
382 951 609 1049 Taprobanen
634 953 819 1026 curaturis.
853 955 939 1026 Cum
971 977 1058 1026 vero
1082 958 1158 1029 Bri·

68 1079 224 1152 tanniam
244 1085 280 1148 et
299 1075 512 1161 Hiberniam,
531 1085 746 1169 cunctasque
771 1077 924 1148 Orcadas
946 1078 980 1147 in
997 1077 1158 1152 occiden-

69 1202 129 1276 tali
149 1202 288 1272 Oceano
308 1197 355 1269 ad
374 1198 583 1291 aquilonem,
611 1199 716 1292 inque
734 1197 859 1270 eodem
879 1201 1087 1274 Fortunatas
1104 1203 1158 1274 in-

70 1327 168 1399 sulas
193 1323 239 1395 ad
263 1320 448 1407 Austrum,
479 1321 605 1415 partim
632 1343 714 1405 usu,
741 1322 868 1416 partim
894 1323 1038 1395 assiduo
1063 1348 1157 1398 com-

69 1449 259 1521 meantium
282 1444 490 1529 testimonio
514 1465 583 1517 non
604 1443 704 1515 aliter
720 1466 808 1539 pene
826 1467 933 1539 quam
954 1446 1065 1538 ipsam
1090 1449 1157 1519 lta·

70 1572 153 1643 liam
178 1580 239 1642 aut
263 1567 391 1641 Gallias
411 1587 655 1650 nosceremus3
676 1567 944 1662 circumspicere
968 1568 1157 1664 mirarique

70 1693 250 1787 coepimus,
259 1691 507 1786 aliquantoque
521 1689 759 1784 scrupulosius
773 1691 957 1783 inquirere,
968 1691 1079 1764 sicubi
1089 1701 1158 1765 un-

73 1814 129 1886 dis
143 1810 602 1904 emergeretcelebratabaec
614 1812 769 1883 omnium
783 1813 906 1885 litteris
920 1815 1042 1899 insula,
1051 1837 1157 1909 quam

71 1939 108 2009 in
127 1944 248 2008 nostro
269 1936 407 2007 Oceano
431 1943 467 2006 et
491 1934 713 2028 antiquorum
739 1935 866 2007 locavit
890 1938 1094 2022 auctoritas
1122 1950 1157 2010 at

70 2059 287 2131 nuncetiam
307 2057 523 2129 orientalium
543 2060 762 2152 populorum,
785 2080 826 2129 ac
846 2057 953 2130 totius
966 2057 1061 2129 orbis
1074 2079 1158 2129 con-

71 2181 188 2254 firmat
218 2182 344 2277 opinio.
379 2179 471 2264 Quid
502 2182 635 2251 multa?
659 2182 786 2253 Evenit
810 2180 905 2264 huic,
934 2181 1029 2274 quod
1061 2199 1156 2277 saepe

71 2305 176 2378 claris
193 2304 280 2378 viris
293 2302 432 2375 accidit:
455 2312 493 2374 ut
514 2303 641 2395 ubique
663 2301 745 2389 sint,
767 2326 873 2396 quam
894 2303 929 2374 in
949 2305 1072 2398 patria,
1096 2326 1158 2376 no

70 2430 188 2501 tiores.
209 2428 417 2499 Percontare
437 2426 624 2499 occidentis
646 2428 798 2498 accolas:
820 2426 948 2498 indocti
969 2425 1083 2521 ipsum
1105 2427 1158 2497 in-

71 2553 159 2624 sulae
190 2570 319 2623 nomeu
343 2550 516 2642 ignorant:
543 2550 701 2622 litteratis
724 2549 846 2643 utique
871 2551 1003 2621 clarum
1029 2571 1158 2621 nomen
1261 2640 1265 2644 ,

69 2674 194 2747 iusulae
211 2683 280 2756 cst,
302 2672 418 2743 insula
435 2693 520 2744 vero
541 2693 610 2743 non
627 2672 745 2745 minus
766 2658 896 2765 ignota,
913 2695 1020 2767 quam
1037 2675 1155 2765 vulgo.

71 2796 158 2868 Mihi
168 2795 309 2889 quidem
321 2795 367 2868 dc
379 2794 446 2866 hac
459 2816 588 2867 recum
598 2795 765 2869 Riccardo
777 2797 953 2890 quondam
964 2796 1157 2889 anglorum

73 2918 169 3009 regis
188 2917 409 3001 cancellario,
432 2937 549 2988 sermo
566 2938 636 2988 non
648 2918 789 2990 ociosus
809 2919 885 3005 suit,
907 2920 985 2989 viro
1002 2917 1157 2990 ardentis

73 3039 203 3131 ingenii
234 3059 298 3109 nec
329 3038 520 3111 litterarum
545 3039 671 3112 inscio:
697 3041 830 3133 etqui,
858 3049 897 3110 ut
921 3041 957 3109 in
981 3037 1159 3109 Britannia

73 3162 212 3255 genitus
231 3169 337 3255 atqua
356 3161 540 3246 educatus,
570 3159 837 3255 abditarumque
863 3183 979 3233 rerum
999 3160 1050 3251 ,ab
1074 3160 1159 3233 ado

71 3286 238 3357 lescantia
258 3304 366 3381 supra
386 3283 492 3357 fidem
509 3284 683 3368 curiosus,
703 3284 831 3356 talibus
848 3282 1045 3380 praescrtim
1061 3303 1158 3378 quae-

73 3408 256 3481 stiunculi's
281 3406 477 3480 enodandis
503 3407 706 3500 aptissimus
732 3406 1155 3496 videretur.1ueantem,

73 3551 136 3602 seu
168 3532 251 3624 quia
283 3529 334 3600 sic
364 3541 533 3622 speraret,
561 3551 625 3602 seu
650 3531 733 3625 quia
757 3514 909 3625 puderet=
928 3532 1158 3625 ignorantiam

72 3652 174 3725 satcri
195 3651 268 3747 (qui
282 3673 359 3725 mos
371 3653 475 3725 bodie
495 3655 683 3727 multorum
700 3665 770 3742 cst,
789 3657 849 3749 qiri
866 3679 935 3727 non
951 3654 1156 3743 intelligunt
1258 3716 1263 3725 .

74 3783 205 3868 quanta
224 3775 407 3846 modestia
427 3776 504 3847 laus
526 3776 571 3847 sit
587 3776 718 3849 bomini
739 3788 821 3849 nato
838 3799 903 3848 nec
919 3796 1026 3847 nossa
1042 3774 1158 3847 omnia

74 3875 219 3982 valenti,⁵
238 3897 392 3993 profiteri
413 3897 577 3990 ingenue,
593 3922 634 3972 sc
647 3899 783 3972 nescire
802 3898 897 3993 quod
914 3894 1074 3989 nesciat),
1095 3915 1158 3966 sau

72 4020 174 4102 forta,
202 4020 297 4113 quod
322 4042 393 4092 non
418 4021 590 4115 suspicor,
618 4023 701 4115 quia
725 4018 830 4092 huius
852 4018 938 4090 mibi
959 4017 1077 4096 arcani
1097 4038 1159 4088 no-

73 4143 184 4215 titiam
206 4142 394 4231 inviderct,
417 4144 610 4239 respondit,
631 4150 726 4214 certa
747 4163 785 4212 sa
806 4139 973 4212 dubietati
993 4158 1083 4209 meaa
1103 4159 1160 4211 sa·

72 4267 307 4351 tisfacturum,
331 4265 483 4338 sednon
503 4265 601 4358 prius
620 4285 728 4356 quam
748 4262 794 4335 ad
814 4261 922 4333 libros
948 4281 1043 4348 suco,
1072 4283 1160 4356 quo—

72 4413 151 4463 rum
172 4411 279 4461 nemo
298 4388 471 4482 copiosior
496 4387 573 4472 tuit,
601 4386 636 4456 in
662 4385 808 4478 patriam
835 4383 1050 4457 revertisset.
1076 4386 1162 4458 Erat
1252 4411 1258 4425 ¹

72 4513 165 4586 enim
185 4510 272 4585 dum
298 4511 334 4583 in
358 4510 545 4584 amicitiam
569 4507 648 4583 aius
671 4505 788 4595 incidi,
815 4504 1008 4581 tractandis
1028 4507 1160 4583 domini
