2692 5024
325 709 420 758 uruun
442 708 643 757 ocultus-
657 706 813 755 urrsroun
835 707 877 754 111.
1079 691 1133 752 tar

57 858 289 937 conserantur,
313 857 387 926 loca
408 854 523 925 omnia
546 856 642 926 loeus
661 855 731 938 ille,
752 851 950 936 melodice,
971 851 1139 922 hactenus

58 987 210 1071 superet.
231 979 295 1047 Est
314 977 427 1067 igitur,
450 977 585 1068 eritque
606 976 688 1047 dum
709 974 842 1057 vixero,
864 972 968 1043 sedes
986 974 1041 1042 illa
1057 972 1139 1042 mibi

57 1100 270 1192 gratissima,
291 1098 618 1170 commemoratione
641 1096 843 1169 iuvenilium
861 1117 1034 1176 curarum,
1056 1116 1141 1186 qna-

58 1246 135 1295 rum
158 1221 332 1316 usquead
358 1221 448 1292 banc
474 1230 613 1290 aetatem
642 1219 674 1288 in
701 1218 855 1310 reliquiis
889 1215 1038 1287 elaboro.
1072 1216 1141 1286 Ve-

58 1352 267 1426 rumtamen,
301 1342 366 1411 nisi
394 1341 652 1434 nosmetipsos
685 1340 851 1423 fallimus,
886 1339 952 1409 alia
977 1338 1138 1431 quaedam

58 1474 141 1537 sunt
154 1465 228 1534 viro
247 1462 440 1544 tractanda,
457 1484 560 1553 quam
575 1484 702 1555 puer03
720 1470 839 1552 elego
857 1461 952 1530 aliud
968 1460 1024 1529 illa
1038 1469 1140 1530 aetate

58 1607 127 1657 non
164 1585 333 1656 videram.
372 1582 541 1654 Obstabat
578 1591 694 1653 tamen
732 1590 825 1652 recto
862 1580 988 1652 iudicio
1025 1602 1141 1652 caecus
1188 1613 1191 1618 ·

57 1729 172 1787 amor3
200 1703 363 1775 obstabat
387 1704 502 1774 aetatis
525 1703 741 1774 imbecillitas
772 1714 1028 1797 paupertasque
1060 1724 1143 1773 con-

59 1829 145 1910 silii;
179 1826 342 1898 obstabat
367 1825 563 1897 reverentia
588 1826 688 1897 ducis
721 1825 843 1911 nostri,
876 1824 944 1897 sub
968 1848 1037 1917 quo
1062 1846 1143 1897 esse

59 1951 169 2046 pluris
186 1961 261 2021 erat
277 1970 381 2041 quam
397 1948 556 2031 libertas3
571 1947 642 2019 imo
656 1948 731 2019 siue
746 1970 815 2040 quo
830 1969 894 2018 uec
907 1946 1064 2031 libertas,
1080 1969 1143 2018 nec

59 2076 144 2146 vitae
166 2071 362 2144 iucunditas
384 2073 485 2163 plena
505 2081 588 2141 erat.
616 2070 714 2141 Nunc
739 2082 774 2142 et
799 2070 894 2139 illum
914 2079 950 2139 et
974 2069 1143 2164 quidquid

59 2198 160 2269 dulce
187 2205 366 2286 supererat
387 2197 457 2264 uno
478 2213 578 2285 paene
604 2192 786 2283 naufragio
807 2191 1010 2274 amisimus3
1032 2193 1144 2284 quod·

59 2337 129 2410 que
159 2315 234 2384 sine
261 2314 413 2407 suspirio
429 2314 495 2386 dici
515 2313 648 2406 nequit,
668 2313 905 2385 virentissima
922 2313 1002 2384 olim
1023 2315 1142 2385 laurus

61 2459 153 2521 mea,
176 2436 211 2506 vi
234 2436 422 2529 repentinae
444 2436 676 2528 tempestatis,
696 2437 851 2520 exaruit;
874 2457 955 2529 quae
973 2459 1042 2508 una
1058 2436 1143 2507 mihi

61 2584 129 2633 non
156 2559 315 2651 Sergiam
342 2559 460 2643 modo,
488 2559 552 2631 sed
582 2559 765 2630 Duentiam
792 2560 909 2631 Ticino
935 2563 1062 2639 lecerat
1087 2583 1145 2633 ca-

62 2685 204 2755 riorem:
230 2685 432 2775 velumque,
451 2703 521 2776 quo
538 2682 627 2754 oculi
649 2683 718 2753 mei
745 2683 966 2774 tegebantur,
988 2683 1144 2756 ablatum

61 2816 131 2890 est,
155 2817 193 2877 ut
213 2806 350 2877 videam
372 2804 455 2896 quid
475 2804 565 2875 inter
582 2805 713 2876 Vallem
733 2807 894 2877 Clausam
907 2807 1087 2892 Venusini,
1110 2816 1145 2877 et

62 2937 200 3024 apertas
231 2928 338 2998 ltaliae
366 2926 475 2996 valles
501 2928 675 3017 collesque
701 2927 951 3017 pulcherrimos
977 2937 1013 2998 et
1038 2928 1144 3000 urbes

62 3050 323 3122 amoenissimas
344 3070 384 3119 ac
410 3047 676 3120 florentissimas
701 3047 856 3133 intersit,
884 3049 1043 3142 interque
1069 3051 1146 3120 uni-

50 3179 141 3244 'cum
164 3171 298 3262 Sorgiae
318 3170 462 3240 lluvium
485 3191 526 3240 ac
547 3172 689 3255 iontem,
715 3182 751 3243 et
776 3181 825 3242 tot
850 3173 981 3244 lucidos
1008 3174 1142 3256 sontes,

65 3305 114 3366 tot
134 3316 225 3384 vaga
245 3293 401 3372 flumina,
425 3301 474 3363 tot
494 3293 651 3386 piscosos
673 3296 780 3376 lacus
802 3293 873 3365 duo
898 3296 1001 3386 longe
1025 3295 1146 3365 claris-

65 3416 153 3487 sima
166 3414 291 3499 maria,
310 3414 441 3487 ltaliam
461 3415 579 3487 curvis
596 3425 631 3486 et
650 3415 818 3508 speciosis
837 3415 1050 3487 anfractibus
1064 3417 1144 3486 binc

65 3535 146 3607 inde
159 3535 337 3615 vallantia;
354 3544 391 3605 ut
404 3535 556 3628 reliquas
571 3547 707 3607 naturae
721 3537 1028 3628 praestantissimas
1045 3536 1144 3606 dotes

65 3657 198 3740 sileam,
214 3667 318 3749 atque
339 3656 373 3725 in
395 3657 515 3749 primis
529 3657 667 3748 ingenia
687 3679 871 3750 moresque
892 3655 1085 3740 bominum,
1101 3656 1145 3728 de

64 3778 193 3870 quibus
214 3801 282 3850 non
302 3777 359 3847 bic
378 3778 514 3850 dicendi
536 3781 632 3850 locus
653 3791 718 3850 est.
741 3781 786 3848 Et
804 3788 919 3850 tamen
937 3779 1018 3850 vide
1036 3799 1147 3870 quan-

66 3909 138 3970 tum
165 3900 287 3995 primae
312 3900 561 3994 impressiones
586 3902 710 3972 animis
740 3901 906 3984 baereant,
933 3911 1146 3993 quantumve

65 4023 283 4094 consuetudo
303 4021 437 4112 longior
457 4021 568 4114 possit
594 4022 626 4092 in
654 4022 761 4093 rebus
787 4022 958 4093 omnibus.
980 4023 1022 4094 Ut
1037 4023 1144 4106 enim,

67 4145 166 4213 iuxta
187 4145 349 4236 perlectae
366 4145 476 4234 legem
494 4144 668 4228 amicitia,
687 4166 809 4216 omnes
828 4145 887 4214 tibi
912 4145 1060 4236 pectoris
1079 4143 1146 4212 mei

68 4264 195 4333 lluctus
216 4263 385 4353 aperiam,
409 4286 551 4334 sensum
573 4265 637 4335 bac
659 4266 693 4333 in
715 4276 811 4355 parto
833 4265 956 4337 rationi
977 4263 1147 4336 rebellan-

70 4398 136 4456 tem
159 4384 285 4468 sentio,
308 4394 357 4470 et,
378 4388 497 4470 fateor,
526 4389 649 4456 vallem
679 4385 769 4456 illam
797 4409 888 4456 nnnc
914 4388 969 4457 vel
996 4386 1148 4456 maxime

70 4507 257 4601 repudians
279 4510 439 4602 suspiro;
460 4531 584 4602 meque
605 4510 660 4579 vel
683 4507 828 4580 invitum
854 4510 969 4582 nescio
993 4508 1072 4602 quis
1098 4510 1148 4579 lo-
