2692 5024
197 674 237 737 58
525 680 574 739 li}
592 679 695 733 mus
714 676 938 731 mil-mus

196 831 358 930 pauperis
376 830 538 927 pulsasti:
557 830 653 904 unde
677 836 807 914 tamem
828 848 885 899 me
903 827 1139 911 antonianum
1155 827 1271 901 auimo

196 976 331 1039 vacuus
346 952 472 1027 abibis.
488 952 592 1039 Quod
602 950 650 1024 ab
660 951 729 1025 alic
739 948 946 1036 mendicavi,
959 947 998 1022 id
1007 946 1071 1020 tibi
1082 947 1193 1021 libens
1205 950 1271 1021 im-

196 1079 334 1173 pertiar.
344 1076 430 1153 Mihi
440 1074 590 1171 quiden,
602 1076 722 1162 fateor,
735 1073 780 1146 de
791 1070 859 1147 hac
870 1094 910 1145 ra
919 1092 991 1145 non
1002 1070 1153 1166 amplius
1164 1092 1271 1167 qnam

197 1201 337 1273 unicum
354 1199 537 1273 consilium
552 1208 616 1272 est.
630 1195 733 1283 Quod
748 1195 780 1267 si
790 1194 950 1269 fortassis
961 1192 1124 1267 inefficax
1133 1194 1272 1288 experi-

195 1333 312 1397 mento
326 1321 611 1418 deprehenderis,
633 1319 800 1394 Senecam
817 1317 992 1413 culpabiu3
1015 1326 1052 1390 at
1076 1317 1108 1389 si
1130 1316 1269 1405 efficax,

196 1448 273 1534 sihi,
286 1460 356 1519 non
366 1444 462 1531 mihi,
475 1443 623 1538 gratiam
641 1446 783 1517 ratores.
798 1440 953 1537 Deubuc
967 1434 1005 1513 iu
1015 1462 1273 1515 omnem-eron-

196 1579 271 1645 tum
288 1572 386 1643 illum
400 1590 471 1643 non
486 1567 626 1663 quidem
643 1569 771 1652 solum3
790 1588 873 1641 nam
891 1576 927 1639 et
945 1565 1014 1639 hoc
1030 1574 1111 1639 aute
1129 1564 1272 1641 flaccus

195 1695 345 1780 dixerat,
365 1702 401 1766 et
418 1691 530 1788 (quod
545 1691 631 1765 satis
642 1688 815 1786 auguror)
828 1701 909 1763 ante
920 1690 1080 1763 Flaccum
1093 1688 1164 1777 aiii,
1178 1690 1273 1785 quod

195 1816 375 1911 querendi
386 1836 479 1888 nunc
493 1813 604 1888 otium
620 1822 770 1899 nonest3
794 1812 856 1886 sed
868 1812 1127 1907 expressiorem
1139 1812 1272 1887 habeas

194 1940 300 2013 velim
317 1939 451 2015 consilii
469 1937 576 2011 huius
596 1946 783 2012 auctorem.
804 1936 912 2009 Cuius
932 1957 1070 2009 summa
1092 1946 1163 2009 est:
1188 1958 1271 2033 apes

195 2061 230 2132 in
250 2060 507 2135 inventionibus
525 2060 727 2148 imitandus,
744 2080 827 2154 quse
845 2057 949 2132 dores
973 2080 1044 2131 non
1067 2060 1192 2152 quales
1215 2080 1272 2133 ac·

195 2184 357 2277 ceperint,
375 2186 542 2272 referunt3
562 2185 626 2259 sed
640 2204 746 2277 ceras
767 2202 809 2257 ac
824 2184 928 2255 meda
950 2178 1096 2254 miritica
1119 2182 1270 2277 quadam

195 2304 424 2400 permixtione
440 2304 635 2379 conficiunt.
656 2305 742 2377 Eius
759 2312 876 2378 autam
894 2326 965 2376 non
984 2324 1128 2375 sensum
1152 2304 1268 2392 modo,

196 2428 260 2500 sed
283 2426 392 2500 verba
415 2427 612 2499 Macrobius
638 2427 674 2497 in
699 2425 940 2499 Saturnalibus
965 2426 1097 2519 posmt,
1122 2436 1165 2498 ut
1186 2427 1270 2499 mihi

195 2549 335 2642 quidem
355 2571 425 2621 uno
444 2549 635 2642 eodemque
654 2558 822 2641 tempore,
840 2547 936 2642 quod
956 2547 1103 2639 legendo
1115 2549 1271 2623 simulac

196 2670 378 2742 scribendo
401 2669 618 2764 probaverat,
640 2668 746 2742 rebus
771 2670 856 2765 ipsis
881 2669 1078 2763 improbare
1098 2669 1268 2744 videatur.

194 2793 270 2863 Nou
289 2792 380 2864 enim
400 2792 504 2865 dores
524 2793 618 2888 apud
634 2795 801 2864 Senecam
818 2795 924 2865 lectos
950 2793 985 2864 in
1009 2795 1109 2866 savos
1133 2802 1274 2901 vertere

195 2915 340 3002 studuit,
356 2917 419 2989 sed
431 2916 597 3009 integros,
611 2926 648 2988 et
658 2917 779 3012 quales
792 2914 828 2986 in
840 2915 961 2988 alienis
975 2915 1081 2989 ramis
1095 2916 1272 2991 invenerat

194 3040 344 3136 protulit.
365 3041 585 3134 Quamquam
604 3039 689 3134 quid
709 3037 860 3111 alienum
877 3061 943 3131 ego
959 3038 1089 3132 aliquid
1104 3040 1268 3121 dixerim,

195 3164 272 3237 ticet
288 3165 333 3236 ab
350 3165 426 3236 aliis
443 3163 670 3249 elaboratum,
685 3186 794 3257 quum
814 3161 955 3257 Epicuri
977 3164 1146 3236 sententia
1162 3164 1209 3235 sit
1226 3164 1271 3237 ab

195 3285 315 3355 eodem
348 3287 477 3356 Seneca
509 3288 632 3372 relata,
665 3285 837 3380 quidquid
861 3285 906 3358 ab
932 3287 1001 3358 ullo
1025 3284 1269 3360 benedictum

195 3414 249 3476 est
280 3426 349 3476 non
382 3406 531 3477 alienum
557 3429 651 3493 asse,
688 3409 750 3480 sed
775 3411 954 3480 nostrum?
977 3407 1053 3479 Non
1077 3419 1134 3482 est
1156 3410 1272 3505 itaque

195 3549 258 3599 cur
286 3525 485 3598 Macrobius
513 3530 706 3621 culpandus
733 3530 779 3601 sit
806 3531 902 3623 quod
926 3552 1089 3622 magnam
1115 3534 1270 3627 epistoiae

196 3650 299 3722 unius
316 3659 449 3743 partem
469 3648 504 3719 in
523 3652 692 3743 prooemio
708 3652 821 3746 operis
842 3652 934 3725 illius
953 3676 1023 3726 non
1036 3664 1106 3725 tam
1120 3664 1271 3732 transtu-

194 3774 246 3861 lit,
267 3794 374 3868 quam
391 3773 617 3866 transcripsit.
637 3774 676 3845 ld
694 3775 786 3847 enim
803 3785 838 3849 et
853 3775 938 3848 mihi
951 3777 1069 3848 forsan
1082 3777 1270 3868 interdum,

192 3906 229 3970 et
248 3896 363 3969 multis
384 3894 572 3967 maioribus
598 3896 731 3970 accidit.
758 3899 827 3971 Sed
850 3897 936 3969 iilud
960 3899 1105 3985 affirmo,
1132 3904 1270 3996 elegan-

194 4020 291 4093 tioris
309 4041 389 4092 esse
406 4019 557 4091 solertiae
573 4027 620 4102 ut,
640 4019 757 4115 apium
774 4020 976 4105 imitatores
995 4023 1124 4096 uostris
1138 4025 1270 4111 verbis,

194 4143 353 4233 quamvis
367 4143 512 4216 aliorum
526 4143 713 4230 hominum,
733 4144 919 4217 sententias
937 4146 1163 4238 proteramus.
1182 4151 1273 4222 itur-

194 4279 266 4344 sus‚
284 4284 347 4334 nec
363 4264 467 4338 huius
485 4266 602 4338 stilum
620 4277 680 4337 aut
695 4266 799 4353 illius,
819 4266 882 4340 sed
897 4288 1006 4339 unum
1019 4279 1177 4342 nostrum
1192 4294 1273 4346 con-

194 4378 312 4450 flatum
343 4405 391 4454 ex
422 4388 581 4481 pluribus
617 4387 820 4462 habeamus.
853 4388 1001 4461 Felicius
1033 4390 1175 4486 quidam
1201 4419 1273 4470 uon

194 4499 310 4594 apium
330 4523 427 4577 more
445 4509 578 4597 passim
598 4529 724 4601 sparsa
748 4511 921 4602 colligere,
949 4512 1012 4585 sed
1036 4517 1273 4605 quorumdam
