2692 5024
416 705 509 753 elenu
529 704 861 756 nulllus-urerent
883 709 912 756 ι’.
1157 700 1196 759 {rii

128 877 192 940 cor,
210 853 467 948 quamprimum
484 853 610 946 cogita,
625 855 771 948 qualiter
785 866 819 925 te
836 856 918 926 mihi
934 857 1123 929 exundanti
1141 859 1197 930 illo

127 977 293 1051 defendas
310 977 457 1070 eloquio.
475 979 585 1062 Quam
603 1000 699 1063 vero,
718 978 802 1048 nihil
819 979 969 1050 adrem:
987 981 1090 1051 medo
1106 982 1199 1052 veri-

129 1100 284 1171 similiter
305 1099 390 1172 satis
407 1100 480 1171 erit.
500 1099 650 1171 Credere
675 1111 793 1192 parate
818 1101 911 1171 nulla
936 1099 1097 1171 inefficax
1122 1125 1200 1194 per-

131 1223 247 1296 suasio
262 1234 327 1295 est.
347 1223 487 1294 lnterim
503 1222 638 1296 facilius
655 1222 813 1309 inducar,
833 1234 871 1295 ut
887 1233 956 1295 tuae
973 1225 1085 1318 culpae
1102 1225 1200 1317 igno-

133 1366 240 1431 scam,
256 1367 361 1439 quam
378 1347 525 1418 iortuuae
541 1366 641 1417 mear.
659 1348 744 1419 Vale
759 1345 868 1419 nestri
885 1370 1026 1421 memor.

269 1483 412 1555 Lugduni,
426 1483 450 1537 V
463 1482 530 1539 Idus
543 1484 668 1555 Augusti.

542 1831 719 1897 llPlSTOLA
743 1833 787 1895 lll.

234 1995 427 2047 rnanerseus
445 1995 612 2045 rurenses
626 1995 741 2045 rnonn
754 1995 949 2045 nsssnnansr
967 1997 992 2044 s.
1013 1999 1041 2046 n.
1059 1999 1088 2046 n.

187 2139 344 2196 Deustatur
356 2137 562 2213 dialecticorum
576 2137 686 2190 inanem
700 2143 728 2190 et
741 2138 938 2192 sententiosum
952 2138 1141 2210 petulantiam.

232 2337 465 2408 Temerarium
483 2344 538 2407 est
554 2358 633 2406 eum
653 2357 695 2406 ee
713 2336 813 2406 hoste
829 2335 1027 2427 confligere,
1050 2337 1108 2429 qni
1134 2359 1202 2408 neu

135 2467 202 2531 tam
214 2457 392 2531 victoriam
406 2458 546 2552 appetit,
560 2481 664 2552 quam
677 2468 862 2529 certamen.
877 2457 1005 2530 Scribis
1019 2459 1204 2552 quemdam

133 2603 253 2653 senem
270 2580 485 2653 dialecticum
503 2580 623 2651 litteris
641 2581 728 2651 meis
746 2580 1053 2652 vehementissime
1070 2604 1206 2674 perme-

132 2716 220 2789 tum,
250 2702 352 2796 quasi
385 2701 567 2774 artificium
605 2726 706 2776 snum
735 2726 802 2796 ege
833 2704 1096 2777 damnaverim:
1127 2703 1206 2776 ideo

132 2828 244 2920 palam
260 2828 410 2896 fremere
430 2837 466 2897 et
481 2826 605 2898 minari
621 2829 728 2898 multa
745 2850 783 2898 se
799 2851 938 2921 quoque
955 2828 990 2898 in
1015 2827 1129 2900 studia
1145 2849 1207 2897 ne

133 2959 205 3021 stra
224 2947 298 3021 suis
319 2947 440 3018 litteris
461 2949 701 3021 invecturum:
721 2972 782 3020 eas
805 2959 838 3019 te
854 2950 985 3020 litteras
1006 2949 1122 3017 multis
1147 2969 1207 3016 ne-

133 3071 322 3165 quidquam
339 3071 518 3143 mensibus
538 3084 755 3165 expectasse.
776 3072 850 3141 Noli
867 3094 927 3141 eas
939 3079 1122 3162 expectare
1134 3091 1207 3140 am-

134 3195 240 3288 plius;
259 3193 363 3266 crede
382 3193 480 3277 mihi;
501 3216 680 3287 nunqnam
698 3193 849 3264 venient.
865 3193 936 3263 Hee
955 3193 1135 3264 modestiae
1153 3215 1207 3264 re-

132 3317 272 3401 mansit,
291 3316 367 3387 sive
381 3316 411 3386 is
426 3316 493 3387 stili
506 3315 629 3408 pudor,
649 3316 726 3389 sive
742 3316 947 3408 ignorantie
958 3317 1129 3389 confessio
1140 3327 1204 3388 est.

134 3438 531 3531 Lingua-implacabiles
563 3442 697 3512 calamo
728 3463 797 3512 non
829 3441 1048 3513 contendunt.
1081 3442 1208 3511 Nolunt

135 3583 297 3656 apparere
316 3584 421 3655 quam
441 3564 565 3636 frivola
590 3573 671 3635 sunt
690 3564 818 3658 quibus
843 3573 1035 3636 armantur:
1063 3561 1208 3652 ideoque

107 3706 111 3715 ·
134 3708 229 3759 more
247 3686 405 3757 Parthico
421 3687 604 3780 fugitivum
622 3710 750 3781 pugnae
768 3710 877 3779 genus
898 3694 1075 3766 exercent,
1095 3690 1131 3752 et
1145 3704 1209 3752 vo-

134 3809 238 3880 latilia
250 3806 359 3880 verba
372 3809 548 3895 iactantes,
562 3811 663 3903 quasi
675 3812 790 3883 ventis
804 3811 871 3880 tela
882 3806 1108 3880 committunt.
1122 3803 1207 3873 Cum

136 3932 199 4016 his,
216 3932 349 4018 uldini,
365 3953 430 4003 suo
443 3956 540 4004 more
551 3935 758 4007 contendere
772 3931 989 4004 temerarium
1002 3938 1068 4008 est;
1083 3926 1209 4018 quippe

135 4055 194 4147 qui
215 4078 386 4129 summam
400 4060 611 4149 voluptatem
623 4079 670 4127 ex
683 4053 901 4127 contentione
913 4048 1118 4144 percipiunt:
1132 4047 1208 4141 qui-

135 4176 202 4250 bus
222 4203 292 4251 non
312 4201 436 4250 verum
455 4177 611 4247 invenire
628 4173 841 4268 propositum
862 4182 930 4255 est,
953 4167 1017 4241 sed
1040 4169 1207 4240 altercari.

31 4366 37 4377 .
135 4299 238 4395 Atqui
259 4301 425 4373 Varronis
446 4295 667 4393 proverbium
687 4306 755 4367 est:
776 4293 925 4365 Nimium
938 4292 1134 4365 altercando
1149 4315 1210 4363 ve

136 4423 220 4495 ritas
237 4423 414 4495 amittitur.
431 4423 507 4494 Noli
524 4428 639 4491 autem
654 4416 826 4510 trepidare
838 4437 883 4487 ne
900 4415 935 4486 in
951 4426 1109 4509 apertum
1123 4413 1208 4486 scri-

136 4555 249 4635 pturae
269 4544 438 4637 solidique
457 4540 615 4636 colloquii
640 4561 800 4632 eampum
824 4537 1047 4614 descendant.
1066 4538 1108 4608 lli
1129 4545 1210 4608 sunt
