2692 5024
625 278 637 295 .
687 336 735 407 ..ι
867 324 899 359 μ

211 624 273 689 158
547 632 590 681 nn
608 630 709 679 nnus
731 626 954 679 runrunrnus

208 798 274 868 nec
292 776 340 849 sb
357 774 471 849 utonis
495 792 721 870 proavorum,
743 769 779 841 in
799 768 952 861 Europe
967 764 1098 840 linibus
1113 770 1293 865 apperuit,

209 910 272 975 eut
287 909 361 973 tom
380 900 472 972 lutus
491 896 612 990 gloriae
630 912 775 987 compns
794 889 943 965 fortibus
962 889 1051 963 viris
1066 889 1210 965 oblutus
1227 904 1294 967 est

209 1022 330 1097 Cuncti
349 1044 453 1117 reges
472 1043 515 1095 uc
533 1020 650 1117 populi
671 1015 835 1112 suspensi
860 1014 906 1089 ud
930 1022 1038 1089 tuntae
1062 1016 1295 1091 contentionis

207 1155 386 1233 eventum,
408 1142 582 1241 praecipue
600 1142 661 1237 qui
680 1140 727 1213 ub
744 1138 892 1234 Alpibus
912 1137 1022 1211 lteliae
1046 1136 1092 1211 ed
1116 1139 1293 1215 Oceanum

208 1269 370 1354 incolunt,
392 1288 482 1360 quos
502 1266 626 1359 ingens
647 1263 752 1337 vicini
769 1263 940 1335 tumultus
956 1261 1090 1334 excivit
1105 1263 1242 1357 fragor,
1259 1260 1294 1335 in

208 1388 315 1461 armis
340 1396 432 1460 sunt.
465 1388 517 1459 l'u
543 1388 654 1470 solus,
683 1393 779 1457 tento
804 1383 872 1457 snb
895 1381 1034 1456 turbine
1065 1381 1215 1457 dormis.
1248 1386 1294 1459 'le

113 1560 117 1565 -
207 1511 349 1605 quidem
370 1509 559 1603 virgiliana
577 1509 705 1605 premit
722 1506 926 1604 increpatio,
950 1516 987 1578 et
1011 1504 1075 1579 tibi
1097 1509 1191 1581 coelo
1209 1506 1293 1581 mis·

209 1654 272 1705 sus
287 1630 431 1705 nuntius
447 1632 637 1705 exclamat:

526 1822 615 1887 Potes
631 1820 690 1884 boc
704 1819 763 1883 sub
778 1835 852 1885 casu
868 1819 981 1885 ducere
997 1820 1148 1885 wmnost

367 1918 429 1983 llec
444 1935 515 1999 qno
530 1917 729 1983 circumstent
745 1921 776 1979 te
793 1914 901 1981 deinde
916 1913 1051 1997 pericula
1067 1916 1194 1981 cernis?

209 2116 363 2189 Profecto
379 2114 411 2188 si
423 2114 509 2187 nibil
524 2111 619 2187 eliud
633 2134 741 2209 quum
758 2111 870 2206 pudor
885 2109 1117 2207 obstreperet,
1134 2110 1292 2187 dcbebss

207 2238 357 2311 celerius
377 2237 586 2334 expergisci.
606 2237 684 2323 Quo
703 2234 798 2308 enim
818 2236 945 2321 tronto,
970 2254 1042 2329 qno
1065 2234 1199 2324 animo,
1223 2258 1293 2311 cse-

207 2362 293 2435 teris
313 2361 358 2436 ud
379 2361 543 2433 aestivum
564 2360 669 2431 solem
692 2357 760 2430 sub
782 2359 883 2450 galee
902 2366 939 2430 et
957 2356 1108 2431 umbone
1133 2357 1292 2453 degenti-

208 2484 287 2567 bus,
317 2495 354 2556 tu
378 2483 497 2576 procul
521 2482 568 2554 ab
592 2479 730 2571 agmine
756 2479 925 2566 virorum,
959 2482 1196 2576 loemincnque
1225 2482 1290 2555 cir-

207 2606 437 2698 cumstipatus
462 2603 549 2689 acie,
583 2602 786 2696 conquisitis
819 2614 942 2698 pastus
974 2602 1099 2697 epulis,
1130 2614 1166 2676 et
1199 2607 1290 2678 molli

207 2737 307 2800 veste
326 2735 522 2809 contextus,
545 2723 669 2796 umbre
692 2735 809 2820 torpes
834 2736 871 2797 et
895 2725 985 2811 ocio,
1012 2724 1116 2798 homo
1135 2728 1221 2801 olim
1242 2730 1292 2825 (ut

205 2847 383 2947 putabam)
410 2846 537 2920 avidus
563 2845 704 2918 honoris
729 2858 765 2941 pt
789 2849 923 2941 glorie
958 2846 1064 2919 homo
1096 2858 1226 2941 potens
1256 2861 1291 2925 et

206 2973 346 3058 nobilis,
368 2971 471 3043 homo
492 2969 629 3041 iuvenis
649 2978 686 3042 et
704 2970 895 3042 robustus?
911 2969 1010 3057 Quid,
1028 2992 1100 3056 oro,
1124 2981 1161 3044 te
1180 2972 1291 3070 impe-

206 3098 279 3170 dit‘l
299 3095 487 3169 Munditias
507 3116 620 3179 umes,
644 3094 773 3186 refugis
793 3094 956 3166 laborcs‘l
980 3094 1050 3167 Sed
1070 3095 1154 3167 audi
1173 3097 1291 3171 fortis-

207 3221 284 3291 simi
305 3220 371 3291 viri
391 3219 539 3290 verbum
560 3239 581 3288 a
602 3218 767 3290 Sallustio
787 3221 948 3290 relatum:
971 3217 1153 3290 munditias
1173 3224 1290 3295 τηυὶἑο-

203 3344 309 3424 ribos,
336 3343 480 3411 laborem
503 3341 586 3412 viris
611 3344 798 3412 convenire.
825 3342 923 3414 Sititn
948 3342 1094 3430 metuis,
1122 3354 1160 3416 et
1184 3348 1290 3421 celles

205 3484 386 3546 arenosos
411 3472 447 3534 et
471 3475 650 3559 serpentes
676 3463 743 3536 sub
768 3468 865 3537 leone
889 3463 1083 3538 terribiles?
1107 3468 1179 3541 Sed
1205 3472 1290 3543 elte-

206 3589 292 3673 rius,
315 3586 384 3660 etsi
403 3586 517 3659 minus
539 3586 709 3672 bellicosi,
732 3608 801 3658 non
821 3586 937 3661 minus
954 3589 1052 3661 fortis
1070 3589 1139 3661 viri
1156 3590 1287 3667 dictum

207 3735 349 3807 ampo·
644 3807 788 3887 Serpens,
806 3808 886 3883 sitis,
903 3809 1010 3885 ardor,
1029 3824 1148 3885 arene,

362 3907 465 3972 Dulcia
483 3909 609 3973 virtuti:
626 3908 736 3987 gaudet
751 3908 895 3988 patientia
912 3909 1007 3974 duris.

205 4082 250 4155 At
281 4094 426 4157 mortem
460 4085 664 4179 gladiosque
688 4083 878 4156 formides?
904 4085 972 4158 Sed
996 4095 1033 4157 et
1056 4085 1114 4158 hic
1140 4089 1289 4201 verbunr

204 4206 288 4280 illud
304 4218 463 4282 occurrat
482 4206 623 4280 ulterius
645 4204 711 4277 viri
730 4206 843 4279 sortis:

685 4369 765 4435 llors
781 4372 888 4436 ultima
903 4390 992 4454 poena
1008 4382 1069 4451 est,

364 4473 424 4537 Nec
440 4470 603 4535 metuende
620 4471 706 4537 viris.
