2692 5024
408 647 500 695 urnnn
524 646 894 696 cernuus-ursacio
916 650 944 695 r.
1160 637 1218 697 435

138 800 204 860 tur.
218 791 340 872 Vides,
357 813 424 862 non
437 791 573 877 dnbit0,
589 791 717 883 quibus
742 806 773 863 te
791 794 897 864 armis
919 794 1119 883 aggredior,
1141 797 1218 888 qui-

137 911 203 983 bus
243 913 376 983 artibus
416 936 535 1005 urgeo,
576 923 613 985 ut
650 915 809 985 virilibus
850 916 989 986 monitis
1033 918 1218 992 blanditias

137 1035 325 1106 muliebres
359 1035 498 1108 miscee.
533 1036 654 1106 Omnia
679 1037 766 1107 facio
793 1048 831 1108 ut
855 1037 1085 1131 persuadeam
1112 1065 1216 1133 quam

136 1157 283 1230 fideliter
304 1160 379 1250 ipse
400 1159 482 1228 mibi
511 1182 589 1229 sum
617 1161 730 1245 testis,
760 1184 865 1252 quam
890 1161 1075 1234 efficaciter
1100 1164 1217 1235 exitus

136 1289 271 1368 arguet.
299 1278 398 1364 Quod
425 1279 457 1347 in
485 1303 540 1351 me
565 1292 640 1351 crat
665 1281 873 1373 praestitisse
899 1282 1032 1354 videor.
1058 1284 1217 1354 Poteram

135 1402 238 1484 sorte,
262 1400 292 1470 si
313 1402 454 1484 vellem,
477 1402 544 1473 boe
564 1403 677 1494 ipsum
703 1406 876 1497 comptius
902 1405 1034 1498 eloqui,
1054 1405 1117 1477 sed
1136 1406 1219 1476 alle-

134 1535 212 1595 ctus
239 1524 444 1596 immodicus
467 1545 561 1616 saepe
587 1525 756 1597 facundiae
782 1527 896 1597 officit.
923 1527 1001 1596 Dixi
1028 1536 1217 1621 utcumque

134 1644 227 1739 quod
249 1645 283 1714 in
305 1646 420 1716 animo
439 1657 528 1729 erat,
555 1645 629 1717 dixi
655 1649 750 1738 quod
776 1648 1001 1739 intelligeres
1023 1659 1129 1742 atque
1151 1651 1218 1721 uti-

135 1791 213 1839 nam
233 1766 327 1859 quod
349 1766 527 1861 probares.
546 1768 630 1852 Noli,
650 1789 782 1860 quaeso,
802 1772 962 1862 qualiter,
983 1772 1046 1843 sed
1063 1773 1149 1865 quid
1165 1772 1217 1842 di-

134 1912 209 1962 eam
248 1891 434 1961 aestimare.
477 1892 601 1963 Melius
639 1892 789 1962 consulit
826 1891 1023 1964 balbutiens
1060 1895 1214 1980 amicus,

134 2033 240 2103 quam
260 2011 414 2084 disertus
432 2013 554 2084 bostis.
573 2013 698 2085 Nescio
720 2012 824 2084 finem
846 2013 1018 2098 invenire,
1036 2024 1072 2085 et
1090 2019 1215 2103 sentio,

136 2156 192 2204 me
213 2134 317 2205 animi
338 2137 452 2206 calore
471 2137 608 2227 longius
626 2157 730 2228 quam
749 2136 1006 2209 destinaveram
1025 2140 1217 2232 processis-

135 2279 184 2327 se.
208 2258 320 2328 Unum
342 2258 408 2328 boc
433 2256 635 2343 identidem,
663 2258 758 2349 quod
784 2258 859 2329 sine
885 2257 1025 2332 hortatu
1051 2283 1129 2334 meo
1155 2263 1215 2334 tibi

134 2380 169 2452 in
190 2381 305 2451 animo
324 2403 405 2453 esse
426 2383 609 2476 perpendi,
636 2382 808 2454 inculeare
832 2406 901 2456 non
927 2384 1098 2458 desinam.
1126 2387 1216 2459 Con-

135 2502 332 2589 veniamus,
353 2526 429 2588 ero,
449 2504 595 2597 impigre
615 2505 647 2573 in
668 2502 761 2577 buno
781 2507 893 2576 lecum
912 2528 1049 2592 omnes,
1070 2507 1216 2581 silocus

134 2626 190 2697 bie
225 2624 387 2697 omnibus
422 2629 541 2721 placet.
575 2625 737 2726 Aliequin
771 2649 791 2698 e
824 2637 895 2699 toto
927 2628 1012 2700 orbe
1046 2639 1217 2703 terrarum

138 2748 285 2843 (nullum
308 2750 400 2819 enim
423 2749 542 2820 mundi
563 2751 669 2833 latus,
691 2751 820 2820 nullam
848 2750 1044 2824 barbariem
1073 2755 1215 2848 recuso)

132 2870 264 2962 eligite,
291 2871 351 2964 qui
377 2870 478 2941 vobis
512 2874 661 2962 placeat,
696 2872 820 2941 locum.
855 2872 931 2963 Ege
950 2873 1096 2946 allectus
1119 2895 1214 2946 meos

133 3016 242 3078 exuo,
256 3001 396 3065 vestros
410 2993 532 3065 induo:
553 2995 658 3066 modo
676 2995 780 3065 simul
797 3015 879 3066 esse
899 2995 1010 3081 liceat,
1030 2996 1120 3069 bene
1138 2998 1213 3068 erit.

133 3117 266 3208 Eligite·
280 3117 338 3187 ubi
359 3116 453 3210 qued
474 3127 582 3188 restat
602 3115 745 3212 pacifice
769 3117 946 3200 vivamus
974 3119 1032 3191 ubi
1058 3121 1214 3213 aequani-

133 3242 237 3311 miter
255 3242 454 3313 meriamur.
477 3241 526 3311 Tu
546 3241 682 3312 interim
704 3263 789 3313 eura
810 3264 854 3313 ne
881 3264 1005 3314 sanum
1030 3241 1213 3316 eonsilium

131 3373 332 3455 corrumpat
353 3385 459 3432 mora.
480 3363 576 3433 Vale.

274 3507 353 3562 Xllll
368 3507 429 3562 Kal.
446 3508 528 3562 lunii.

635 3635 712 3646 η-

549 3819 728 3886 altstete
749 3823 794 3885 Vl.

184 3986 379 4037 FlleGlSGUS
401 3986 570 4036 paratust
591 3985 837 4037 btnruouottrso
859 3985 1008 4037 annulum
1030 3987 1056 4037 S.
1079 3987 1106 4035 Ρ.
1129 3987 1159 4036 D.

190 4131 271 4186 Mittit
287 4148 384 4187 versus
398 4130 533 4203 quosdam
548 4131 678 4204 operibus
693 4131 785 4187 Sancti
800 4131 947 4202 Augustini
962 4101 1159 4187 subiiciendos,
1247 4120 1253 4127 ’

232 4337 333 4420 Quod
354 4337 603 4432 professionem
626 4348 719 4408 tuam
740 4338 871 4419 decuit,
889 4358 936 4407 ex
953 4336 1139 4429 Augustini
1160 4336 1215 4406 di·

128 4462 193 4532 ctis
220 4463 383 4533 volumen
409 4461 535 4550 ingens
562 4481 622 4551 per
654 4458 828 4553 alphabeti
865 4459 997 4531 litteras
1031 4458 1211 4549 collegisti.
