2692 5024
400 663 493 711 blnda
512 662 665 720 Quantus.
677 660 881 727 -aalsaotn
902 661 932 709 ll.
1024 725 1027 731 ⁸
1146 649 1206 713 205

130 825 210 896 gem
231 801 310 875 diei.
331 799 490 877 Rariores
512 816 594 876 sunt
612 825 730 896 regeS,
750 827 854 897 quarn
873 808 999 896 vulgus
1016 808 1204 879 existimat.

129 927 205 998 Non
224 937 280 999 est
299 926 420 999 titulus
438 927 505 999 iste
524 926 696 1020 vulgaris3
723 928 837 999 minus
863 950 1079 1019 gemmarum
1101 940 1207 1023 atque

128 1049 244 1121 eboris
263 1060 398 1142 soeptra
414 1060 671 1135 consumerent,
691 1050 721 1121 si
739 1049 803 1121 soli
825 1072 927 1141 rogos
945 1050 1003 1122 illa
1019 1060 1204 1145 portarent.

129 1173 211 1244 Veri
232 1193 334 1264 reges
352 1172 442 1244 intra
462 1195 500 1244 se
520 1182 648 1265 gerunt
665 1172 760 1267 quod
780 1196 842 1244 eos
864 1173 1082 1246 venerabiles
1103 1177 1205 1259 lacit;

131 1294 275 1368 semotis
307 1294 388 1366 licet
416 1295 620 1367 satellitibus
641 1304 677 1367 et
696 1295 841 1369 abiectis
862 1296 1079 1388 insignibus,
1103 1320 1205 1391 rogos

119 1428 224 1519 sunt.
246 1418 397 1491 Caeteros
418 1421 532 1491 cultus
553 1420 707 1491 exterior
723 1422 804 1493 lacit
820 1419 1014 1493 horribiles.
1033 1420 1208 1493 llobertus

129 1565 215 1615 vere
231 1541 394 1636 inclytus,
413 1553 450 1613 et
466 1564 549 1614 vore
570 1553 719 1627 rerest3
737 1545 919 1637 quiquam
938 1543 983 1616 sit
999 1543 1208 1638 imperiosus

129 1663 166 1736 in
186 1685 227 1735 se
246 1663 375 1758 ipsum,
394 1667 553 1758 exempla
569 1664 735 1736 inauditae
754 1665 928 1759 patientiae
948 1675 985 1738 et
1003 1665 1209 1739 moderatio-

106 1787 185 1875 ,nis
207 1771 370 1871 indioant,
392 1786 585 1879 dequibus
606 1790 694 1859 alter
714 1789 800 1859 lorto
820 1787 958 1859 dicendi
977 1790 1074 1860 loous'
1094 1788 1207 1860 luerit.

130 1912 242 1997 Quam
263 1932 348 1981 vero
369 1913 436 1982 late
457 1923 581 2002 regnet
604 1912 639 1983 in
672 1912 770 1996 alioS,
793 1911 1018 1983 dissonantes
1039 1912 1155 2004 lingua
1174 1923 1211 1984 et

130 2033 287 2106 moribus
307 2033 431 2127 populi,
451 2043 487 2105 et
502 2034 762 2106 disiunctissimi
786 2034 965 2125 regionum
983 2033 1071 2105 fines
1091 2045 1210 2105 osteo-

130 2157 228 2229 dunt.
248 2158 377 2228 Sonooa
395 2167 477 2228 tuus
495 2158 528 2227 in
546 2157 697 2250 quadam
716 2157 899 2247 tragoedia,
919 2156 1005 2251 quid
1021 2179 1142 2250 regom
1159 2159 1176 2228 l
1193 2199 1211 2209 -

130 2279 200 2351 ciat
237 2288 274 2350 et
307 2279 392 2373 quid
435 2302 504 2352 non
536 2279 638 2352 laoiat
669 2280 810 2372 egregie
840 2281 1016 2372 recollegit
1045 2279 1100 2352 bis
1129 2301 1210 2352 ver·

132 2402 247 2474 sibus:

450 2526 563 2605 Regem
581 2541 641 2587 non
657 2525 773 2588 faciunt
792 2540 879 2604 opes,

450 2622 516 2684 Non
533 2623 626 2687 vestis
643 2621 744 2701 Tyrias
760 2622 858 2698 color,

450 2721 514 2784 Non
532 2721 640 2783 lrontis
659 2726 728 2783 nota
745 2721 851 2800 regiae,

453 2818 516 2881 Non
534 2834 610 2880 auro
626 2817 733 2880 nitidae
749 2818 849 2880 trabes
855 2840 863 2893 ;

449 2919 512 2980 Rex
530 2923 575 2981 est
592 2917 646 2996 qui
663 2918 765 2996 posuit
781 2924 882 2979 metus

453 3013 488 3075 Et
504 3012 564 3076 diri
582 3013 659 3075 mala
675 3012 815 3093 pectoris.

135 3225 207 3296 Neo
227 3226 330 3317 longo
350 3233 441 3319 post:

452 3410 534 3474 Meos
550 3424 679 3488 reguum
695 3408 774 3472 bona
789 3409 920 3489 possidet
929 3431 937 3483 ;

455 3511 501 3574 Nil
518 3509 587 3573 ullis
603 3526 681 3590 opus
697 3515 743 3573 est
758 3510 861 3588 equis,

456 3608 501 3670 llil
518 3607 613 3671 armis
629 3615 659 3671 et
676 3606 823 3671 inertibus

457 3705 551 3782 Telis,
569 3723 637 3785 quae
654 3707 758 3785 procul
775 3705 885 3784 ingerit

454 3806 581 3868 Parthus
597 3822 669 3867 oum
686 3805 809 3869 simulat
824 3806 919 3883 lugas.

453 3904 590 3967 Admotis
607 3904 680 3967 nibil
697 3910 743 3968 est
761 3921 837 3983 opus

455 3999 550 4062 Urbes
567 4007 704 4064 sternere
721 3999 868 4064 machinis

454 4097 555 4175 Longo
572 4114 643 4160 seua
658 4099 835 4160 rotantibus.

455 4196 520 4257 Rex
537 4202 582 4256 est
599 4197 653 4273 qui
669 4196 778 4258 metuit
793 4191 877 4256 nillil¹

133 4386 216 4454 llaee
236 4380 303 4450 ille.
325 4377 379 4447 Ad
400 4378 492 4447 hunc
508 4375 624 4468 itaque
646 4395 765 4465 regern
785 4374 835 4469 (ut
849 4371 1012 4466 principio
1029 4374 1212 4446 conveniat

133 4503 227 4599 finis)
252 4512 397 4573 vocatus
417 4497 527 4571 ivisti:
547 4497 643 4591 quod
662 4505 702 4568 ut
722 4494 777 4570 illo
796 4495 944 4579 iuberet,
971 4504 1008 4569 et
1032 4506 1071 4569 ut
1095 4506 1132 4570 tu
1152 4519 1213 4591 pa-
