2692 5024
128 616 189 683 208
466 630 509 683 nn
528 630 632 683 ornus
651 630 874 681 rumimunt
1000 612 1004 619 '

128 772 317 847 verborum
337 773 407 847 sub
424 772 629 847 immortalis
647 771 776 847 onimae
799 774 999 869 futurusque
1019 778 1219 871 repentio-

127 895 184 969 uis
198 894 345 970 obtentu
360 918 497 991 aegrum
513 906 619 993 utque
634 896 807 971 lubentem
825 896 980 971 smmum
997 896 1159 987 erexisti,
1176 910 1216 973 nt

127 1018 257 1113 gaudio
276 1018 361 1092 mibi
380 1020 486 1093 luerit
509 1020 665 1114 genitum
689 1040 772 1092 esse
794 1022 987 1093 mortalem.
1008 1020 1100 1093 Nom
1125 1022 1214 1119 quid

127 1139 264 1215 beatius
283 1142 474 1237 excogitari
493 1152 609 1239 potest
623 1166 729 1239 quom
745 1154 893 1216 exutum
910 1152 1013 1218 veste
1027 1166 1211 1241 corporeo,

127 1273 164 1337 et
181 1264 226 1339 de
243 1266 472 1361 compedibus
492 1265 570 1339 istis
588 1266 807 1362 explicitum,
825 1266 872 1340 od
886 1266 981 1339 illum
1001 1266 1108 1354 diem,
1125 1292 1214 1344 exo-

127 1387 194 1462 ctis
209 1397 404 1483 temporum
424 1387 615 1477 curriculis,
632 1388 832 1485 pervenire,
850 1410 934 1484 qum
949 1410 1026 1479 nos,
1042 1390 1212 1489 absorpto

108 1520 254 1611 morte,
276 1511 568 1584 immortalitatem
588 1512 724 1596 indunt,
738 1532 906 1606 reponens
922 1511 1212 1589 indissolubiliter

126 1655 169 1708 uc
188 1635 381 1707 reformans
399 1644 537 1731 putrem
556 1646 593 1709 et
612 1656 788 1715 semesam
807 1634 911 1709 tineis
930 1644 1037 1731 utque
1052 1638 1211 1733 undiquc

127 1758 294 1831 fluentem
314 1758 466 1832 tunicum
485 1758 601 1831 cornis
620 1760 776 1831 nostrae‘l
794 1758 907 1844 Quam
928 1779 1027 1855 spem
1043 1758 1117 1832 etsi
1135 1760 1211 1855 phi-

126 1881 352 1976 losophorum
371 1880 552 1977 gentilium
572 1882 689 1954 nullus
704 1880 872 1975 attigerit,
893 1880 1140 1955 vetustissimo
1160 1892 1211 1957 tn-

127 2015 285 2081 meuest
301 2006 567 2081 immortalitatis
587 2006 717 2100 opinio,
743 2026 810 2079 nec
832 2004 963 2077 nostris
990 2004 1122 2093 solum,
1149 2004 1210 2081 sed

128 2129 196 2203 illis
212 2132 316 2205 etium
330 2130 486 2226 probato
499 2129 628 2225 quibus
645 2128 773 2201 Christi
788 2148 917 2202 nomen
934 2127 1133 2203 inauditum
1144 2141 1209 2205 est.

127 2255 261 2327 Praeter
271 2253 463 2346 Epicurum
474 2253 581 2337 euim,
595 2261 632 2324 et
640 2250 758 2325 nescio
770 2261 855 2344 quot
865 2272 914 2321 ex
926 2249 1209 2347 illoiutnmigre-

129 2401 182 2471 ge,
196 2379 422 2450 immortalem
437 2398 519 2449 esse
531 2375 682 2447 animam
697 2396 800 2445 nemo
812 2372 939 2467 estqui
951 2378 1130 2467 uegetlle
1140 2398 1209 2471 qun

128 2525 168 2573 re
182 2501 232 2596 (ut
242 2500 478 2596 Pherecydem
496 2499 646 2594 primum
660 2495 753 2589 apud
766 2496 886 2594 Syrios
903 2499 1089 2570 seutentiae
1105 2500 1209 2573 buius

129 2633 310 2704 auctorem,
324 2620 603 2715 discipulumque
615 2619 827 2717 Pherecydis
839 2621 1075 2717 Pythagoram
1086 2632 1210 2697 totam-

128 2767 195 2839 que
215 2744 464 2840 pytbegoreum
485 2741 663 2828 inmitium,
685 2752 721 2814 et
746 2743 923 2815 Socratem
941 2764 1137 2839 omnesque
1155 2766 1210 2819 so-

128 2868 273 2941 craticos
287 2864 504 2961 praeteream)
518 2865 711 2960 Platoipse,
725 2886 884 2937 summus
897 2865 961 2950 vir,
975 2867 1208 2941 clarissimum

128 2987 1208 3084 volumenediditquoUticensisCatomoriturus‚supremuillo

128 3125 227 3186 nocte
241 3137 313 3199 sua,
328 3136 391 3209 pro
403 3111 600 3186 consiliario
613 3132 700 3183 usus
715 3110 928 3206 perhibetur,
946 3123 985 3185 ut
996 3113 1042 3185 ad
1054 3125 1208 3189 coutem-

127 3245 224 3330 ptum
234 3236 316 3308 vitae
328 3235 637 3319 buiusauimosior,
646 3244 681 3306 et
693 3236 740 3307 ud
753 3256 907 3306 umorem
920 3236 1074 3308 decretae
1087 3238 1208 3312 mortis

127 3358 318 3430 accederet.
340 3360 452 3444 Quum
479 3357 686 3429 seutentiam
711 3367 833 3452 postea
858 3360 998 3431 Marcus
1024 3360 1148 3437 Cicero
1174 3374 1208 3438 et

129 3484 164 3554 in
195 3481 377 3551 Tusculano
406 3503 483 3564 suo,
506 3490 542 3551 et
562 3480 596 3551 iu
619 3480 766 3575 septimo
787 3480 986 3575 Rezpobticoe
1005 3482 1128 3559 divino
1149 3510 1207 3581 ge

128 3627 212 3678 uere
231 3602 397 3676 orationis
417 3603 579 3689 asseruit,
601 3626 735 3675 necnon
755 3613 791 3676 et
810 3604 844 3675 iu
865 3603 1005 3698 dialogo
1022 3607 1130 3696 Lucii,
1150 3609 1207 3705 qui

127 3729 172 3802 de
191 3728 340 3802 amicitia
359 3750 445 3799 vera
463 3736 529 3811 est,
547 3735 583 3797 et
602 3727 638 3797 iu
657 3750 699 3799 eo
719 3727 805 3799 libro
830 3729 890 3821 qui
917 3727 1000 3799 Cato
1024 3735 1133 3805 eicior
1157 3733 1208 3805 in-

129 3852 305 3936 scribitur,
340 3847 577 3922 defensionem
607 3849 787 3921 continens
822 3853 1025 3937 senectutis,
1061 3855 1208 3950 aliisque

129 3987 298 4068 praeterea
319 3985 387 4046 tem
409 3971 525 4043 multis
546 3972 580 4041 iu
598 3970 684 4042 locis
704 3971 830 4066 attigit,
853 3983 892 4045 ut
909 3976 1012 4048 valde
1029 3977 1116 4047 mibi
1133 3979 1208 4071 qui·

128 4097 209 4170 dem
242 4098 395 4169 solicitus
417 4096 587 4178 videatur,
607 4115 650 4165 ue
670 4116 774 4187 quem
792 4097 924 4170 veritas
944 4108 1014 4170 tam
1031 4109 1208 4194 compertu

130 4226 325 4311 pretereat.
345 4218 413 4289 Sed
433 4218 488 4288 cui
509 4217 594 4303 baec,
617 4215 793 4312 insipieus,
810 4220 1127 4312 loquor‘lProiecto
1140 4244 1207 4295 non

131 4339 234 4409 modo
254 4362 377 4431 regum
397 4339 508 4411 nostri
530 4340 708 4434 temporis,
732 4341 795 4413 sed
815 4342 1101 4438 pbilosophorum
1121 4345 1206 4438 regi.

131 4459 276 4553 ignosce
302 4472 433 4547 autem,
454 4484 594 4556 quaeso;
616 4464 667 4537 sic
687 4465 855 4538 hacteuus
872 4488 928 4537 me
947 4467 1087 4542 dicendi
1115 4470 1209 4543 calor
