2692 5024
531 604 797 655 PROLEGOHENON.
818 604 820 608 ⁴
1094 608 1179 661 xcvtt

331 743 416 816 pestis
429 740 533 814 ubique
544 741 610 799 fecit
622 757 716 797 amaro
734 743 930 813 conqueritur:
949 743 1064 801 nunciat
1081 744 1182 802 deinde

329 829 437 885 obitum
460 827 616 901 Paganini,
644 833 673 884 et
698 829 812 884 insidias
840 836 960 886 structas
986 832 1129 889 Mainardo
1155 839 1182 888 et

329 917 422 973 Lucre.

144 1008 187 1082 Ep.
223 1008 250 1064 8.
270 1007 460 1064 immundos
474 1010 639 1066 Stratoc-
649 1009 726 1076 Quia
740 1009 818 1063 milri
832 1008 866 1062 de
881 1010 937 1063 hoo
950 1008 1019 1063 cita.

295 1098 367 1170 Arp.
381 1098 473 1154 Vitam
487 1099 640 1155 humanam
654 1115 705 1172 per
718 1099 883 1171 multiplices
896 1099 1000 1171 figuras
1014 1100 1152 1158 describit.

570 1335 678 1399 LIBER
699 1338 746 1400 lll.

136 1553 182 1624 Ep.
220 1552 246 1605 t.
267 1552 425 1608 lianrnsno
440 1553 493 1608 Pro
506 1566 616 1611 ncumc
629 1553 783 1610 Gaarnusr.
795 1584 831 1598 -
842 1555 964 1612 Crebros
977 1557 1110 1611 incubus.

290 1643 362 1715 Arp.
383 1642 492 1698 Gaudet
514 1659 570 1697 non
592 1644 670 1715 prius
693 1643 728 1698 de
751 1643 866 1698 adversa
887 1661 972 1716 quarn
996 1644 1031 1698 dc
1052 1644 1179 1701 restituta

325 1733 385 1789 eius
406 1731 565 1788 ualetudine
586 1734 639 1789 sibi
661 1735 824 1791 nunciatum
844 1751 925 1790 esse:
950 1743 978 1791 et
996 1736 1178 1792 constantiam

328 1820 413 1874 animi
425 1820 456 1875 in
470 1819 592 1876 adversis
606 1821 713 1877 suadet.

111 1961 115 1970 ,
135 1908 180 1983 Ep.
219 1909 247 1964 2.
269 1909 499 1965 scenici-Te
512 1912 692 1982 compressis.

291 1997 363 2068 Arp.
383 1995 423 2050 De
437 1996 560 2068 plurium
574 1996 727 2053 amicorum
740 2014 856 2053 snorum
869 2003 958 2053 morte
977 1999 1174 2070 conqueritur:

323 2091 351 2139 et
364 2085 515 2154 Socratem,
526 2085 562 2140 de
575 2086 654 2141 cuius
663 2087 768 2157 origine
782 2092 809 2140 et
823 2087 948 2143 moribus
961 2087 1049 2143 multa
1059 2103 1178 2144 comme·

324 2177 415 2228 morat
419 2214 427 2244 ,
441 2175 470 2230 in
483 2173 594 2229 ltaliam
607 2176 730 2230 arcessit.
885 2240 889 2249 ⁸

135 2262 181 2336 Ep.
218 2262 246 2317 3.
267 2263 309 2317 An
322 2277 434 2320 amcos.
445 2294 482 2306 -
491 2264 637 2335 Reliquioe
650 2280 702 2319 coc
715 2264 873 2319 malcrum.

287 2353 360 2426 Arp.
380 2352 511 2425 Undique
530 2370 559 2406 se
577 2351 714 2406 illecebris
732 2353 954 2408 circumventum
973 2357 1001 2406 et
1020 2352 1050 2407 in
1070 2353 1177 2411 lubrico

324 2441 446 2513 positum
463 2442 649 2497 lamentatur:
669 2458 787 2514 eamque
805 2443 841 2499 ob
859 2459 971 2500 causam
993 2441 1113 2500 abeundi
1130 2460 1176 2499 ro-

323 2530 460 2586 luntatem
475 2531 572 2603 aperit.

132 2619 176 2693 Ep.
215 2619 243 2674 4.
263 2620 308 2675 An
321 2633 461 2675 rcuormr.
471 2650 509 2661 —
519 2620 611 2676 Verba
622 2621 700 2677 mitri
711 2639 790 2679 ncnc
803 2629 905 2680 metus.

283 2710 356 2782 Arq.
376 2709 417 2765 De
430 2709 573 2766 adulteriis
585 2712 763 2783 perversitate
775 2730 887 2769 morum
896 2711 1173 2783 increbrescentibus,

322 2816 444 2872 quorum
463 2800 585 2872 pericula
601 2801 704 2857 illustri
721 2804 847 2875 exemplo
861 2802 1050 2872 demonstrat,
1069 2807 1174 2858 monet-

320 2905 376 2961 que
390 2889 513 2945 amicum
526 2895 559 2944 ut
572 2896 675 2947 careat.

134 2977 177 3050 Ep.
215 2978 242 3033 5.
262 2977 394 3034 Uoonrrro
406 2991 445 3033 nn
458 2978 566 3035 Runnrs
580 2978 675 3036 Errsc.
690 2979 896 3036 pennense·
905 2979 970 3035 Etsi
982 2994 1070 3049 coepe.

286 3069 359 3141 Arp.
379 3068 474 3124 Multis
491 3069 630 3124 rationum
653 3069 801 3125 momentis
819 3069 951 3122 aduersus
974 3068 1112 3122 malorum
1131 3085 1174 3123 ca-

321 3156 441 3212 lumnias
456 3156 624 3229 Episcopum
639 3155 755 3210 suadem
774 3155 872 3210 nititur
889 3170 919 3209 se
938 3171 995 3210 non
1009 3155 1103 3210 animo
1117 3156 1173 3210 cui-

319 3263 404 3319 quam
417 3245 547 3315 nocendi,
558 3245 638 3318 eique
647 3244 813 3318 presertim,
823 3245 854 3300 in
863 3245 940 3300 curia
952 3244 1043 3301 adhuc
1053 3246 1170 3302 morari:

320 3336 395 3409 quod
408 3340 509 3409 prator
522 3351 603 3392 suam
616 3334 715 3391 accidit
727 3335 907 3391 uoluntatem.

130 3423 175 3498 Ep.
210 3425 239 3482 6.
260 3423 347 3481 cuca
359 3422 523 3479 Sacranorr
535 3424 731 3479 Pnacnurruc.
741 3453 778 3468 -
787 3424 929 3480 Iucundos
941 3424 1027 3479 mihi.

283 3514 357 3586 ΛΨ.
375 3511 459 3584 mm
472 3528 503 3567 se
516 3513 545 3566 in
559 3512 636 3567 curia
648 3528 742 3568 moras
759 3518 885 3568 nectere:
905 3529 1026 3586 eumque
1044 3519 1123 3585 rogat
1140 3520 1172 3569 ut

319 3600 426 3657 litteras
438 3599 595 3673 superiores
607 3597 698 3655 tradat
710 3598 854 3673 Episcopo.

130 3688 175 3764 Ep.
212 3691 239 3746 t.
259 3688 347 3748 Loco
359 3689 522 3746 Sacranorr
535 3689 729 3745 Pmomrruo.
739 3720 776 3733 -
786 3691 881 3756 Qoom
895 3704 933 3746 ec
947 3692 973 3742 te
987 3689 1066 3742 otim.

284 3779 357 3851 Arq.
376 3776 519 3832 Fabellam
531 3781 627 3832 narrat
640 3776 674 3832 dc
684 3777 857 3850 Suspicione,
868 3781 1000 3848 rogatque
1007 3781 1039 3830 ut
1048 3779 1170 3830 mentem

320 3864 448 3938 Episcopi
460 3865 627 3936 exploratae
640 3866 750 3920 reserat.

128 3951 173 4026 Ep.
210 3952 239 4009 8.
259 3951 383 4008 tomum
396 3965 557 4009 mmnsusr.
567 3982 603 3994 -
612 3953 677 4009 Etsi
690 3954 726 4008 ab
740 3951 943 4009 adolescentia.

284 4042 357 4116 Arp.
376 4040 487 4099 Gaudet
500 4042 552 4098 sibi
564 4044 727 4100 nunciatum
740 4041 775 4097 de
789 4059 821 4097 eo
834 4040 908 4113 quod
919 4039 989 4093 bene
1002 4038 1055 4108 sit,
1071 4038 1171 4111 dequo

319 4131 416 4204 viginti
429 4131 549 4204 amplius
560 4147 648 4188 annos
661 4131 732 4186 nihil
744 4130 902 4185 resciverat.

128 4219 174 4295 Ep.
210 4222 239 4277 9.
259 4222 440 4278 socnam-
449 4219 516 4276 Non
527 4237 593 4277 cum
607 4220 728 4275 amiects.

282 4312 356 4384 Arp.
381 4309 523 4365 Amicitias
546 4326 607 4366 csse
632 4306 892 4377 communicandos,
912 4321 1032 4379 quarum
1049 4307 1170 4381 pretium

321 4400 414 4470 ellert,
429 4400 498 4457 dum
511 4400 652 4456 Socratem
666 4397 750 4454 unius
762 4398 792 4454 in
805 4402 913 4471 partem
928 4402 1014 4452 vocat.

235 4509 253 4548 t.
1017 4508 1032 4554 il
