2692 5024
398 627 491 676 elusa
513 627 891 681 seminus—ammom
914 634 953 682 vr.
1155 624 1208 685 an

133 780 228 854 vota,
256 791 324 840 non
346 769 477 842 limitat.
500 774 636 846 Scimus
662 795 761 868 erge,
783 774 865 868 quia
885 781 1015 871 petenti
1040 779 1211 854 modicum

132 890 301 963 immensa
321 893 498 986 porrigere
519 898 652 990 speeies
673 907 729 970 est
749 899 910 991 negandi.
932 902 1027 972 Vale.

273 1058 326 1112 Vll
340 1058 402 1116 Kal.
418 1060 588 1118 Decembris,
606 1062 645 1116 Ex
660 1063 768 1118 itinere.

544 1413 723 1479 Epistola
745 1415 801 1479 Vll.

226 1581 421 1631 FRANCISCUS
439 1583 607 1634 natanael
629 1585 766 1637 alcotan
786 1587 959 1639 laonensi!
980 1591 1117 1643 'llllBUliO

467 1689 580 1740 POPULl
601 1691 723 1742 nonnul
745 1692 771 1741 S.
793 1695 821 1742 P.
843 1695 873 1743 b.

189 1831 269 1900 Quod
285 1837 381 1887 contra
395 1848 473 1904 spem
487 1831 624 1888 bonorum
639 1835 765 1888 omnium
780 1841 936 1908 susceptam
956 1838 1155 1910 rempublicam

397 1923 468 1983 male
483 1921 657 1978 administret
672 1925 793 1994 graviter
809 1925 946 2002 obiurgat.

227 2119 364 2194 Fecisti.
384 2121 505 2203 fateor,
525 2130 562 2189 ut
580 2138 676 2214 saepe
692 2141 755 2214 per
775 2122 840 2192 hoc
858 2131 994 2215 tempus
1013 2124 1098 2196 illud
1115 2127 1209 2222 apud

130 2247 329 2318 Ciceronem
364 2244 536 2336 loquentis
568 2243 719 2314 Africani
745 2244 874 2316 dictum
901 2247 1008 2319 multa
1037 2271 1115 2320 cum
1145 2272 1209 2321 vo-

129 2371 260 2463 luptate
280 2378 489 2460 repeterem:
520 2366 603 2454 (lois
624 2379 669 2436 est
689 2368 740 2436 bie
761 2370 819 2460 qui
840 2372 977 2463 complet
997 2394 1094 2441 aeres
1118 2396 1208 2442 oreos

130 2501 289 2561 tentasset
311 2501 376 2560 tom
396 2488 500 2560 dulcis
519 2491 638 2560 sottus?
658 2489 749 2573 Quid
769 2491 862 2562 enim
883 2491 918 2562 in
939 2504 1033 2566 tanta
1054 2495 1208 2569 claritate

130 2614 180 2685 tui
199 2613 360 2697 nominis,
386 2614 431 2686 ad
456 2623 525 2687 tam
547 2617 644 2688 laetos
670 2624 705 2687 et
731 2625 800 2686 tam
827 2615 967 2688 crebros
995 2640 1110 2691 rerum
1131 2632 1207 2693 tua-

130 2759 206 2809 rum
227 2736 374 2821 nuutios,
396 2738 658 2809 convenientius
682 2737 878 2810 diceretur?
898 2739 1006 2834 quue
1024 2764 1128 2835 quam
1147 2766 1208 2814 cu-

130 2858 206 2953 pide
238 2860 388 2943 lecerim,
424 2859 612 2953 inscriptus
647 2861 706 2931 tibi
739 2862 1021 2936 exhortationum
1052 2887 1203 2937 mearum

128 2984 214 3058 liber
239 2984 380 3067 indicat,
415 2983 562 3055 stimulis
591 2984 677 3055 meis
709 3005 750 3055 ac
782 2984 944 3056 laudibus
975 2986 1043 3055 tuis
1069 2989 1204 3078 plenus.
1300 3066 1303 3071 ¹

128 3111 217 3194 Noli,
252 3130 386 3203 quaeso,
414 3109 626 3180 committere
651 3118 688 3178 ut
712 3108 840 3192 dicam,
869 3111 947 3202 quis
978 3121 1033 3181 est
1065 3111 1121 3182 hie
1145 3113 1205 3204 qni

128 3237 288 3307 vulnerat
319 3254 422 3304 aures
461 3253 558 3303 meas
597 3241 713 3304 tantus
744 3242 780 3303 et
815 3242 883 3320 tam
918 3235 1027 3305 tristis
1060 3235 1206 3328 fragor?

128 3356 232 3439 Cave,
251 3355 411 3439 obsecro,
432 3353 725 3449 speciosissimam
746 3355 847 3427 lamae
868 3364 939 3428 tuae
958 3359 1105 3429 frontem
1126 3380 1207 3452 pro

128 3480 212 3573 priis
234 3477 393 3551 manibus
419 3478 624 3550 deformare.
652 3479 741 3550 Nulli
769 3479 819 3551 las
847 3478 1026 3551 hominum
1047 3491 1115 3564 est,
1137 3479 1205 3551 nisi

128 3600 189 3672 tibi
207 3603 274 3686 uni,
294 3624 410 3673 rerum
432 3613 568 3673 tuarum
586 3601 811 3674 fundamenta
830 3604 1092 3685 convellerem
1107 3611 1205 3694 potes

128 3733 286 3793 evertere
313 3723 373 3815 qui
397 3723 559 3795 lundasti.
585 3725 677 3795 Solet
699 3723 908 3797 architectus
941 3745 1021 3795 esse
1054 3724 1205 3817 optimus

127 3846 345 3939 propriorum
366 3867 509 3939 operum
531 3846 721 3918 demolitur.
742 3847 839 3919 Nosti
859 3847 987 3940 quibus
1009 3845 1204 3917 tramitibus

128 3968 173 4039 ad
194 3969 338 4058 gloriam
359 3967 568 4039 ascendisti:
593 3968 706 4040 versis
727 3981 817 4040 retro
838 3967 1011 4061 vestigiis,
1039 3967 1118 4038 inde
1143 3968 1205 4039 de-

130 4092 319 4176 scenditur,
347 4103 382 4163 et
409 4100 532 4161 natura
557 4091 687 4164 facilior
710 4101 765 4163 est
788 4091 991 4163 descensus.
1019 4090 1203 4162 Latissimc

128 4213 219 4283 enim
244 4223 349 4305 patet,
379 4236 494 4305 neque
520 4214 631 4283 solum
657 4212 749 4304 apud
781 4212 909 4282 inferos
943 4215 1056 4284 locum
1082 4211 1202 4296 babet,

127 4336 262 4431 quoda
290 4346 389 4430 poeta
409 4334 550 4408 dicitur:
573 4337 680 4424 fucitis
705 4334 875 4404 descensos
901 4333 1035 4405 Aeterni.
1057 4336 1203 4406 Tantum

128 4460 174 4530 ab
194 4461 328 4529 illorum
354 4461 539 4552 desperata
559 4440 698 4530 miseria
718 4459 903 4552 praesentis
931 4458 1012 4529 vitae
1035 4459 1203 4532 varietate
