2692 5024
411 715 504 765 niusa
526 714 915 767 secururs-arranem
935 717 976 767 rv.
1174 706 1229 770 tol

151 881 269 933 secum
287 878 326 930 se
348 859 439 928 ferre
470 855 649 948 gloriatum
679 855 744 928 sed
773 856 965 948 vulgariter
980 857 1136 964 intelligo
1162 870 1231 948 tua,

149 982 254 1054 etiam
269 1000 351 1073 quae
369 977 414 1050 de
433 980 582 1051 fortunae
602 976 763 1049 manibus
782 978 956 1071 accepisti.
973 981 1113 1053 Veteris
1138 983 1233 1055 enirn

150 1101 346 1197 patrimonii
372 1100 534 1173 dominus
555 1101 701 1193 perinde
720 1101 978 1201 locuples—exul
1004 1103 1164 1190 exoedis,
1192 1126 1234 1177 ao

151 1224 245 1297 domi
269 1225 388 1295 lucras
414 1222 520 1295 civis:
551 1245 592 1294 ae
620 1222 739 1296 nescio
755 1244 801 1295 an
830 1243 873 1294 eo
901 1225 989 1296 sorte
1012 1225 1230 1319 locupletior,

150 1347 261 1440 quod,
276 1345 496 1419 manentibus
516 1344 663 1430 divitiis,
686 1356 848 1439 sumptus
859 1356 916 1418 est
926 1347 1071 1440 parcior.
1092 1347 1234 1422 Accedit

150 1468 246 1564 quod
261 1467 373 1541 maior
388 1490 471 1561 pars
494 1467 673 1540 hominum
690 1488 760 1540 non
777 1467 874 1562 prius
896 1489 936 1541 se
957 1469 1085 1542 cadere
1111 1490 1231 1564 posse,

149 1614 255 1686 quam
271 1601 343 1663 tota
359 1589 561 1675 ceciderint,
581 1589 787 1682 suspicatur.
806 1589 859 1662 Tu
874 1613 962 1664 vero
974 1615 1044 1664 non
1057 1591 1231 1677 cecidisti,

152 1716 216 1789 sed
233 1715 407 1810 impulsus
424 1734 475 1785 es.
494 1713 634 1804 integer
650 1711 756 1805 igitur
772 1734 813 1786 ae
829 1724 945 1788 rectus
963 1717 1072 1790 sentis
1089 1717 1172 1804 iam,
1193 1726 1234 1789 ut

151 1837 311 1923 arbitror,
325 1846 450 1908 nutare
462 1838 647 1918 fortunam,
662 1846 698 1908 et
710 1858 815 1929 quam
828 1838 1010 1929 fragilibus
1028 1841 1233 1914 fundamen-

153 1959 197 2031 tis
213 1959 412 2044 inhaeseris,
432 1979 512 2030 cum
529 1956 590 2029 tibi
607 1980 756 2050 magnus
773 1957 962 2045 videbaris,
976 1960 1155 2053 intelligis:
1167 1984 1232 2035 nec

150 2080 313 2175 deinceps
326 2080 481 2166 dubitas,
499 2101 590 2166 eam,
604 2101 686 2174 quae
706 2080 854 2174 impulit,
876 2102 983 2175 posse
999 2093 1231 2178 prosternere.

150 2206 208 2290 lta,
217 2202 314 2299 quod
326 2201 516 2274 rarissimis
530 2201 706 2293 contingit,
717 2203 801 2272 exul
814 2203 916 2275 dives
928 2214 963 2275 et
974 2205 1108 2278 cautior
1119 2205 1231 2291 vadis,

152 2337 189 2397 ut
204 2325 303 2398 facile
318 2323 457 2399 duobus
477 2322 670 2416 grandibus
688 2322 789 2396 bonis
806 2326 936 2396 malum
955 2348 1076 2411 unum,
1096 2338 1132 2399 et
1147 2327 1233 2399 illud

151 2447 328 2540 exiguum,
346 2447 552 2530 consoleris3
572 2446 601 2517 si
618 2446 705 2540 qnid
718 2455 833 2519 tamen
854 2446 890 2518 in
906 2447 979 2519 vita
998 2446 1141 2533 bonnm,
1163 2447 1232 2520 nisi

151 2569 275 2655 virtus,
294 2570 501 2643 animalum
518 2567 657 2661 aliquid,
681 2569 749 2640 nisi
771 2568 908 2641 virtutis
928 2570 1137 2663 oppositum,
1163 2569 1232 2643 diei

150 2693 265 2766 debet.
288 2693 386 2766 Vade
402 2693 517 2786 itaque
535 2714 695 2776 seeurus;
717 2714 788 2765 non
807 2703 840 2765 te
860 2703 992 2788 repetet
1012 2694 1136 2787 patria,
1161 2714 1232 2765 non

150 2817 294 2889 revehet
308 2837 425 2889 casus.
451 2814 498 2887 At
517 2838 617 2902 vero,
636 2817 730 2910 quod
748 2828 925 2911 tantopere
944 2817 1072 2904 donee,
1087 2814 1232 2889 exilium

152 2948 187 3010 et
209 2938 369 3030 pertinax
385 2938 572 3012 illustrabit
587 2940 723 3012 iniuria.
742 2942 869 3013 lllultos
890 2963 1035 3033 magnos
1056 2941 1153 3013 viros
1173 2960 1232 3011 ea-

152 3060 287 3133 lamitas
312 3062 403 3146 lecit,
430 3063 557 3133 multos
587 3062 789 3134 declaravit:
819 3063 992 3133 nemiuem
1017 3083 1065 3132 ex
1089 3059 1232 3133 diverso

152 3182 319 3254 miserum
335 3183 414 3256 lecit
430 3184 641 3270 adversitas
664 3185 728 3255 sed
745 3183 889 3267 detexit,
917 3204 982 3253 nec
998 3182 1134 3253 latitare
1152 3179 1233 3254 diu-

151 3307 218 3379 tius
239 3327 346 3400 passa
364 3317 430 3379 est
452 3306 544 3390 Quid
567 3309 693 3401 pelles,
726 3305 829 3400 quasi
857 3325 1023 3396 magnum
1052 3303 1088 3375 in
1114 3313 1148 3375 te
1175 3302 1232 3375 ius

149 3429 276 3502 habeat
291 3431 452 3502 fortuna?
471 3430 547 3503 Non
568 3430 625 3501 illa
645 3440 764 3523 partes
785 3426 909 3500 iudicis
929 3427 1073 3514 obtinet,
1096 3426 1160 3500 sed
1179 3435 1233 3498 te-

150 3551 227 3636 stis;
239 3550 354 3646 qualis
368 3550 429 3637 sis,
439 3553 474 3623 in
488 3563 548 3625 tua
561 3562 731 3646 potestate
743 3559 813 3623 est:
826 3573 896 3624 non
909 3561 965 3623 est
976 3549 1012 3620 in
1024 3548 1116 3620 illius
1129 3547 1233 3641 quale

149 3674 194 3746 de
218 3685 253 3747 te
278 3674 516 3748 testimonium
540 3679 642 3762 ierat,
670 3674 733 3748 sed
753 3687 793 3748 ut
811 3678 900 3749 serat
920 3685 1068 3755 tantum;
1095 3668 1232 3742 mentiri

148 3817 217 3866 non
245 3806 371 3890 potest:
401 3798 495 3890 loqui
523 3808 649 3892 potest.
667 3798 754 3882 Quis
780 3808 907 3881 autem,
930 3793 998 3865 nisi
1027 3794 1140 3885 eulpae
1165 3788 1233 3860 sibi

149 3918 320 4004 conscius,
338 3928 463 3991 testem
481 3921 604 3993 metuit
623 3943 708 3993 vere
724 3920 970 4013 loquuturum?
986 3916 1063 3986 Non
1078 3921 1134 3984 est
1150 3931 1232 4005 quae

151 4049 185 4110 te
200 4039 246 4112 ad
261 4039 436 4132 ignaviam
452 4055 567 4136 sagati
585 4054 641 4116 est
661 4064 742 4137 quae
764 4041 946 4132 digressus
971 4047 1049 4108 tuos
1071 4033 1230 4105 dinume-

149 4170 213 4249 ret,
232 4163 432 4257 patientiam
448 4176 622 4250 exerceat,
643 4163 811 4257 suspiciat
827 4170 887 4233 aut
899 4156 1068 4252 despiciat
1079 4154 1231 4250 pectoris

149 4286 198 4356 tui
224 4286 349 4369 robur;
375 4286 516 4359 demum
546 4287 672 4379 populo
697 4287 823 4355 referat
847 4279 1019 4374 quidquid
1047 4276 1230 4350 invenerit.

147 4406 253 4500 Erige
275 4407 445 4494 animum,
470 4408 606 4482 discute
628 4403 791 4477 tenebras
810 4425 968 4476 errorum
989 4399 1229 4498 popularium,

147 4546 217 4601 non
227 4537 371 4623 pateant
382 4549 489 4605 aures
503 4540 574 4605 tute
587 4525 869 4603 muliercularum
877 4524 1232 4616 vocibnsznunqnam
