2692 5024
192 636 232 699 36
529 647 572 699 ιιι
591 646 695 699 uenus
718 646 938 698 rnmmnmus

171 786 175 793 ¹
193 789 421 865 succubuisse
435 789 632 887 Scipionem
651 792 770 877 refert,
789 789 912 874 Maior,
931 791 1054 886 inquit,
1071 792 1179 883 olor-lo
1196 787 1271 863 Sci·

188 914 311 1009 puori,
324 924 356 985 ot
370 934 433 1007 quo
449 912 566 999 maior,
580 934 618 985 eo
631 915 770 1008 propior
785 910 940 985 toedio·
950 924 987 985 et
1002 913 1118 987 stetim
1133 924 1270 1008 postea:

192 1033 383 1122 Accedebat,
402 1034 526 1129 inquit,
553 1046 585 1107 ot
608 1033 721 1107 αἱιῗιιάι
743 1030 862 1130 διψῶ
881 1034 1056 1127 Africanus
1078 1037 1148 1107 mm
1166 1058 1273 1129 prope

192 1180 321 1231 ortuum
339 1156 501 1231 deotmunt
518 1156 668 1231 umidum
686 1159 724 1229 in
738 1160 846 1231 oculs
864 1160 1034 1230 lomim
1054 1161 1179 1248 sumet,
1199 1182 1273 1252 w

191 1284 377 1363 rcsmiouo
398 1279 557 1354 verendos
581 1302 719 1374 maome
741 1282 888 1355 homiues
912 1282 987 1375 ι’ριιι
1006 1283 1157 1353 rotomo
1177 1284 1271 1373 fucit.
1319 1362 1321 1366 ‚

192 1407 238 1481 lit
255 1407 332 1481 beo
350 1406 491 1501 quidem
511 1404 577 1478 ille.
596 1406 647 1476 Tu
665 1426 751 1477 vero
767 1404 825 1499 (ιιι
843 1404 913 1477 iem
929 1403 1034 1477 finem
1050 1406 1190 1503 fecium)
1203 1411 1274 1483 lor

193 1541 312 1603 tunam
326 1518 424 1603 luem
443 1539 539 1603 tento
557 1526 682 1600 comite
702 1527 872 1615 solabere,
889 1528 1160 1623 expeembisque
1178 1540 1275 1605 tmu-

193 1651 344 1747 quillius,
358 1672 493 1723 memor
504 1660 607 1723 vetus
624 1650 718 1743 apud
730 1651 888 1723 Flaccum
900 1648 1047 1722 verbum
1059 1672 1155 1723 esse:
1167 1654 1272 1746 qnod,

195 1771 347 1857 ulvius,
365 1771 417 1845 sic
432 1781 589 1865 poemate
604 1771 748 1844 meliore
763 1771 839 1843 dies
855 1770 979 1845 reddit.
996 1770 1099 1865 Apud
1113 1775 1273 1849 Plautum

196 1892 371 1989 aliquante
391 1892 582 1967 vetustius:
602 1892 659 1967 ille
676 1893 770 1967 enim
790 1892 852 1965 cit:

356 2092 416 2167 Qui
432 2099 562 2157 utuntur
578 2062 652 2157 vino
669 2099 775 2157 vetere
791 2093 940 2175 replentes
955 2100 1043 2185 puto,

355 2194 392 2258 lll
407 2194 463 2275 qui
478 2192 618 2258 lubenter
634 2199 754 2259 veteres
770 2194 935 2275 inspectent
950 2194 1073 2259 tabulas.
1150 2246 1161 2273 ,

202 2388 304 2474 Quod
320 2411 389 2461 non
406 2390 522 2461 minus
535 2388 603 2483 ipsi
616 2390 736 2460 Flacco
748 2387 850 2460 bilem
863 2389 1094 2461 commovisse
1106 2392 1272 2487 suspicor,

198 2533 302 2604 quom
319 2509 390 2595 tibi,
405 2519 534 2581 mntem
545 2530 626 2581 esse
637 2510 821 2581 vetustatis
834 2510 1076 2598 reverentiam,
1091 2522 1130 2583 ut
1144 2512 1274 2586 crimen

198 2634 302 2724 longo
315 2653 474 2703 sermone
486 2632 706 2725 purgandum
719 2632 786 2704 sibi
798 2608 1076 2706 luorioLu‘oitium
1089 2636 1276 2728 repreben-

199 2751 306 2823 disse.
320 2752 499 2823 Postremo
516 2762 628 2823 tecum
645 2752 769 2845 cogita.
787 2754 879 2839 Quid
893 2765 948 2827 est
964 2755 1030 2827 hoc
1044 2777 1107 2849 pro
1123 2768 1276 2850 quotum

121 2918 129 2933 ·
200 2872 343 2947 sollicite
358 2877 606 2968 torqueamur?
618 2876 753 2947 Ventus
769 2887 825 2949 est
840 2879 946 2963 lema,
960 2900 1065 2971 quem
1083 2878 1274 2971 sequimur3

198 2999 316 3070 tumus
334 3007 401 3085 est,
423 2997 547 3071 umbra
570 3008 637 3084 est,
659 2998 744 3070 nibil
768 3011 833 3072 est.
860 3001 978 3094 ltaque
1002 3000 1159 3072 facillime
1184 3011 1275 3073 recto

200 3133 302 3215 atque
322 3121 392 3194 ucri
412 3120 538 3194 iudicio
557 3121 730 3195 contemni
749 3132 872 3216 potest.
892 3123 994 3207 Quod
1014 3123 1044 3194 si
1066 3125 1154 3195 lorte
1174 3124 1277 3217 (quc

200 3244 293 3313 niam
317 3266 504 3334 generosos
531 3244 664 3318 unimus
690 3244 866 3318 familiaris
899 3246 976 3316 haec
1006 3245 1114 3338 pestis
1138 3243 1275 3338 insequi

202 3360 305 3455 solet)
331 3365 518 3455 appetitum
548 3367 641 3437 hunc
670 3367 844 3460 extirpare
872 3367 1036 3438 radicitus
1065 3388 1135 3439 non
1161 3376 1272 3460 potes,

201 3495 458 3556 excrescentem
479 3488 620 3559 rationis
639 3490 759 3560 saltem
776 3491 860 3561 lulce
875 3510 1064 3583 compesce.
1080 3489 1274 3562 Parendum

203 3605 362 3699 tempori,
387 3608 578 3701 parendum
603 3609 709 3681 rebus
733 3622 797 3682 est.
826 3610 981 3702 Denique
1011 3610 1065 3706 (ut
1097 3614 1275 3684 sententie

203 3747 291 3799 mcae
314 3748 487 3799 summam
509 3727 651 3800 brevius
675 3731 875 3826 expediam)
903 3733 1064 3806 virtutem
1089 3737 1162 3807 cole
1192 3734 1275 3807 dum

204 3848 314 3934 vivis3
335 3851 462 3921 famam
481 3849 636 3922 invenies
657 3851 693 3921 in
713 3854 879 3945 sepulcro.
901 3854 994 3925 Vale.

345 3987 483 4044 Bononiae.
501 3987 579 4044 XIIII
593 3987 655 4044 KoI.
670 3987 762 4043 Maias.
