2692 5024
356 716 450 766 nmnn
471 715 860 769 sncunnus.-nr1sr0m
886 721 951 770 ιιιι.
1139 710 1199 775 tau
1272 714 1275 719 '

112 882 276 948 severuS,
299 871 335 932 et
355 862 465 954 rigide
486 863 660 957 benignus
681 864 716 934 in
738 884 834 948 suna,
858 865 1033 937 Pieridum
1054 867 1200 941 familia-

112 985 288 1069 rissimus,
316 993 352 1056 et
376 986 620 1058 excellentium
645 985 864 1078 ingeniorum
890 987 1033 1059 mirator
1058 991 1200 1083 elegan-

112 1108 271 1180 tissimus
292 1130 333 1180 ac
353 1108 528 1191 landat0r;
549 1119 584 1180 et
606 1130 725 1181 secum
746 1132 816 1182 non
836 1111 1041 1197 adversum,
1070 1122 1108 1183 ut
1128 1111 1197 1196 ille,

112 1232 177 1304 sed
189 1230 401 1303 conveniens
415 1230 655 1303 moribussuis
664 1253 789 1303 nomen
804 1232 933 1318 sortita,
943 1231 1198 1324 Agnesconinx

112 1353 202 1439 eius,
224 1351 495 1447 praeclarissima
510 1362 696 1439 emortua,
716 1354 762 1426 de
778 1377 861 1447 qua,
880 1364 919 1426 ut
932 1356 976 1428 de
990 1356 1198 1448 Cartbagine

113 1475 299 1549 Sallustius
319 1477 380 1561 ait,
404 1475 506 1547 silere
527 1476 650 1547 melius
670 1487 768 1570 puto,
796 1499 902 1570 quam
923 1501 1046 1572 parum
1072 1478 1197 1551 dicere.

113 1599 202 1670 Sunt
216 1597 310 1669 enim
328 1598 501 1690 quaedam,
520 1618 601 1689 quae
618 1599 712 1670 nullo
729 1599 855 1670 melius
873 1599 988 1683 modo,
1001 1622 1108 1694 quam
1127 1609 1201 1672 stu-

113 1741 197 1816 pore
217 1729 253 1791 et
272 1720 417 1804 silentio,
439 1718 637 1790 laudantur.
655 1720 785 1792 Horum
807 1743 854 1792 ex
874 1742 1003 1812 genere
1026 1744 1124 1795 soror
1141 1731 1201 1796 tua

113 1851 179 1914 est.
200 1843 273 1914 Hoc
292 1861 436 1913 concors
456 1851 493 1913 et
512 1843 595 1914 mite
621 1865 684 1938 par
709 1843 911 1934 coniugum,
934 1867 1000 1916 ceu
1020 1866 1119 1917 rosas
1140 1854 1201 1917 aut

114 1962 197 2049 lilia,
221 1962 363 2035 totidem
383 1964 503 2035 notavi
523 1965 611 2036 inter
632 1966 768 2061 spineta
788 1986 830 2035 ac
851 1964 997 2037 tribulos
1022 1967 1198 2039 odiorum:
1292 1965 1301 1974 '

114 2085 240 2158 horum
257 2085 430 2158 suavitate
444 2093 633 2178 utcumque
647 2089 859 2181 reliquorum
874 2096 1087 2182 temperatur
1098 2109 1202 2183 aspe-

115 2209 211 2281 ritas.
232 2206 392 2279 Accessit
410 2207 553 2280 divinus
567 2216 602 2277 et
616 2209 803 2301 singularis
824 2209 888 2293 vir,
909 2208 1054 2281 lacobus
1071 2208 1116 2281 de
1134 2209 1201 2280 Co

115 2330 508 2415 lumna,Lomberiensis
521 2329 726 2425 Episcopus,
737 2352 925 2422 germanus
935 2331 1201 2423 tuus:adquem

114 2477 195 2528 cum
214 2454 387 2527 adventus
412 2453 481 2524 mei
507 2454 666 2525 nuntium
690 2454 942 2549 praemisissem
966 2476 1028 2547 per
1051 2454 1199 2538 litteraS,

114 2575 199 2671 quid
219 2598 276 2648 me
297 2597 403 2668 agere
429 2577 536 2647 vellet
555 2568 991 2670 interroganS,'qu0niam‚
1013 2575 1202 2649 obsidenti-

115 2697 183 2772 bus
203 2718 325 2771 omnes
345 2695 461 2767 aditus
481 2696 607 2768 domus
628 2708 700 2770 tuae
720 2699 895 2785 hostibus,
918 2721 988 2771 non
1009 2707 1083 2770 tuto
1103 2697 1202 2770 vide-

117 2821 182 2893 bar
201 2822 344 2894 Romam
358 2820 546 2914 petiturus;
559 2822 741 2917 rescripsit
760 2823 828 2908 ille,
851 2826 1113 2916 congratulatus
1138 2823 1202 2896 ad-

118 2941 254 3027 ventui,
272 2953 307 3014 et
326 2951 513 3038 expectare
534 2942 670 3015 iubens:
692 2945 884 3039 paucisque
905 2956 985 3038 post
1004 2945 1142 3027 diebus,
1157 2942 1204 3015 ad
1245 2958 1252 2969 '

119 3064 305 3159 septimum
335 3065 402 3136 kal.
434 3065 613 3138 Februarii
642 3067 752 3139 adluit
781 3089 860 3138 cum
892 3067 1067 3159 Stephano
1095 3068 1203 3137 lratre

117 3186 357 3283 primogenito,
378 3172 479 3260 cuius
499 3189 603 3259 etiam
624 3189 737 3260 virtus
758 3187 899 3273 eximia,
916 3208 1043 3279 magna
1060 3185 1201 3280 quidem

117 3311 262 3384 materia
283 3321 404 3382 vatum
422 3320 487 3383 est.
505 3311 624 3404 Neque
642 3310 789 3406 amplius
807 3331 912 3402 quam
928 3316 1069 3382 centum
1088 3331 1204 3382 arma·

117 3436 162 3507 tis
194 3433 371 3529 equitibus
405 3437 553 3528 stipatus
585 3443 746 3527 uterque,
773 3454 844 3504 non
871 3432 947 3504 sine
973 3420 1207 3526 spectantium

117 3558 263 3630 horrore
283 3556 507 3644 transiverat,
522 3580 602 3629 cum
615 3556 834 3649 quingentos,
853 3564 890 3627 et
900 3578 943 3628 eo
956 3557 1116 3652 amplius,
1137 3552 1205 3625 sub

117 3682 271 3753 hostium
290 3681 400 3772 signis
417 3703 496 3752 esse
514 3689 706 3752 constaret:
724 3679 788 3752 sed
801 3701 852 3763 ea,
867 3699 948 3770 quae
962 3697 1056 3769 saepe
1073 3674 1202 3744 bellum

117 3801 269 3887 conficit,
291 3805 382 3875 lama
402 3802 532 3876 ducum
553 3805 619 3875 iter
640 3813 823 3876 straverat.
845 3802 932 3872 Cum
953 3799 1008 3870 his
1026 3816 1093 3888 ego
1111 3817 1203 3867 nunc

120 3924 301 4015 generosis
322 3925 502 4019 spiritibus
536 3925 668 4012 habitu,
700 3937 792 3999 tanta
817 3921 1013 4006 dulcedine,
1042 3929 1081 3991 ut
1107 3941 1204 4014 saepe

119 4044 209 4133 alibi,
232 4070 336 4141 quam
351 4047 386 4120 in
402 4048 513 4134 terris,
528 4069 610 4121 esse
631 4050 770 4122 videar:
792 4068 855 4118 nec
876 4045 944 4115 iam
966 4044 1109 4113 Romam
1130 4062 1205 4112 ma-

117 4190 271 4263 gnopere
296 4173 485 4264 requiram.
512 4170 644 4243 lbimus
669 4181 796 4254 tamen,
824 4163 987 4261 quamvis
1012 4163 1127 4235 denno
1151 4163 1205 4236 di-

117 4300 242 4364 cantur
261 4294 466 4378 adversarii,
487 4292 638 4365 reditum
651 4292 687 4363 in
701 4290 829 4364 Urbem
847 4288 1045 4360 accuratius
1063 4285 1204 4360 obstru-

118 4415 228 4489 xisse.
251 4416 348 4488 Vale.

629 4567 702 4580 -
