2692 5024
190 616 249 674 390
527 622 567 668 DE
589 620 689 668 naeus
711 618 932 667 faulallffllws·

191 780 284 842 statu
304 769 437 858 fatigati
459 766 609 861 pectoris
628 775 663 835 et
685 763 816 837 sedatis
838 762 1010 835 imbribus
1038 766 1282 847 lacrimarum,

191 890 250 983 qui
273 889 331 960 ubi
351 887 596 959 vehementius
617 885 812 976 ingruerint
833 885 1059 958 serenitatem
1081 890 1211 960 mentis
1230 891 1282 960 of-

190 1016 341 1095 fuscant,
363 1020 398 1080 et
418 1018 644 1101 conspectum
665 1006 870 1102 praeripiunt
885 1006 1063 1103 veritatis,
1082 1009 1171 1100 quid
1187 1009 1281 1093 aliud

192 1136 361 1207 suadeam
382 1132 513 1224 quidve
533 1130 626 1202 aliud
649 1150 783 1220 rogem,
802 1129 871 1199 nisi
896 1128 1134 1203 insistendum
1150 1143 1280 1225 coepto,

191 1270 227 1328 et
252 1255 380 1326 invicto
406 1253 521 1324 animo
546 1253 695 1322 fortunae
722 1248 915 1321 minacibus
940 1249 1134 1323 insultibus
1159 1274 1283 1324 occur-

193 1376 364 1448 rendum?
377 1372 641 1464 Respiciendum
658 1370 773 1442 sobrie
786 1369 830 1441 ad
844 1381 978 1442 naturae
995 1382 1131 1444 uostrae
1148 1373 1280 1445 violen-

193 1510 246 1570 tas
266 1521 307 1568 ac
328 1495 498 1587 superbas
520 1497 631 1584 leges;
651 1492 736 1585 quid
757 1515 894 1576 sumus,
916 1491 976 1564 ubi
994 1515 1141 1578 sumus,
1159 1518 1279 1587 quam

192 1620 252 1690 diu
270 1619 328 1687 vel
346 1616 412 1686 boc
437 1615 567 1707 ipsum,
587 1616 644 1685 vel
662 1614 731 1694 bic,
758 1615 866 1685 futuri
883 1636 1021 1697 sumus;
1040 1617 1139 1689 uude
1165 1619 1276 1689 funem

194 1738 379 1818 solvimus,
401 1758 507 1829 quem
528 1736 679 1830 petimus
700 1745 854 1829 portum,
880 1757 971 1828 quos
998 1737 1089 1808 inter
1118 1741 1277 1832 scopulos

194 1859 415 1951 navigamus,
438 1870 606 1950 quantum
628 1858 734 1928 maris
753 1858 885 1929 emensi
908 1879 1047 1943 sumus,
1068 1863 1276 1951 quantulum

192 1983 366 2075 estquod
398 1992 520 2064 restat,
547 1992 715 2074 quantum
742 1978 809 2050 sub
835 1978 904 2050 bne
930 1980 1148 2072 periculum3
1176 2006 1274 2077 quam

195 2105 292 2176 multi
314 2125 376 2196 per
399 2103 567 2175 tumidum
588 2123 708 2194 aequor
734 2102 925 2173 incolumes
952 2102 985 2170 in
1012 2102 1179 2177 faucibus
1206 2129 1277 2200 por·

197 2240 253 2301 tus
273 2239 308 2298 et
328 2227 363 2296 in
380 2226 480 2297 litore
497 2224 694 2317 perierunt;
713 2233 1009 2316 postremoquam
1028 2246 1145 2315 grave
1161 2227 1276 2320 iugum

197 2372 303 2441 super
335 2347 425 2418 filios
446 2346 571 2429 Adam,
600 2369 667 2418 non
694 2355 733 2416 ut
760 2368 866 2438 super
889 2347 976 2415 colla
1002 2344 1109 2418 boum
1137 2351 1276 2421 alternis

196 2470 290 2541 horis
312 2493 352 2541 ac
372 2470 515 2552 (liebus,
545 2468 608 2539 sed
636 2488 780 2559 prorsus
807 2466 978 2538 omnibus.
1006 2467 1108 2539 Nulla
1136 2484 1197 2542 est
1221 2474 1277 2544 im·

197 2590 360 2670 munitas
388 2592 480 2658 nulla
506 2589 618 2680 quies,
647 2608 666 2655 a
692 2587 749 2656 die
782 2589 899 2657 exitus
931 2589 976 2659 de
1000 2603 1129 2661 ventre
1161 2594 1278 2665 matris

196 2731 330 2792 eorum,
359 2720 396 2779 ut
427 2710 590 2800 scripturn
617 2718 683 2791 est,
710 2730 820 2800 usque
848 2709 882 2778 in
909 2708 1000 2779 diem
1023 2713 1220 2803 sepulturae
1242 2738 1278 2786 ac

197 2829 329 2902 reditus
350 2832 384 2899 in
406 2839 551 2898 matrem
573 2829 738 2900 omnium.
762 2831 833 2901 Hoc
854 2852 916 2901 nos
934 2852 1056 2902 omnes
1076 2854 1149 2905 non
1169 2837 1278 2927 magis

196 2955 311 3043 gravi,
333 2973 437 3044 quam
464 2950 626 3021 continuo
653 2951 735 3042 iugo
760 2953 950 3043 premimur
975 2956 1161 3037 mortales;
1190 2959 1278 3050 quod

197 3099 265 3147 non
298 3096 426 3165 genua,
455 3093 523 3143 non
550 3074 675 3156 forma,
702 3095 769 3143 non
797 3072 943 3157 divitiae,
979 3095 1048 3145 non
1083 3076 1277 3168 ingenium,

196 3217 264 3264 non
284 3194 456 3278 facundia,
481 3217 547 3268 non
571 3195 666 3264 vires
687 3197 886 3277 excutiunt,
909 3218 976 3267 non
998 3219 1108 3282 arma,
1135 3223 1205 3272 non
1227 3225 1280 3273 sa-

197 3316 336 3397 tellites,
359 3336 427 3385 non
449 3317 561 3398 amici,
586 3338 653 3386 non
673 3316 822 3408 denique
844 3318 998 3407 legiones
1023 3329 1058 3388 et
1083 3321 1223 3394 classes
1248 3337 1280 3393 et

195 3436 385 3518 exercitus
408 3437 469 3508 sed
494 3437 667 3527 patientia,
690 3438 953 3528 longanimitas
981 3442 1188 3512 constantia.
1217 3445 1279 3514 Co-

196 3559 376 3647 gifardum
410 3557 495 3648 quid
531 3580 599 3626 non
633 3558 736 3628 liceat
761 3562 929 3630 fortunae:
957 3560 991 3628 in
1017 3582 1079 3630 eos
1105 3561 1187 3633 dico
1222 3565 1278 3656 qui

195 3680 326 3750 caduca
354 3689 390 3749 et
422 3677 558 3768 fugacia
583 3678 650 3748 ista
676 3680 865 3773 complexi,
902 3700 982 3750 sese
1013 3680 1104 3750 illius
1133 3682 1279 3777 imperio

196 3800 449 3871 submiserunt:
472 3798 624 3889 reliquos
645 3801 738 3869 enim
760 3801 894 3871 territat
913 3801 1069 3893 quidem,
1100 3817 1219 3895 urget,
1246 3819 1279 3877 et

197 3923 349 4005 vellicat,
373 3921 525 3992 sednon
548 3921 909 3993 sternitRevocanda
934 3923 1001 3993 sub
1026 3924 1137 3996 oculis
1164 3929 1279 3999 omnis

194 4044 263 4112 aevi
282 4045 461 4134 exempla3
483 4063 571 4133 quas
593 4065 656 4113 seu
678 4044 942 4135 praepotentium
964 4048 1172 4137 populorum
1193 4073 1279 4142 opes

194 4163 364 4246 effuderit,
389 4186 451 4235 seu
479 4164 768 4257 superillustrium
796 4187 919 4255 regum
946 4187 1054 4256 regna
1075 4170 1278 4255 calcaverit,

196 4306 257 4354 seu
278 4287 362 4376 quid
384 4308 532 4378 usquam
554 4286 598 4356 ab
618 4287 750 4377 origine
769 4288 889 4358 nrundi
905 4288 1070 4359 intactum
1089 4292 1282 4366 furibunda

198 4408 381 4497 reliquerit.
404 4411 479 4478 Non
502 4421 600 4479 vacat
622 4410 785 4481 historias
810 4413 986 4493 evolvere,
1014 4411 1110 4502 quod
1138 4414 1174 4484 in
1204 4417 1284 4488 aliis
