2768 4980
145 639 183 695 lili
482 645 523 693 DE
545 644 646 692 nunus
668 643 891 692 famulaturus

144 797 192 867 tio
212 794 407 888 explicans,
427 792 616 863 verborum
634 790 809 882 suffragiis
827 813 895 861 non
912 801 1043 882 egeret;
1058 790 1105 862 ad
1121 800 1228 863 caete·

145 940 263 990 rorum
280 918 402 988 saltem
420 915 615 999 utilitatem,
633 912 843 1007 quibuscum
877 913 1048 999 vivimuS,
1062 912 1228 986 laboran-

144 1041 229 1112 dum
264 1040 351 1110 erit:
389 1060 537 1130 quorum
575 1036 709 1108 animos
747 1036 875 1107 uostris
912 1035 1227 1127 colloquutionibus

144 1162 332 1256 plurimum
370 1158 529 1231 adiuvari
560 1179 665 1252 posse
684 1181 754 1230 non
775 1156 973 1249 ambigitur.
992 1155 1144 1228 instabis
1165 1179 1228 1228 au-

146 1294 229 1370 tem,
256 1294 292 1355 et
316 1282 428 1354 dices:
454 1282 523 1352 heu
566 1291 734 1372 quantum
764 1290 800 1350 et
824 1278 924 1351 nobis
962 1280 1070 1351 tutius
1099 1289 1134 1352 et
1159 1278 1227 1351 illis

146 1405 320 1477 efficacius
340 1406 453 1474 fuerat
473 1401 634 1487 suadere,
653 1413 692 1472 nt
703 1424 824 1475 eorum
841 1402 950 1474 oculis
968 1412 1100 1473 nostrae
1117 1401 1229 1472 virtu-

148 1528 191 1597 tis
211 1527 373 1618 exempla
394 1523 647 1617 praeberemus,
666 1546 814 1616 quorum
833 1523 880 1594 illi
896 1522 1152 1618 pulchritudine
1168 1523 1230 1596 de·
1253 1524 1255 1529 ’

148 1647 270 1730 lectati,
286 1646 332 1733 ad
344 1645 543 1717 imitationis
562 1645 729 1738 impetum
746 1646 968 1739 raperentur!
988 1645 1120 1716 Natura
1135 1643 1228 1716 enim

149 1767 215 1838 hoc
234 1766 354 1851 habet,
374 1778 412 1838 ut
428 1769 536 1839 multo
553 1768 689 1853 melius,
705 1769 881 1859 multoque
894 1766 1030 1838 facilius
1042 1768 1228 1844 laetorum.

148 1911 255 1983 quam
276 1889 462 1961 verborum
485 1890 633 1961 stimulis
651 1889 860 1972 excitemur3
878 1910 1007 1983 perque
1027 1887 1119 1959 hanc
1135 1887 1229 1958 viam

149 2013 347 2106 expeditius
360 2013 406 2084 ad
419 2034 557 2084 omnem
573 2011 710 2084 virtutis
729 2011 945 2083 altitudinem
962 2031 1228 2102 consurgamus.

151 2135 228 2225 Ego
248 2156 334 2206 vero
368 2155 437 2206 non
463 2134 643 2207 adversor.
673 2134 765 2219 Quid
789 2133 880 2205 enim
907 2133 1041 2205 dehoc
1067 2131 1230 2203 sentirem
1309 2132 1314 2141 '

151 2256 219 2329 iam
247 2267 329 2329 tunc
355 2258 548 2350 intelligere
568 2255 724 2350 potuisti,
746 2280 855 2350 quum
876 2255 911 2324 in
932 2253 1054 2348 primis
1075 2252 1229 2325 animum

154 2381 430 2472 componendum
448 2401 529 2450 esse
545 2376 749 2472 praemonui.
763 2378 840 2450 Non
852 2377 1016 2470 equidem
1030 2375 1108 2448 sine
1123 2395 1231 2446 causa

156 2523 233 2572 reor
253 2501 389 2571 dixisse
410 2501 622 2594 Satyricum:

473 2675 572 2752 prima
589 2675 667 2737 mibi
681 2675 772 2738 debes
789 2676 883 2738 animi
901 2674 993 2737 bona:

152 2894 222 2943 non
242 2882 361 2943 essent
385 2883 500 2944 aulem
526 2872 650 2967 prima,
678 2873 708 2943 si
728 2873 813 2966 quid
832 2873 889 2943 illa
914 2872 1138 2965 praecederet.
1162 2872 1232 2942 Ve-

153 3005 347 3066 rumtamen
365 3006 534 3088 quantum
550 3017 692 3090 quoque
709 2995 756 3067 ad
771 2993 1046 3066 informationem
1068 2993 1231 3064 humanae

153 3115 236 3186 vitae
253 3117 366 3210 possit
381 3118 591 3210 eloquentia,
606 3126 641 3190 et
658 3116 752 3209 apud
769 3118 897 3187 multos
915 3124 1076 3185 auctores
1093 3115 1230 3198 lectum,

152 3247 187 3304 et
211 3237 413 3325 quotidiana
437 3240 653 3331 experientia
674 3247 904 3321 monstrante,
926 3246 1140 3328 compertum
1164 3244 1231 3305 est.

153 3357 263 3438 Quam
282 3359 423 3442 multos
442 3358 570 3450 quibus
583 3360 667 3430 nihil
685 3358 825 3431 omnino
841 3356 1056 3451 loquentium
1073 3356 1232 3449 exempla

152 3479 381 3561 contulerant,
396 3488 497 3549 aetate
512 3492 643 3566 nostra,
659 3485 756 3552 velut
771 3491 996 3573 experrectus
1009 3479 1230 3570 agnovimus

151 3612 186 3672 et
206 3623 227 3672 a
248 3600 528 3672 sceleratissimae
554 3602 638 3674 vitae
664 3627 785 3689 cursu,
821 3604 867 3675 ad
892 3623 1065 3675 summam
1091 3607 1233 3694 repente

151 3722 358 3796 modestiam
391 3723 514 3796 alienis
546 3733 680 3795 tantum
709 3725 856 3798 vocibus
885 3724 996 3796 fuisse
1020 3722 1234 3794 conversos?

152 3844 227 3914 Non
255 3850 402 3917 referam
429 3844 490 3916 tibi
516 3869 622 3932 nunc,
651 3868 732 3938 quae
757 3848 802 3919 de
831 3846 896 3918 hac
921 3868 960 3918 re
984 3846 1029 3916 Μ.
1052 3844 1174 3917 Cicero
1198 3842 1234 3912 in

152 3966 248 4039 libris
277 3968 518 4041 inventionum
543 3968 718 4062 copiosius
744 3968 916 4062 disputat3
938 3979 994 4040 est
1017 3966 1111 4039 enim
1136 3966 1234 4037 locus

152 4086 208 4158 ille
243 4092 464 4163 notissimus:
495 4114 560 4163 nee
587 4089 739 4163 fabulam
764 4092 906 4185 Orphei,
933 4093 992 4162 vel
1016 4085 1234 4184 Amphyonis

153 4205 373 4295 interseram
395 4236 544 4307 quorum
564 4213 619 4286 ille
640 4212 774 4285 belluas
801 4213 986 4297 immanes,
1009 4211 1066 4283 hic
1092 4208 1235 4282 arbores

152 4351 192 4400 ac
219 4351 307 4402 saxa
331 4348 434 4409 cantu
461 4338 626 4422 movisse,
649 4349 684 4410 et
709 4359 931 4431 quocumque
958 4336 1061 4407 vellet
1086 4331 1237 4405 duxisse

153 4451 369 4543 perhibetur,
386 4460 523 4531 nonnisi
537 4470 678 4552 propter
693 4460 923 4531 excellentem
938 4454 1151 4538 facundiam,
1166 4472 1236 4544 qua
