2692 5024
125 654 166 717 38
458 660 502 713 lt}
520 660 623 713 mus
642 656 864 711 illudamus

126 813 217 887 tiens
235 830 322 883 vero
339 808 506 903 Virgilius
524 810 647 903 lugere
665 817 803 902 tempus
820 806 889 880 uiti
904 804 1008 891 Quid,
1027 806 1058 877 si
1073 826 1197 879 omnes

126 936 301 1010 tacerent?
311 932 396 1028 qnid
408 931 521 1019 etiam,
535 932 566 1003 si
577 932 768 1025 negarent?
778 928 948 1024 numquid
960 928 1040 1001 ideo
1052 929 1198 1022 segnius

125 1056 263 1151 lugiens
275 1064 432 1129 curreret
446 1065 506 1127 aut
521 1056 677 1127 volaret?
690 1052 811 1147 Neque
827 1072 913 1125 vero
923 1051 1086 1138 natalia
1101 1074 1200 1124 sum-

125 1178 194 1252 mis
211 1178 312 1251 labiis
331 1180 520 1273 loquutum,
540 1185 642 1271 putas
663 1174 806 1273 (quique
830 1173 1016 1248 ooaetaneis
1034 1174 1125 1248 meis
1143 1188 1199 1250 est

127 1304 215 1402 mos)
235 1326 300 1399 per
318 1312 499 1377 auctorum
518 1302 789 1397 vireta-captare
807 1299 984 1384 flosculos3
1004 1299 1102 1393 quod
1119 1301 1200 1375 viro

125 1438 229 1523 turpe
246 1427 295 1500 ait
314 1426 459 1511 Seneca,
481 1422 583 1497 nobis
601 1423 650 1499 ita
671 1423 881 1519 permissum
903 1430 1038 1516 putant,
1055 1411 1096 1496 nt
1114 1408 1201 1496 nihil

127 1549 288 1622 videatur
298 1547 335 1618 in
347 1544 580 1649 adolescentie
591 1544 871 1637 formosiusllgo
883 1565 1023 1616 menon
1035 1566 1128 1639 nego
1136 1546 1201 1619 llo-

128 1673 244 1745 sculos
262 1668 438 1741 interdum
456 1670 588 1761 legere,
609 1666 739 1761 quibus
758 1666 849 1739 inter
873 1665 1049 1741 seniorum
1073 1667 1201 1741 choros

130 1790 174 1888 (si
189 1812 247 1865 res
266 1789 396 1888 tulerit)
416 1788 468 1862 uti
485 1812 624 1885 queam.
645 1788 716 1863 Sed
734 1788 782 1863 ita
800 1788 848 1863 ad
864 1797 1018 1882 optatam
1038 1800 1202 1865 senectu-

128 1927 199 1991 tcm
216 1915 342 1989 merita
359 1934 441 1987 cum
458 1912 563 1987 laude
581 1911 798 2007 perveniam,
818 1920 859 1985 nt
873 1933 941 2005 ego
955 1912 1069 2005 magis
1084 1912 1202 1987 omnia

129 2038 175 2110 ad
191 2036 300 2109 ι’ἰιιιιιι
320 2034 509 2120 aestimem,
527 2056 633 2128 quam
643 2032 691 2107 ad
701 2034 934 2128 eloquentiam
945 2034 1139 2108 referenda.
1156 2036 1203 2107 Et

128 2158 291 2254 quumvis
312 2155 365 2253 (ut
382 2166 439 2229 est
456 2174 561 2243 usus,
578 2165 620 2229 ut
633 2166 690 2229 est
705 2155 897 2249 ingenium,
913 2164 954 2227 ut
969 2165 1026 2229 est
1040 2158 1199 2245 animus,

130 2292 169 2355 ut
185 2290 243 2355 cst
258 2279 358 2377 etas)
379 2279 587 2373 eloquentie
607 2278 722 2353 studio
742 2280 907 2363 delecter;
929 2289 1046 2353 tumim
1061 2289 1099 2354 et
1116 2280 1200 2355 dum

130 2406 276 2479 aliorum
290 2404 381 2477 bene
400 2403 491 2476 dicta
507 2424 687 2488 recenseo,
709 2413 746 2475 et
765 2401 796 2473 si
814 2404 956 2496 quaudo
971 2404 1056 2475 mihi
1072 2404 1202 2498 aliquid

130 2505 424 2601 torte'souautius
448 2525 592 2610 excidit,
619 2525 802 2620 utrobique
826 2525 938 2618 magis
977 2525 1138 2610 meditor,
1164 2536 1202 2600 ut

131 2647 302 2743 quidquid
316 2647 353 2720 id
368 2658 439 2732 cst,
457 2647 540 2719 vitae
556 2647 678 2740 prosit,
699 2647 1014 2741 adolescentiaeque
1029 2670 1087 2721 mo
1103 2648 1202 2722 malis

132 2769 308 2864 expediat,
329 2788 434 2861 quam
451 2777 491 2839 ut
509 2768 628 2841 verbis
647 2769 879 2841 ornatioribus
899 2768 1063 2843 iuvenilis
1086 2769 1204 2863 lingna

131 2888 299 2963 lasciviat.
320 2889 473 2960 Summae
492 2888 634 2981 quidem
652 2889 839 2963 dementiae
858 2890 999 2964 videtur
1015 2891 1051 2962 in
1071 2891 1108 2967 id
1126 2893 1201 2979 niti,

132 3010 178 3085 ad
196 3010 292 3104 quod
309 3011 397 3083 torte
421 3030 599 3103 uunquam
618 3010 669 3083 sis
693 3022 878 3099 vanmrus,
905 3023 941 3085 ct
964 3013 1061 3106 quod
1083 3014 1203 3108 paucis

133 3134 267 3220 accidit,
291 3133 455 3227 quodque
479 3152 559 3205 cum
583 3134 730 3228 adeptus
750 3135 858 3207 luroris
882 3134 1055 3209 modicum
1079 3137 1202 3229 prosit,

134 3256 292 3329 fortassis
311 3266 347 3328 et
366 3258 511 3327 multum
531 3266 668 3343 noceat;
693 3257 778 3333 iliud
798 3281 883 3332 vero
899 3258 1091 3352 negligere,
1107 3259 1205 3351 quod

134 3386 171 3447 et
185 3374 345 3448 omnibus
361 3388 570 3471 promptum,
588 3400 663 3472 prae
678 3379 840 3452 omuibus
867 3379 962 3465 utile,
981 3380 1206 3453 damnosum-

136 3520 204 3593 que
234 3518 411 3592 uunquam
435 3522 516 3571 esse
540 3502 661 3595 possit.
687 3501 822 3575 Scimus
853 3513 971 3575 autem
1000 3524 1203 3594 magnorum

136 3623 337 3698 auctoritate
367 3622 557 3709 hominum,
591 3625 900 3719 experimentoque
924 3647 1040 3698 rerum
1070 3626 1203 3710 edocti,

136 3747 298 3844 quoniam
311 3748 430 3842 paucis
446 3746 536 3819 benc
552 3749 661 3843 loqui,
675 3747 766 3821 bene
778 3749 900 3821 vivere
915 3759 1031 3822 autem
1042 3748 1204 3822 omnibus

136 3873 256 3946 datum
276 3882 341 3943 est.
362 3869 406 3941 Et
423 3879 538 3942 tamen
554 3874 672 3966 plures
689 3870 773 3945 illud
788 3875 1053 3966 amplectuntur,
1071 3872 1138 3944 hoc
1152 3873 1206 3942 lu-

137 3997 245 4087 giunt.
259 3996 310 4067 lta
322 4004 377 4066 est
389 3992 699 4065 naturahominum
713 3994 970 4069 difficultatibus
984 3995 1204 4078 incumbere,

138 4129 173 4189 et
191 4142 233 4191 ea
251 4117 409 4212 cupidius
430 4127 592 4211 appetere
611 4137 691 4210 quae
710 4117 916 4193 laboriosius
937 4130 1111 4214 parantur.
1132 4118 1207 4210 Ego

139 4238 291 4327 quidem,
310 4240 376 4313 etsi
392 4240 478 4312 mihi
496 4239 601 4312 fidem
617 4249 703 4313 aetus
720 4243 873 4336 deroget,
893 4253 983 4315 teste
998 4253 1115 4315 tamen
1127 4262 1208 4313 con·

141 4356 296 4446 scientia,
318 4365 410 4454 lego,
435 4386 503 4436 nou
523 4373 562 4434 ut
586 4366 799 4455 eloquentior
820 4376 880 4438 aut
897 4363 1063 4457 argutior,
1086 4364 1152 4436 sed
1171 4371 1209 4433 ut

142 4477 262 4549 melior
281 4480 371 4553 liam.
392 4485 436 4555 Et
455 4486 550 4576 quod
564 4486 610 4565 dc
626 4486 745 4555 morali
763 4486 990 4578 philosophia
1005 4497 1104 4578 parte
1119 4484 1209 4559 dixit
