2692 5024
178 654 235 713 lla
514 663 554 710 nu
577 663 678 714 nenos
700 662 919 713 annullamus

176 809 319 880 domum
346 806 447 888 redii,
483 807 615 878 litteras
641 809 769 899 reperi,
798 810 1014 901 famulosque
1048 829 1145 879 meos
1181 831 1262 879 cunr

176 953 297 1003 earum
325 940 445 1000 tenore
478 928 667 1000 concordes
700 929 817 1000 andivi
851 929 1039 1000 admirans.
1074 930 1143 1001 Sed
1176 932 1264 1023 quid

177 1055 347 1145 agerem?
373 1051 421 1120 llli
450 1061 544 1121 tanto
570 1062 648 1121 ante
674 1051 922 1134 discesserant,
952 1061 989 1121 ut
1013 1051 1080 1122 iam
1113 1053 1261 1123 demens

177 1152 405 1266 expectarem
424 1163 586 1255 reditum,
606 1194 652 1242 aa
664 1172 910 1263 negligentiam
938 1193 1148 1243 accusarem.
1172 1173 1264 1256 Quae

178 1305 361 1388 postquam
383 1294 464 1364 mihi
483 1294 600 1365 debito
618 1294 752 1384 longior
768 1294 847 1365 visa
865 1305 934 1377 est,
955 1317 1061 1364 unum
1079 1316 1125 1364 ex
1143 1296 1261 1365 lamu-

179 1421 220 1490 lis
252 1417 458 1490 Florentiam
493 1417 584 1500 misi,
618 1414 834 1488 Mainardum
869 1415 991 1485 litteris
1023 1416 1183 1486 excitans
1216 1415 1264 1487 ad

177 1540 459 1613 observationem
491 1540 757 1632 promissorum,
790 1550 894 1632 alque
918 1538 1002 1609 illud
1028 1538 1194 1610 adiiciens
1223 1551 1262 1609 ut

177 1662 339 1732 eumdem
365 1662 523 1730 nuntium
551 1662 658 1731 Lucae
683 1670 804 1732 nostro
830 1661 997 1744 mitteret,
1021 1683 1084 1733 seu
1111 1663 1176 1733 ille·
1192 1665 1262 1734 llo-

178 1803 246 1854 mae
279 1804 396 1853 moras
429 1793 563 1873 ageret,
592 1804 654 1854 seu
681 1783 806 1854 Teani:
832 1785 888 1855 cui
914 1783 1091 1874 ingentem
1117 1807 1261 1878 quoque

180 1904 363 1997 epistolam
383 1904 505 1997 scripsi
518 1903 790 1976 exhortatoriam
804 1905 849 1976 ad
862 1917 1023 1977 votorum
1038 1907 1260 1992 modestiam,

177 2037 213 2099 et
237 2028 283 2100 ad
315 2028 419 2099 huius
444 2027 499 2097 vel
533 2025 677 2097 alterius
709 2025 774 2099 loci
806 2026 1025 2111 electionem,
1047 2030 1262 2122 quicumque

178 2153 284 2224 rebus
305 2149 433 2222 nostris
459 2159 641 2244 appareret
666 2150 904 2244 opportunior,
931 2173 995 2223 nec
1020 2173 1089 2222 non
1114 2152 1161 2223 ad
1188 2174 1262 2223 mo-

177 2297 252 2347 rem
275 2272 442 2345 studiosae
464 2271 698 2364 solitariaeque
717 2271 823 2342 vitae:
844 2294 926 2364 quae
946 2271 1111 2363 quoniam
1136 2296 1262 2346 omnes

179 2398 359 2491 aequaliter
381 2395 558 2486 tangebat,
579 2405 616 2464 ut
633 2417 694 2486 per
710 2416 792 2465 eum
810 2395 854 2465 ad
876 2404 909 2464 le
926 2395 1030 2465 etiam
1048 2395 1258 2482 mitteretur,

179 2521 322 2592 inserui.
344 2522 514 2590 Praeclare
532 2516 688 2610 quidem,
708 2528 747 2588 ut
767 2521 885 2601 multa,
904 2517 987 2588 illud
1007 2540 1027 2588 a
1046 2519 1190 2610 Virgilio
1207 2521 1259 2591 di-

179 2653 271 2708 ctum
295 2651 371 2707 ost:

339 2810 442 2872 Nescia
459 2825 546 2872 meus
563 2811 723 2872 hominum
743 2813 794 2874 lati
812 2815 981 2893 mortisque
998 2815 1135 2877 lutura!

177 3013 388 3081 Litterarum
426 3010 570 3102 portitor
611 3008 849 3089 abscesserat,
893 3022 928 3079 et
969 3031 1036 3101 ego
1081 3033 1155 3082 rem
1203 3036 1259 3084 se-

176 3133 328 3204 cundam
355 3143 391 3202 ct
415 3135 522 3204 multa
549 3132 631 3203 milri
657 3130 771 3202 dulcia
797 3130 990 3221 fingebam:
1013 3133 1089 3206 baec
1114 3136 1258 3228 quidem

175 3254 220 3324 ab
237 3267 314 3324 ortu
332 3256 494 3338 aderunt,
515 3258 581 3327 ista
599 3266 714 3326 autem
733 3257 778 3327 ab
795 3279 932 3328 occasu.
949 3255 1035 3337 Quis
1053 3280 1110 3327 me
1127 3258 1259 3329 felicior

174 3396 368 3464 congressu
391 3377 509 3445 talium
531 3378 751 3448 amicorum‘.l
772 3381 926 3462 Quorum
950 3401 1061 3471 usque
1088 3382 1258 3473 tranquil-

174 3495 259 3568 liora
281 3497 423 3567 studia?
443 3497 597 3579 Quorum
623 3499 694 3569 vita
720 3501 894 3590 quietior‘.l
919 3502 989 3571 Has
1016 3500 1106 3572 inter
1130 3524 1254 3584 curas,

175 3643 256 3712 quae
277 3620 416 3690 infausti
438 3622 586 3690 rumoris
614 3621 879 3693 amaritudinem
905 3623 1139 3714 geminarunt,
1167 3646 1257 3692 nun-

174 3742 249 3811 cius
271 3762 371 3810 meus
393 3740 448 3811 die
474 3751 597 3811 octavo
623 3752 806 3833 postquam
834 3742 912 3811 hinc
937 3743 1167 3825 discesserat,
1196 3764 1257 3834 per

173 3864 450 3934 intensissimum
473 3863 619 3932 imbrem
641 3885 709 3933 non
735 3872 940 3954 expectatus
967 3864 1090 3947 adluit,
1119 3876 1155 3935 et
1179 3866 1257 3956 plu-

174 3988 231 4055 via
251 3997 287 4055 et
307 3987 455 4057 lacrimis
481 3987 638 4067 madens,
666 3998 701 4055 el
725 3985 836 4056 fronte
858 3988 984 4056 vulnus
1006 3987 1111 4058 animi
1133 3989 1256 4059 visibi-

174 4106 252 4175 liter
281 4109 494 4198 praelercnle.
530 4105 677 4196 Dirigui,
713 4117 748 4175 et
787 4126 941 4177 excusso
980 4128 1085 4176 manu
1121 4111 1255 4183 calamo

176 4228 399 4319 (scribentem
421 4230 512 4298 enim
534 4230 620 4298 sorte
640 4228 889 4320 compereratl:
911 4229 1002 4311 Quid
1021 4231 1102 4298 novi
1120 4231 1256 4302 affers‘?

179 4347 239 4413 llic
264 4347 380 4417 ocius:
414 4350 582 4418 exclamo.
610 4346 655 4417 At
680 4347 735 4418 ille
759 4348 890 4438 gemitu
918 4348 1024 4419 verba
1049 4352 1254 4442 frangente:

177 4463 319 4549 lnlelix,
334 4468 442 4557 inquil
458 4523 464 4549 ,
481 4469 629 4537 nuncius
643 4468 809 4540 advenio:
829 4469 928 4539 amici
950 4471 996 4539 tui
1016 4493 1120 4562 super
1137 4471 1258 4562 Apen-
