2692 5024
549 684 814 735 PROLEGOIIENOII.
913 724 920 735 .

384 823 593 893 familiaribus:
603 825 672 880 adeo
677 832 709 880 ut
718 827 818 881 borum
828 829 938 882 numeri
947 829 1085 885 ordinales
1090 831 1140 901 1³⁸,
1151 833 1215 897 11¹⁶,

385 911 446 964 ΠΡ·
462 917 515 967 etc.
531 913 716 985 respondeant
729 916 854 971 numeris
867 916 947 985 XII⁰‚
962 917 1055 972 XIII0.
1071 919 1148 974 XIV⁰
1162 928 1213 975 etc.

384 1001 470 1056 trium
484 1003 661 1075 superiorum
675 1003 816 1058 Codicum.

342 1087 433 1144 Codex
451 1104 484 1144 no
503 1106 660 1148 vrrmnnnx.
681 1092 856 1148 Bibliotheca)
874 1093 945 1165 Imp.
966 1094 1138 1151 parisiensis.

341 1177 525 1235 Foonsnrrm.
542 1179 608 1234 God.
625 1180 677 1248 IV,
692 1181 766 1235 Plut.
780 1178 851 1234 LIII.
863 1180 1039 1236 Bibliothecae
1049 1183 1214 1237 Florentinis

383 1267 574 1323 Laurentianus
584 1268 674 1339 quiex
688 1268 814 1340 sequenti
828 1267 927 1324 CodIce
941 1269 988 1342 (I)
1001 1270 1165 1343 desumptus
1178 1273 1215 1327 ita

383 1357 545 1412 aBandinio
554 1357 732 1411 describitur:
748 1357 849 1428 Supra
862 1374 952 1428 qoam
961 1360 1021 1412 dici
1026 1361 1119 1429 possit
1128 1377 1215 1416 orno·

383 1446 510 1500 tissimus
524 1451 550 1498 et
567 1445 761 1499 nitidissimus
779 1463 846 1500 cum
860 1447 981 1518 pictura
999 1449 1033 1502 in
1047 1449 1151 1520 primo
1161 1467 1215 1520 po-

380 1534 453 1604 pina
465 1531 516 1588 abi
529 1535 610 1589 tituli
622 1534 796 1604 eschibentur
814 1539 901 1589 etc...
921 1540 949 1589 at
967 1536 1030 1590 clia
1043 1537 1076 1590 isi
1089 1539 1213 1592 secundo

381 1621 433 1675 ubi
446 1621 575 1692 epistolae
588 1622 760 1676 Petrorchoe
769 1621 930 1692 incipiunt,
941 1623 1023 1677 cuius
1031 1627 1125 1694 fernae
1140 1632 1214 1680 totus

380 1724 483 1778 marqo
498 1707 627 1778 depictus
641 1713 682 1761 est
696 1725 762 1763 cum
780 1714 931 1763 stemmate
950 1711 1076 1765 Mediceo
1099 1717 1126 1766 et
1149 1729 1214 1767 cum

379 1790 544 1850 'initialibus
559 1796 702 1850 librorum
717 1796 816 1852 aureis
830 1802 858 1852 et
869 1797 1013 1853 coloratio.

334 1883 400 1939 Cod.
412 1885 447 1939 X.
467 1885 541 1940 Plut.
561 1884 660 1939 XXVI.
680 1885 790 1940 Siaistr.
805 1887 835 1940 in
847 1885 945 1940 eadem
963 1886 1131 1942 BibIIotbeca
1144 1888 1213 1943 Lau-

379 1975 515 2030 rentiana.
534 1973 578 2028 Ad
597 1974 701 2030 calcem
718 1976 779 2030 eius
796 1975 910 2046 legitur:
930 1977 988 2032 Istc
1008 1977 1081 2031 liber
1098 1979 1156 2049 deit
1174 1980 1213 2033 od

378 2079 465 2117 usum
481 2064 587 2133 fratris
608 2063 750 2119 Tbedctdi
767 2066 811 2120 De
830 2067 906 2121 Cosa
923 2083 1010 2136 quem
1027 2068 1124 2121 vivens
1142 2068 1212 2123 assi-

377 2151 477 2221 qnccit
491 2153 623 2206 asinario
637 2153 779 2208 Fratrum
797 2154 947 2208 minorum
965 2154 992 2207 F
991 2155 1130 2207 torentini
1148 2172 1212 2208 con-

377 2245 477 2294 ventus
501 2238 591 2295 1406.
612 2240 684 2296 Huic
701 2258 766 2296 vero
784 2240 924 2295 Thedaldo
947 2239 1026 2295 fratri
1047 2241 1211 2297 Franciscali

376 2327 510 2384 Iohannis
528 2330 666 2385 Roccaccii
684 2329 899 2384 familiarissImo
913 2334 939 2383 et
953 2328 1091 2384 Francisci
1105 2331 1213 2385 Petras·

378 2434 416 2472 cae
435 2419 504 2475 adeo
522 2418 645 2475 studioso
662 2424 695 2475 ut
716 2418 842 2474 Paduam
859 2434 889 2472 se
907 2417 1056 2472 contulerit
1071 2417 1131 2472 eius
1149 2435 1212 2489 ope-

377 2507 456 2562 ribus
468 2509 672 2577 describendis',
686 2508 809 2562 codicem
821 2508 897 2561 hunc
911 2507 984 2561 dono
993 2507 1107 2562 dederat
1119 2508 1211 2579 Lapus

367 2612 428 2650 seu
442 2594 558 2651 Iacobus
576 2597 616 2651 De
634 2595 862 2667 GastIqlioncbio,
877 2596 957 2649 cuius
974 2602 1002 2650 et
1019 2612 1122 2650 nomen
1135 2597 1165 2649 in
1178 2613 1210 2650 eo

378 2686 565 2757 adscriptum,
588 2692 616 2741 et
637 2686 736 2741 breves
762 2686 954 2740 adnotatIones
979 2686 1155 2757 autographae
1181 2687 1210 2739 in

376 2775 549 2846 marginibus
567 2781 675 2844 extant,
695 2775 848 2847 exquibus
871 2774 1005 2829 evincitur
1023 2791 1095 2829 anno
1119 2775 1210 2829 adhuc

376 2862 448 2919 1379
461 2880 493 2919 eo
507 2863 615 2937 Lapum
628 2882 712 2920 usum
724 2863 819 2920 luisse.
835 2864 921 2936 (Vide
935 2864 1100 2919 Mebusium
1110 2865 1142 2918 io
1152 2865 1209 2918 vito

377 2948 474 3021 Lupi).

335 3036 376 3090 En
394 3036 506 3090 tandem
525 3036 631 3091 codices
649 3038 717 3093 alios
735 3054 854 3110 quorum
874 3038 909 3092 ad
926 3054 972 3093 me
989 3039 1063 3093 lama
1086 3039 1210 3111 pervenit

377 3125 470 3197 (longo
483 3126 559 3180 enim
572 3132 614 3180 est
627 3132 658 3180 ut
672 3133 809 3199 quotquot
817 3128 921 3199 uquue
936 3133 1030 3182 extant
1043 3144 1087 3181 me
1100 3127 1209 3181 novisse

376 3216 526 3287 considam)
544 3218 592 3288 qui
609 3218 653 3271 vel
671 3218 792 3288 integros
811 3217 929 3288 quisque
946 3216 1033 3271 libros
1046 3216 1090 3269 vel
1103 3216 1209 3268 litteras

376 3305 483 3375 aliquas
493 3305 575 3359 modo
585 3321 702 3359 numero
712 3307 806 3376 plures
816 3305 898 3359 modo
908 3304 1208 3375 paucioroscontinent,

376 3393 540 3463 plerumque
554 3399 647 3445 tamen
661 3385 752 3463 potius
765 3393 800 3445 ad
814 3393 920 3446 Seniles
929 3398 957 3444 et
966 3392 1062 3445 Varias
1076 3407 1160 3461 quam
1174 3391 1208 3445 ad

378 3480 538 3547 Familiares
552 3481 720 3535 referendas.
736 3482 807 3535 Sunt
820 3481 913 3550 itaque
927 3480 974 3550 qui
988 3485 1153 3549 sequuntur.

331 3570 441 3624 Maximi
454 3571 567 3642 quidem
581 3571 663 3641 pretii
676 3569 773 3623 cadem
791 3569 820 3621 iu
838 3568 1005 3621 Bibliotheca
1023 3567 1209 3623 Laurentiana

377 3665 502 3714 servatur
524 3658 590 3712 Cod.
616 3659 733 3727 XXXV,
762 3659 835 3711 Plut.
864 3656 927 3709 LIII
954 3658 1041 3727 ipsius
1072 3659 1208 3713 Petrarcae

376 3763 461 3802 manu
480 3749 584 3817 integre
603 3747 789 3818 conscriptus,
809 3746 913 3816 quique
931 3747 986 3799 iarn
1006 3746 1059 3801 luit
1077 3747 1207 3801 Ludovici

376 3837 528 3892 Beccadelli
541 3836 670 3906 Archiep.
682 3835 825 3904 Ragusirri.
838 3833 950 3889 Constat
960 3851 993 3888 ex
1008 3836 1107 3889 litteris
1121 3836 1208 3889 omni-

375 3927 428 3981 bus
446 3925 625 3997 autographis
643 3930 670 3979 et
688 3925 716 3978 in
735 3940 824 3978 unum
842 3925 972 3978 volumen
991 3923 1122 3990 redactis,
1143 3939 1205 3993 quae

377 4014 472 4086 papyri
486 4013 645 4085 plicatum,
656 4012 887 4082 subscriptiones,
898 4012 1044 4082 inscriptos
1053 4009 1162 4076 titulos,
1174 4010 1207 4061 si-

375 4104 440 4172 gilla
452 4103 572 4175 denique
586 4103 691 4172 integra
705 4103 857 4174 proterunt.

331 4191 437 4246 ibidem
451 4193 508 4246 Cod
522 4191 596 4246 VIII.
613 4191 686 4244 Plut.
703 4191 802 4244 XXIX.

331 4279 437 4334 Ibidem
452 4281 518 4335 Cod.
535 4282 584 4335 III.
600 4283 673 4335 Plut.
685 4279 833 4334 LXXVIII.
847 4278 974 4334 Continet
982 4292 1078 4332 omnes
1088 4275 1202 4329 Seniles.

331 4370 437 4425 Ibidem
453 4371 519 4426 Cod.
536 4370 635 4425 XVIH.
652 4372 725 4425 Plut.
741 4368 893 4424 XXXVIII.

333 4459 438 4514 Ibidem
454 4460 521 4515 Cod.
538 4460 570 4514 V.
587 4461 659 4515 Plut.
676 4459 824 4514 LXXVIII.
