2692 5024
380 697 475 748 tinen
497 697 866 748 cerasos-mmmm
887 698 939 747 vn.
1149 688 1210 749 ⁴53

129 853 179 913 tat
198 842 274 913 haec
294 844 389 913 Deus
411 843 445 911 in
466 843 602 927 melius,
625 854 664 913 ut
687 842 747 934 qui
767 844 852 912 salsa
875 862 936 932 spe
959 840 1082 911 totiens
1109 842 1211 913 dece-

129 973 210 1059 ptus
233 986 325 1048 sum,
349 966 456 1035 semel
482 966 603 1034 saltem
631 963 785 1056 decipiar
809 965 896 1034 falso
922 972 1025 1033 metu.
1054 964 1155 1046 Quod
1181 967 1210 1035 si

129 1084 309 1169 acciderit,
331 1096 371 1155 ut
391 1097 425 1155 te
445 1108 522 1157 cum
545 1084 703 1177 pauculis
723 1083 783 1175 qni
805 1095 995 1178 supersunt
1014 1086 1129 1157 adhuc
1155 1108 1211 1158 se-

129 1210 197 1277 mel
218 1207 397 1300 aspiciam,
421 1216 606 1298 antequam
629 1205 772 1287 moriar,
799 1205 936 1276 vixisse
963 1229 1019 1278 me
1045 1209 1129 1279 satis
1155 1232 1212 1281 ar-

128 1327 294 1399 bitrabor.
317 1329 489 1400 Caeterum
509 1327 653 1419 epistola
676 1327 748 1397 texi
768 1336 937 1419 coeperat3
959 1328 994 1396 in
1016 1327 1118 1400 libelli
1138 1352 1211 1401 mo-

129 1448 212 1521 dum
233 1449 360 1533 evasit,
382 1449 482 1519 cuius
503 1470 560 1517 me
581 1446 664 1516 illud
685 1447 858 1540 praecipue
878 1448 1027 1520 delectat
1052 1450 1086 1518 in
1112 1449 1211 1519 malis

130 1571 233 1655 meis,
261 1570 355 1662 quod
387 1568 570 1640 scribentis
596 1569 711 1639 animo
744 1568 864 1639 nubilo
895 1581 930 1641 et
955 1570 1108 1663 inquieto
1141 1593 1211 1641 non

132 1695 243 1763 solum
265 1692 366 1762 stilus
384 1692 471 1784 ipse,
494 1690 556 1761 sed
577 1690 687 1759 torma
706 1691 811 1762 etiam
832 1692 1021 1763 litterarum
1043 1702 1078 1762 et
1104 1715 1212 1787 papy-

131 1836 192 1886 rus
225 1824 260 1885 et
285 1822 478 1883 atramenta
502 1812 736 1892 conveniunt,
762 1833 843 1904 quae
868 1812 934 1882 nisi
963 1815 1154 1907 proiecero,
1177 1823 1212 1883 et
1299 1908 1301 1911 .

130 1938 204 2008 vim
237 1936 347 2007 dolori
367 1935 501 2016 lacero,
536 1935 652 2004 nullus
684 1934 751 2004 erit
774 1934 910 2005 modus.
938 1932 1014 2004 Alia
1039 1937 1130 2005 enim
1165 1958 1212 2006 ex

131 2058 207 2129 aliis
227 2065 422 2147 erumpunt.
446 2053 515 2124 Sed
535 2056 622 2125 forte
644 2077 707 2125 nec
732 2053 847 2125 adhuc
870 2054 971 2126 nobis
999 2059 1050 2126 sol
1075 2057 1210 2128 dierum

131 2179 284 2250 omnium
303 2176 480 2262 occubuit,
499 2187 535 2247 et
552 2175 683 2268 aliquid
700 2175 734 2245 in
753 2177 942 2249 crastinum
962 2178 1211 2250 reservandum

131 2310 195 2372 est.
222 2299 364 2370 Litterae
397 2300 597 2391 exemplum
631 2321 735 2391 qnam
762 2299 968 2370 Florentinis
994 2300 1073 2370 misi
1107 2322 1213 2393 super

131 2424 198 2493 hac
219 2431 314 2492 tanta
334 2443 454 2492 eornm
476 2418 678 2510 ignominia,
701 2420 783 2512 quia
801 2429 834 2490 te
850 2420 949 2492 iuvet
964 2423 1132 2494 lecturum
1150 2444 1213 2493 au-

131 2568 252 2637 guror,
268 2545 501 2638 praesentibus
516 2546 669 2618 innexui.
684 2548 777 2630 Vale,
792 2549 906 2631 frater,
924 2557 959 2617 et
977 2555 1082 2617 temet
1097 2545 1212 2641 ipsum

130 2667 239 2740 rebus
259 2667 450 2738 laetioribus
472 2689 690 2760 praeservare
711 2668 869 2747 studeas,
891 2678 930 2738 ut
949 2691 1029 2752 nos,
1050 2669 1080 2738 si
1097 2678 1213 2740 tamen

130 2812 177 2860 ox
198 2791 267 2859 alto
286 2791 496 2881 permissum
517 2802 585 2874 est,
608 2791 642 2860 in
665 2790 765 2860 terris
786 2787 911 2859 iterum
935 2786 1127 2860 videamus.

229 2913 377 2993 Parmae,
400 2911 488 2981 lunii
508 2913 583 2981 XX.
605 2913 861 2983 Recommendo
881 2933 937 2981 me
957 2912 1097 2983 domino
1114 2933 1211 2998 meo,

131 3031 271 3104 domino
285 3030 511 3103 Cavallioensi
525 3042 560 3102 et
576 3031 716 3105 domino
734 3033 940 3114 Senescallo,
957 3031 987 3101 si
1001 3054 1106 3125 prope
1119 3042 1211 3103 sunt.

131 3155 217 3225 ltem
239 3153 379 3226 domino
395 3150 670 3227 Archidiaoono:
692 3153 869 3226 dominum
889 3152 1079 3225 Gnidonem
1101 3154 1214 3249 Septi-

131 3299 227 3347 mum
244 3286 280 3346 et
296 3277 532 3347 Romanellum
550 3286 586 3346 et
605 3278 757 3347 Leonem
779 3278 901 3346 saluto.
916 3277 978 3347 Hei
998 3276 1081 3346 mihi
1099 3278 1106 3344 !
1128 3275 1213 3347 lllai-

132 3401 280 3473 nardum
301 3399 450 3493 amplius
470 3421 566 3470 more
581 3399 681 3470 solito
697 3422 765 3469 non
780 3401 906 3481 saluto,
924 3398 985 3470 sed
1003 3401 1115 3471 saluto
1131 3419 1211 3469 eum

134 3523 224 3593 sicut
247 3543 405 3616 possum,
432 3531 468 3592 et
491 3542 554 3616 pro
580 3541 622 3591 eo
649 3529 765 3592 tantus
791 3529 953 3612 peccator
976 3519 1213 3590 indesinenter

133 3666 207 3729 oro,
231 3653 417 3737 quatenus,
438 3643 539 3713 onius
565 3663 692 3738 corpus
717 3643 786 3713 mei
812 3642 953 3714 videndi
977 3638 1153 3713 desiderio
1177 3638 1211 3709 in

134 3763 320 3856 perniciem
345 3764 440 3834 etin
465 3772 612 3833 mortem
638 3761 769 3846 incidit,
796 3761 911 3832 anima
937 3762 1059 3831 saltem
1085 3757 1214 3830 evadat

134 3884 178 3955 dc
198 3884 357 3956 manibus
378 3885 572 3977 impiorum,
596 3883 763 3979 liberante
786 3891 823 3953 et
847 3885 1004 3953 salvante
1023 3879 1212 3970 ‘liberatore

133 4019 169 4074 et
194 4015 372 4076 servatore
397 4015 516 4077 nostro
535 4005 679 4075 Domino
703 4004 784 4075 lesu
809 4003 959 4085 Christo,
987 4001 1047 4094 qui
1074 4012 1213 4096 propter

135 4134 276 4216 peccata
295 4146 372 4196 mea
393 4127 499 4197 molta
518 4134 555 4197 et
574 4124 696 4217 gravia
714 4145 878 4195 menone
899 4124 934 4192 in
952 4122 1052 4194 amici
1069 4144 1212 4215 corpore

135 4246 310 4317 vulnerari
335 4257 405 4317 tam
426 4247 581 4337 graviter
600 4268 728 4339 passus
754 4255 817 4316 cst.
844 4244 1068 4316 Benedictum
1096 4243 1140 4313 sit
1161 4252 1213 4313 ta-

135 4390 214 4439 men
234 4368 270 4436 in
291 4369 418 4438 saecula
435 4390 561 4439 nomen
579 4369 667 4439 eius.
689 4369 774 4437 Vale
791 4366 915 4436 iterum
934 4374 969 4436 et
990 4386 1127 4457 semper
1143 4365 1211 4435 mei

135 4510 283 4575 memor,
309 4497 345 4559 et
369 4488 536 4574 rescribe,
555 4510 693 4583 quaeso,
722 4487 752 4558 si
777 4485 869 4557 vivis
887 4485 969 4558 etsi
987 4486 1209 4569 vales.Haec,
