2692 5024
176 689 215 749 96
512 699 553 748 ΒΕ
575 700 675 749 REBUS
697 699 918 749 Fltlllllmaus

176 867 254 915 rum
288 842 347 914 tihi
378 865 470 914 nunc
503 845 662 936 exempla
691 842 866 934 proposui,
901 853 940 912 ut
972 840 1017 911 ad
1049 841 1254 915 imitandum

176 966 444 1050 exardesceres,
467 987 530 1036 nec
546 964 722 1037 diffideres
740 963 813 1035 lieri
832 985 935 1056 posse
952 964 1077 1034 iterum
1094 966 1190 1056 quod
1202 975 1255 1037 tc

177 1089 262 1159 tiens
293 1089 421 1159 lactum
452 1099 517 1159 est.
544 1088 640 1159 Licet
664 1089 699 1158 in
722 1089 867 1160 exilium
897 1099 933 1159 et
956 1089 992 1158 in
1016 1111 1191 1162 carcerem
1220 1104 1256 1163 et

175 1211 209 1280 in
231 1220 374 1281 mortem
396 1211 507 1302 ipsam
528 1212 618 1297 serre
640 1211 799 1283 virtutes.
823 1209 934 1296 Licet,
957 1210 1046 1295 dixi,
1074 1212 1143 1283 imo
1170 1235 1254 1285 vero

173 1332 327 1426 expedit,
346 1332 581 1405 necessarium
600 1343 669 1417 est,
688 1341 833 1425 oportet.
851 1331 1013 1425 Alioquin
1029 1355 1114 1406 vere
1130 1324 1253 1408 exules

175 1465 257 1526 sunt
275 1455 350 1546 qui,
365 1454 493 1527 relictis
507 1454 572 1539 his,
588 1453 731 1538 abeunt,
751 1475 833 1525 vere
849 1455 984 1547 inopes,
999 1476 1084 1526 vere
1101 1455 1253 1528 infelices

173 1586 209 1646 et
245 1575 374 1647 miseri.
408 1576 480 1646 Nec
513 1576 598 1646 satis
630 1585 685 1647 est
716 1571 884 1668 quantum
919 1576 1083 1648 habueris
1114 1577 1253 1660 efferre;

175 1699 372 1790 plusculum
392 1696 556 1788 exigitur.
578 1696 666 1767 Vide
684 1719 788 1789 quam
814 1707 975 1769 accurate
1000 1699 1166 1771 viaticum
1190 1721 1253 1790 pa-

175 1828 229 1890 rat
243 1840 390 1911 peregre
406 1818 639 1910 prolecturus:
661 1815 832 1909 copiosior
855 1819 950 1912 cupit
974 1840 1067 1903 esse,
1090 1841 1160 1912 quo
1180 1823 1255 1893 lon-

175 1939 254 2031 gius
275 1938 398 2032 pergit.
420 1939 596 2032 Optimum
618 1938 679 2009 tibi
703 1939 738 2009 in
764 1940 829 2011 hac
855 1942 1132 2033 peregrinatione
1151 1943 1253 2015 viati-

175 2085 254 2133 cum
273 2084 320 2134 ex
340 2060 528 2133 virtutibus
549 2060 734 2144 constabit;
751 2061 881 2154 quibus
898 2063 1131 2151 affluentibus,
1149 2067 1253 2137 etiam

176 2185 207 2255 si
226 2185 388 2255 alimenta
413 2182 567 2277 corporis
594 2183 723 2268 desint,
749 2205 880 2276 pauper
906 2206 987 2255 esse
1015 2207 1086 2257 non
1113 2187 1253 2278 poteris.

176 2306 246 2377 llas
267 2305 373 2396 igitur
391 2327 578 2397 congrega:
600 2306 655 2376 his
677 2317 710 2377 te
727 2305 881 2398 undique
896 2305 1030 2377 fulcias.
1047 2307 1253 2380 Praeclaram

177 2427 236 2497 tibi
255 2427 365 2497 fuisse
382 2427 464 2497 olim
485 2427 557 2497 scio
577 2428 763 2497 multarum
791 2427 958 2498 virtutum
986 2429 1253 2520 supellectilem;

176 2570 243 2619 non
264 2549 460 2641 importuna
479 2570 542 2619 nec
566 2546 727 2631 difficilis,
759 2547 821 2619 sed
850 2549 951 2639 agilis
974 2561 1009 2621 et
1034 2570 1171 2621 amoena
1196 2573 1254 2620 res

175 2683 240 2740 est.
265 2669 468 2752 Laboriose,
495 2672 619 2752 fateor,
649 2679 743 2740 tanta
769 2691 826 2740 res
851 2671 1037 2762 quaeritur:
1067 2681 1252 2756 caeterum,

176 2802 359 2882 postquam
376 2791 524 2882 quaesita
536 2790 649 2874 luerit,
667 2791 741 2861 sine
755 2790 872 2863 labore
885 2792 1135 2864 circumfertur.
1150 2793 1256 2877 Quae-

177 2912 290 2982 sivisti
315 2935 393 2984 eam
418 2913 463 2983 ab
486 2912 732 2997 adolescentia,
763 2913 912 2986 servasti
937 2935 1016 2984 eam
1045 2914 1152 2986 domi:
1187 2916 1255 2987 noli

175 3060 251 3109 eam
274 3060 366 3109 nunc
386 3038 502 3109 senior
521 3049 557 3109 et
576 3037 780 3131 peregrinus
800 3037 970 3121 amittere,
1000 3038 1063 3108 sed
1088 3049 1255 3130 quantum

175 3160 328 3231 habuisti
348 3164 405 3233 vel
424 3183 466 3233 eo
490 3160 705 3252 ampliorem,
732 3180 802 3252 quo
823 3159 931 3230 maior
957 3180 996 3229 sc
1020 3158 1172 3230 ostendit
1195 3180 1258 3229 ne·

175 3283 336 3365 cessitas,
359 3284 483 3374 perier.
505 3284 725 3374 Quamquam
746 3276 782 3352 id
799 3280 860 3352 tihi
877 3280 1006 3351 nolenti
1025 3279 1130 3351 sciam
1148 3302 1258 3352 even-

177 3415 292 3472 turum
318 3414 440 3494 sponte
461 3425 538 3473 sua:
560 3403 724 3473 viaticum
746 3403 887 3495 quidem
909 3404 1171 3495 hocnunquam
1190 3425 1256 3474 usu

175 3522 404 3603 consumitur,
425 3523 488 3593 sed
505 3534 653 3613 augetur
671 3524 794 3615 potius.
810 3527 875 3594 Est
891 3524 983 3594 enim
995 3546 1042 3594 ex
1056 3524 1254 3608 virtutibus,

175 3667 256 3739 quae
278 3668 345 3714 usu
366 3647 546 3736 pullulant,
565 3646 647 3716 etin
661 3646 785 3716 mediis
799 3645 1060 3716 difficultatibus
1077 3656 1255 3729 crescunt,

175 3770 287 3841 donec
308 3790 547 3861 possessorem
571 3791 674 3837 suum
694 3767 739 3839 ad
766 3789 969 3859 supremum
993 3767 1164 3838 felicitatis
1186 3769 1258 3838 cul-

175 3915 256 3962 men
281 3891 473 3961 evexerint.
503 3892 613 3962 Taceo
640 3912 729 3960 nunc
758 3887 854 3959 exilii
886 3888 935 3958 tui
962 3909 1031 3958 non
1063 3888 1258 3981 spernenda
1309 3973 1312 3977 ¹

178 4013 308 4085 solatia.
344 4013 379 4082 Si
414 4011 480 4082 sub
507 4010 646 4094 Arcton,
675 4021 843 4081 aeternum
865 4009 951 4080 illud
977 4010 1130 4106 Scythiae
1154 4010 1256 4100 gelu,

177 4147 237 4206 aut
261 4135 328 4205 sub
352 4133 485 4206 ardenti
507 4135 592 4216 sole,
617 4132 833 4223 inhospitale‘
852 4131 972 4202 mundi
994 4133 1084 4202 latus
1110 4130 1259 4202 incolere

176 4256 360 4340 iubereris,
400 4256 549 4347 denique
582 4255 723 4346 propius
756 4255 853 4337 licct,
900 4254 962 4324 sed
996 4263 1097 4323 extra
1129 4251 1261 4323 ltaliam

178 4372 362 4463 proiectus,
390 4375 537 4445 haberes
563 4377 712 4445 fortasse
740 4374 871 4467 aliquid
895 4373 990 4465 quod
1015 4376 1164 4443 fortunae
1190 4381 1262 4441 tuae

179 4513 301 4581 posses
326 4495 485 4565 obiicere.
512 4495 611 4565 Nunc
644 4496 725 4566 vide
751 4516 856 4587 quam
888 4494 995 4583 digna
1025 4495 1169 4585 querela
1202 4501 1263 4563 tua
