2692 5024
417 609 509 657 rinna
531 609 898 667 cusanus-srmone
919 613 940 661 r.
1157 600 1215 661 tos

137 745 301 818 euntibus
320 745 475 818 aderant.
496 746 576 818 Sola
594 745 696 819 nobis
715 747 879 821 obstabat
901 757 1026 820 natura
1050 751 1126 823 loci.
1152 752 1217 824 Pa·

137 879 267 943 storem
286 877 423 941 exactae
441 869 556 941 aetatis
575 870 666 943 inter
686 891 845 943 convexa
860 872 989 943 montis
1006 872 1214 959 invenimus,

135 994 271 1087 quinos
288 992 335 1064 ab
350 1014 501 1065 ascensu
517 994 693 1067 retrahere
714 995 833 1065 multis
856 993 974 1067 verbis
997 996 1126 1067 enixus
1145 1007 1214 1082 est,

134 1117 269 1200 dicens,
293 1137 332 1188 se
352 1126 432 1188 ante
452 1138 563 1189 annos
582 1116 835 1211 quinquaginta
847 1117 972 1191 eodem
986 1118 1147 1190 iuvenilis
1159 1141 1215 1191 ar·

134 1242 231 1313 doris
251 1241 382 1335 impetu
404 1262 606 1334 supremum
630 1239 665 1311 in
685 1240 852 1312 verticem
873 1241 1091 1326 ascendisse,
1114 1240 1216 1312 nibil-

134 1385 205 1457 que
224 1362 305 1436 inde
326 1362 487 1434 retulisse
503 1374 632 1457 praeter
648 1361 883 1457 poenitentiam
899 1370 935 1434 et
952 1363 1120 1449 laborem,
1139 1385 1217 1436 cor·
1262 1458 1266 1465 .

134 1506 273 1581 pusque
302 1493 337 1556 et
369 1486 530 1558 amictum
556 1487 709 1556 lacerum
735 1485 832 1558 saxis
864 1507 906 1558 ao
937 1486 1123 1582 vepribus;
1151 1509 1218 1560 nec
1260 1534 1263 1540 «

135 1628 288 1701 unquam
305 1618 366 1680 aut
383 1620 463 1680 ante
478 1606 563 1680 illud
580 1616 717 1701 tempus
734 1618 796 1681 aut
812 1617 933 1703 postea
948 1608 1105 1683 auditum
1122 1610 1217 1704 apud

133 1752 206 1815 eos,
220 1752 433 1826 quemquam
446 1753 573 1803 ausum
585 1752 666 1803 esse
679 1731 814 1804 similia.
829 1733 912 1804 llaec
923 1731 982 1804 illo
996 1734 1214 1818 vociferante,

134 1856 249 1941 nobis,
276 1866 315 1929 ut
340 1865 423 1929 sunt
452 1855 558 1927 animi
590 1855 757 1928 iuvenum
783 1854 1011 1927 monitoribus
1032 1855 1214 1941 increduli,

132 1978 313 2051 crescebat
336 2000 384 2050 ex
408 1978 639 2072 prohibitione
662 1978 847 2073 cupiditas.
874 1979 994 2072 ltaque
1021 2001 1130 2052 senex
1154 1978 1216 2058 ubi
1248 2039 1251 2044 >
1298 1958 1302 1967 ⁸

133 2101 378 2174 animadvertit
392 2122 430 2173 se
443 2102 679 2195 nequidquam
696 2101 771 2185 niti,
790 2101 1041 2194 aliquantulum
1054 2092 1215 2196 progres-

133 2246 206 2310 sus,
228 2223 318 2295 inter
343 2245 450 2319 rupes
474 2223 622 2296 arduum
648 2224 770 2295 callem
795 2223 905 2316 digito
930 2224 1032 2297 nobis
1051 2225 1213 2312 ostendit,

132 2348 242 2420 multa
262 2369 421 2432 monens,
443 2348 621 2441 multaque
641 2347 710 2418 iam
729 2345 900 2439 digressis
916 2368 938 2418 a
955 2357 1054 2440 tergo
1071 2348 1216 2441 ingemi-

131 2493 231 2544 nans.
257 2471 409 2542 Dimisso
434 2491 543 2564 penes
576 2469 671 2541 illum
705 2469 735 2542 si
768 2470 854 2562 quid
886 2470 1037 2542 vestium
1071 2481 1132 2542 aut
1162 2473 1214 2546 rei

130 2594 327 2688 cuiuspiam
347 2593 593 2689 impedimento
616 2602 723 2678 esset,
752 2593 816 2664 soli
846 2593 1033 2667 dumtaxat
1052 2595 1213 2668 ascensui

131 2718 359 2810 accingimur,
381 2720 585 2811 alacresque
605 2717 881 2791 conscendimus.
908 2719 977 2792 Sed
999 2718 1050 2814 (ut
1070 2721 1141 2790 lere
1161 2716 1212 2813 iit)

131 2842 305 2935 ingentem
318 2852 481 2913 conatum
494 2844 600 2913 velox
612 2844 767 2935 fatigatio
784 2842 1022 2936 subsequitur.
1038 2843 1115 2914 Non
1136 2864 1214 2936 pro-

130 2967 188 3036 cul
200 2965 282 3037 inde
298 2966 405 3057 igitur
420 2966 572 3060 quadam
590 2967 625 3038 in
643 2987 728 3061 rupe
742 2965 979 3037 subsistimus.
992 2967 1076 3038 lnde
1087 2966 1212 3038 ilerum

129 3087 280 3179 digressi
295 3088 532 3183 provehimur,
547 3088 612 3160 sed
625 3089 764 3172 lentius,
778 3097 813 3159 et
824 3088 1020 3180 praesertim
1036 3109 1102 3179 ego
1115 3109 1214 3159 mon-

131 3220 251 3282 tanum
272 3211 338 3282 iter
357 3232 483 3302 gressu
501 3211 570 3281 iam
591 3210 800 3282 modestiore
825 3207 1022 3304 carpebam.
1043 3211 1088 3281 Et
1105 3212 1212 3282 frater

130 3333 388 3427 compendiaria
419 3332 561 3426 quidem
595 3332 653 3404 via
684 3353 747 3427 per
771 3330 883 3426 ipsius
907 3330 990 3425 iuga
1015 3333 1142 3405 montis
1166 3334 1213 3408 ad

130 3455 253 3526 altiora
273 3455 451 3541 tendebat,
472 3477 539 3548 ego
560 3456 694 3528 mollior
713 3455 758 3528 ad
778 3456 846 3527 ima
873 3455 1084 3548 vergebem:
1110 3478 1212 3530 revo-

130 3576 305 3670 cantiqne,
327 3587 362 3648 et
381 3577 447 3648 iter
471 3575 601 3649 rectius
626 3577 832 3670 designanti
851 3577 1106 3674 respondebam
1132 3600 1212 3672 spe-

130 3720 209 3771 rare
229 3721 285 3770 me
306 3700 448 3771 alterius
469 3700 587 3772 lateris
608 3700 793 3774 faciliorem
814 3700 958 3787 aditum,
983 3724 1044 3774 nec
1068 3701 1210 3774 horrere

130 3821 322 3914 longiorem
356 3825 463 3910 viam,
499 3846 561 3916 per
585 3847 690 3917 qnam
714 3823 853 3920 planius
879 3824 1085 3896 incederem.
1114 3825 1209 3894 Hanc

128 3945 391 4018 excusationem
418 3946 569 4045 ignaviae
588 3946 869 4041 praetendebam:
896 3945 1043 4039 aliisque
1060 3947 1126 4017 iam
1145 3968 1209 4017 ex-

128 4068 224 4139 celsa
243 4068 456 4155 tenentibus,
477 4090 540 4162 per
557 4072 667 4141 valles
684 4068 858 4153 errabam,
877 4090 956 4138 cum
974 4069 1080 4140 nibilo
1097 4070 1209 4142 mitior

86 4252 93 4267 .
127 4189 266 4262 aliunde
288 4200 422 4286 pateret
441 4211 618 4277 accessus,
640 4190 705 4262 sed
724 4202 760 4262 et
779 4190 835 4263 via
860 4202 1047 4274 cresceret,
1072 4201 1109 4263 et
1132 4192 1210 4265 inu-

129 4313 198 4385 tilis
218 4315 316 4387 labor
341 4315 610 4406 ingravesceret.
637 4315 782 4398 Interea,
808 4334 888 4385 cum
913 4312 981 4384 iam
1003 4314 1107 4387 taedio
1127 4336 1210 4387 con-

127 4439 253 4509 lectum
285 4435 441 4532 perplexi
476 4433 609 4530 pigeret
639 4435 784 4522 erroris,
819 4435 958 4530 penitus
990 4439 1059 4511 alta
1091 4451 1209 4535 petere
