2692 5024
126 681 148 727 tf
535 680 801 729 Paoluuouunon.

127 806 237 884 sabulo
254 819 312 881 llll
329 813 465 881 marimo
485 820 657 883 floruerunt
679 837 739 882 non
760 822 861 884 solum
880 819 975 899 probe
997 824 1135 898 noverit,
1157 827 1208 886 sed

127 933 157 988 et
182 923 329 1002 singulari
355 922 414 986 sibi
439 923 581 987 habuerit
601 924 805 989 familiaritate
827 925 1000 1002 devinctos,
1026 942 1159 1006 cumque
1180 936 1209 990 et

127 1037 235 1092 natura
251 1029 288 1091 ad
304 1027 399 1090 animi
422 1028 471 1089 sui
492 1045 599 1091 sensus
619 1028 799 1107 aperiendos
816 1029 944 1107 pronior
961 1038 1056 1107 esset,
1073 1037 1103 1092 et
1120 1031 1209 1093 llarci

127 1135 217 1197 Tullii
230 1133 384 1196 Ciceronis
402 1132 538 1212 itemque
555 1132 641 1194 Lucii
657 1132 764 1195 Annaei
783 1131 904 1196 Senecae
922 1135 1059 1214 exempla
1073 1136 1209 1199 sectanda

129 1239 188 1303 sibi
204 1238 426 1318 proposuisset,
446 1238 562 1299 multus
575 1237 701 1314 quidem
714 1237 772 1299 fuit
785 1237 816 1298 iu
830 1237 963 1317 epistolis
975 1240 1209 1315 conscribendis,

129 1361 263 1435 quarum
279 1344 383 1407 stilum
400 1344 438 1405 ad
457 1349 600 1404 veterum
614 1342 795 1420 elegantiam
808 1351 838 1405 et
855 1344 1079 1422 simplicitatem
1091 1347 1210 1425 primus

130 1450 193 1530 ipse
207 1456 275 1529 post
290 1447 373 1511 latini
384 1446 536 1509 sermonis
546 1447 775 1527 corruptionem
785 1464 932 1512 revocare
944 1466 1000 1529 pro
1014 1450 1132 1513 viribus
1141 1467 1210 1513 con-

128 1552 232 1617 tendit.
249 1552 323 1614 ilinc
341 1551 456 1611 factum
473 1554 583 1626 estut,
606 1566 642 1612 eo
663 1551 761 1614 adbuc
782 1552 922 1631 virente,
940 1561 1060 1617 tantum
1076 1555 1210 1634 epistola·

129 1656 284 1720 rumeins
302 1653 489 1720 desiderium
509 1653 589 1718 inter
609 1654 750 1719 homines
769 1658 949 1736 invaluerit,
967 1667 1001 1723 ut
1017 1660 1057 1723 iis
1073 1660 1157 1722 omni
1174 1676 1212 1721 ex

129 1767 214 1843 parte
230 1758 428 1838 exquirendis
444 1765 475 1821 et
491 1759 668 1839 colligendis
686 1761 854 1825 doctissimi
872 1764 938 1827 eius
955 1765 1051 1828 aetatis
1067 1764 1130 1827 viri
1144 1779 1211 1843 ope·

129 1882 196 1928 ram
216 1864 442 1944 impenderent:
470 1864 553 1942 quod
576 1881 649 1927 cum
673 1881 728 1928 nec
753 1865 854 1946 ipsum
875 1867 1070 1932 franciscum
1091 1867 1211 1942 lateret,

129 1969 269 2034 librarios
285 1969 371 2034 domi
388 1968 510 2046 babuit,
528 1971 583 2048 qui
600 1971 742 2050 epistolas
757 1988 829 2036 suas
845 1975 1044 2038 asservandus
1063 1973 1211 2037 describe·

130 2080 206 2137 rent.
229 2074 270 2136 lia
286 2089 379 2153 porro
397 2072 459 2135 fuit
480 2073 511 2136 in
530 2073 691 2137 francisco
711 2091 840 2138 casuum
857 2078 1005 2154 varietas,
1023 2081 1130 2139 rerum
1149 2093 1211 2138 ma·

129 2179 271 2258 guitudo‚
289 2178 496 2241 amicitiarum
513 2184 543 2241 et
558 2172 816 2244 consuetudinum
831 2181 930 2260 copia,
945 2196 980 2244 ea
996 2180 1211 2260 peregrinatio-

91 2264 96 2273 ’
130 2300 207 2346 num
223 2282 433 2361 itinerumque
450 2283 636 2361 frequentia,
655 2299 690 2346 ea
707 2285 827 2349 tandem
845 2284 917 2348 vitae
933 2290 1007 2347 actae
1024 2284 1212 2363 longavitas,

131 2395 165 2449 ut
192 2387 390 2468 epistolarum
416 2388 483 2450 eius
509 2404 659 2451 numerus
685 2396 780 2468 p'rope
804 2389 941 2451 infinitus
967 2387 1116 2464 eraserit,
1137 2387 1212 2450 adeo

132 2501 165 2555 ut
178 2495 217 2556 do
231 2490 352 2573 scriptis
369 2493 434 2555 suis
449 2494 624 2557 ordinandis
637 2494 798 2572 aliquando
810 2494 960 2573 cogitans,
974 2509 1069 2572 seque
1082 2493 1211 2554 circum·

132 2603 251 2661 tamtum
271 2598 445 2660 litterarum
465 2599 595 2660 cumulis
615 2603 645 2660 rt
664 2599 794 2678 informi
814 2615 934 2677 pcppro
959 2598 1087 2660 obsitum
1108 2596 1226 2659 videns'

129 2703 370 2782 primoquidem
395 2702 521 2780 coeparr't
544 2703 658 2780 impeto
683 2708 792 2765 coacto
816 2703 950 2782 nummis
976 2718 1120 2777 ecorere,
1143 2701 1212 2764 dein

131 2812 250 2869 mutato
267 2807 393 2868 consilio
409 2806 541 2886 plurima
559 2823 620 2868 non
635 2807 702 2869 sine
719 2807 856 2885 suspirio
883 2806 1014 2869 Volcano
1031 2805 1214 2885 corripendo

131 2911 310 2986 trucidari&
321 2928 429 2990 porco,
444 2927 508 2990 quc
521 2916 621 2973 tumen
637 2911 746 2973 lectori
761 2911 865 2985 molto,
880 2911 940 2973 sfir'
955 2911 1042 2990 lonpc
1057 2910 1155 2972 nimio
1171 2908 1213 2969 oi·

133 3017 295 3094 darentur,
310 3017 411 3079 virm
424 3033 536 3096 possus
551 3016 659 3096 faerit.
679 3015 777 3091 (Fam.
797 3015 906 3096 Pras.)
922 3015 1005 3091 nac,
1026 3021 1060 3077 ut
1077 3015 1213 3088 videtur,

133 3136 213 3183 anno
229 3121 325 3185 aetatis
342 3140 406 3186 suae
428 3121 473 3184 tv
496 3120 560 3203 ipse
582 3119 698 3183 Socrati
715 3119 886 3184 nunciabat.
905 3119 994 3184 Senio
1017 3119 1124 3182 deinde
1144 3132 1213 3178 con·

134 3223 231 3286 fectus
251 3225 375 3304 iamque
395 3226 488 3288 morti
517 3227 678 3306 proximus
704 3226 864 3288 francisco
886 3225 1010 3288 Senensi
1036 3224 1155 3286 medico
1183 3238 1215 3283 se

134 3342 292 3406 nunquam
318 3344 334 3390 a
366 3330 525 3394 scribendo
553 3331 704 3395 destitisse
730 3329 898 3403 fatebatur,
927 3334 957 3390 st
979 3327 1215 3407 quadrinpentcs

134 3449 226 3512 eoque
241 3434 373 3512 amplius
394 3435 536 3513 epistolas
556 3453 667 3517 mopso
687 3453 727 3498 ec
744 3438 834 3513 ports
855 3449 916 3494 non
936 3432 1065 3511 exipsius
1085 3432 1216 3494 dirersis

135 3538 318 3616 temporibus
335 3540 375 3602 cd
390 3539 528 3602 diversos
545 3541 659 3602 duobus
676 3546 726 3602 sot
738 3539 859 3616 mcpnis
876 3535 1077 3598 voluminibus
1094 3554 1126 3597 se
1138 3550 1217 3596 com-

135 3643 267 3722 papissa,
281 3644 364 3706 mille
379 3645 453 3706 olifs
470 3646 607 3720 reiectis,
624 3645 739 3707 ncllcm
755 3643 849 3705 olium
862 3642 895 3702 ob
908 3658 1031 3703 consum
1043 3658 1130 3719 prom
1140 3640 1218 3718 qood

136 3766 187 3810 ecs
205 3749 289 3812 locus
306 3749 358 3812 ille
374 3766 435 3810 nort
451 3754 579 3828 cuperet.
599 3747 678 3822 (San.
700 3748 763 3811 tio.
787 3746 872 3821 XVI,
893 3747 937 3823 2.)
959 3744 1046 3817 Quod
1066 3744 1159 3821 igitur
1180 3741 1217 3803 ad

135 3852 203 3927 bas,
224 3869 298 3931 quas
316 3854 479 3917 servandas
498 3854 561 3932 ipse
578 3852 680 3930 duxit,
695 3853 837 3931 epistolas
850 3850 1116 3930 attnet,poeticas
1129 3847 1166 3908 ab
1180 3846 1217 3906 iis

137 3972 213 4033 quas
229 3957 327 4019 solnta
349 3959 485 4021 oratione
505 3959 672 4049 dictaverat
692 3957 828 4037 primum
849 3955 998 4030 seiunxit,
1021 3968 1132 4031 easque
1148 3953 1216 4015 Bar-

137 4062 207 4124 bato
225 4061 420 4126 Sulmonensi
441 4062 584 4126 familiari
606 4078 664 4126 suo
689 4062 859 4142 inscripsit:
887 4062 996 4123 alteras
1021 4057 1149 4121 veroin
1175 4057 1216 4120 di-

139 4183 243 4230 versas
263 4156 386 4230 classes
399 4168 584 4246 diversoque
604 4167 728 4231 nomine
754 4167 910 4231 distinctas
933 4167 974 4228 ita
994 4161 1163 4235 distribuit,
1185 4167 1219 4222 nt

137 4268 252 4333 litteras
269 4287 375 4334 omnes
397 4287 435 4334 oo
455 4288 554 4352 usque
571 4273 756 4352 conscriptas
777 4271 808 4334 in
830 4271 974 4333 volumen
1001 4268 1129 4329 unicum
1148 4281 1217 4327 con·

138 4377 281 4452 traxerit,
300 4376 435 4457 illudque
456 4401 467 4434 ‹
488 4380 532 4441 Da
554 4379 642 4441 rebus
662 4377 871 4458 subtilioribus
897 4400 908 4432 ι
935 4371 1039 4436 vocari
1066 4370 1217 4433 soluerit:

138 4496 213 4559 quas
235 4482 345 4546 exinde
367 4484 536 4563 scripturus
557 4488 652 4559 esset,
679 4483 861 4561 scripsitque
883 4493 993 4542 revera
1015 4476 1112 4555 (vixit
1137 4477 1220 4540 euim
