2692 5024
130 612 184 673 llll
464 618 505 666 ns
526 616 627 664 liunus
649 610 868 663 rurrurunutos

126 768 212 837 doce
228 771 360 858 quanto
377 758 509 831 facilius
527 758 647 850 iugum
665 755 750 828 illud
767 754 959 838 declinare,
978 776 1097 846 quam
1115 776 1228 826 excu-

127 897 216 972 tere,
238 897 275 958 et
299 884 469 979 poeticum
497 881 581 951 illud
609 881 736 951 teneris
761 877 906 950 auribus
932 877 1148 970 frequenter
1170 878 1224 948 in-

126 1014 241 1082 culca:
262 1011 323 1079 bac
343 1010 411 1077 itur
427 1004 470 1075 od
489 1017 601 1085 ostro·
622 1012 658 1074 et
677 1001 773 1072 illud:

287 1198 346 1258 Hac
364 1196 422 1256 iter
440 1192 576 1271 Elysium
594 1191 697 1266 nobis3
715 1196 745 1252 at
760 1191 836 1253 lava
853 1189 1014 1252 malorum

287 1295 416 1356 Exercet
431 1307 536 1371 poenas
553 1297 583 1351 et
599 1290 636 1351 ad
652 1287 745 1367 impia
762 1293 874 1349 tartara
891 1287 1000 1349 mittit.

128 1501 165 1568 ln
186 1517 256 1587 quo
275 1503 386 1585 poetae
406 1500 526 1560 nostro
544 1489 740 1580 sapientum
766 1484 997 1558 Hebraeorum
1019 1511 1118 1560 unus
1139 1513 1217 1563 con-

129 1627 238 1691 sonat.
274 1615 330 1686 Sio
350 1613 442 1684 enim
468 1611 535 1682 ait:
563 1613 620 1679 vic
640 1609 851 1703 peccantium
872 1611 1073 1679 conculcato
1100 1611 1212 1706 lapilli-

129 1743 199 1823 bus,
223 1748 254 1808 ct
273 1739 310 1806 in
330 1738 428 1828 finem
448 1736 581 1804 illorum
612 1733 713 1821 inferi
741 1739 772 1801 e't
798 1731 993 1800 tenebraret
1011 1755 1137 1824 poenoe.
1156 1735 1212 1804 His

129 1865 193 1932 hac
213 1868 317 1932 aetate
337 1864 544 1928 consuescat
561 1853 716 1938 monitiS,
740 1854 803 1926 has
823 1852 962 1924 hauriat
986 1854 1212 1949 disciplinas:

128 1986 226 2057 facile
258 1981 420 2077 quamvis
450 1981 594 2051 formam
622 1999 744 2048 recens
769 1975 900 2068 excipit
925 1976 1092 2061 materia,
1121 1980 1212 2051 facile

129 2108 245 2197 quivis
278 2103 417 2174 babitus
448 2101 603 2172 nondum
628 2099 762 2171 duratis
789 2098 965 2169 mentibus
991 2099 1211 2193 imprimitur.

131 2227 194 2298 Ubi
231 2227 328 2296 salsis
365 2223 585 2318 opinionibus
624 2222 755 2294 aditum
795 2220 991 2315 praebueris
1031 2225 1212 2317 operosius

130 2349 373 2420 excluduntur.
403 2349 496 2416 lnsta
522 2367 621 2436 crgo,
650 2346 734 2415 dum
754 2344 864 2414 votivi
891 2365 989 2436 spem
1026 2367 1212 2418 successus

132 2470 310 2543 tractabile
345 2480 481 2558 tempus
507 2470 668 2560 praelert3
694 2476 731 2535 et
760 2466 810 2536 sic
835 2463 976 2549 habeto,
1004 2470 1088 2558 plus
1115 2482 1150 2541 te
1173 2470 1211 2539 illi

131 2612 239 2683 puero
259 2590 324 2657 hoc
345 2589 513 2656 beneficio
534 2590 754 2671 collaturum,
777 2607 882 2681 quam
906 2587 934 2657 si
960 2609 1088 2660 omnes
1113 2593 1212 2662 simul

132 2712 303 2802 ingenuas
325 2720 417 2779 artes
439 2708 473 2777 in
495 2717 616 2798 pectus
631 2731 732 2780 suum
751 2711 872 2782 sedulo
889 2731 949 2780 ore
969 2712 1215 2784 transfuderis.

133 2834 259 2922 Magna
279 2830 441 2924 quaedam
460 2851 517 2899 res
534 2840 599 2912 est,
620 2833 740 2914 lateor,
762 2832 904 2902 scientia
921 2831 1137 2902 litterarum:
1157 2832 1216 2903 sed

132 2955 241 3026 maior
263 2953 374 3024 virtus
396 2952 515 3034 animi,
537 2952 604 3022 etsi
627 2963 807 3044 utramque
823 2975 869 3022 ex
892 2963 923 3022 tc
941 2951 1141 3044 discipulus
1158 2955 1218 3024 do·

133 3079 208 3148 cilis
231 3098 371 3168 sperare
391 3086 507 3167 queat.
535 3076 631 3147 Nosti
658 3075 832 3166 ingenium
859 3073 944 3165 quid
969 3073 1098 3164 possit,
1130 3075 1217 3146 nosti

134 3198 259 3269 melius
280 3206 460 3289 expertus.
480 3201 555 3288 Ego
572 3197 606 3267 id
629 3221 734 3267 unum
757 3195 852 3266 novi:
875 3215 1065 3287 paucorum
1083 3218 1169 3267 esse
1182 3207 1218 3266 ut

134 3318 271 3388 litterati
294 3317 391 3401 fiant,
414 3320 568 3389 omnium
590 3318 738 3401 utboni,
763 3317 865 3388 modo
887 3338 925 3387 se
946 3316 1048 3387 bonis
1067 3319 1219 3389 ducibus

134 3439 325 3509 exhibeant
344 3440 591 3531 obsequentes.
614 3440 839 3511 Fastidiosior
859 3437 999 3530 quidem
1020 3450 1079 3509 est
1106 3441 1220 3511 scien-

135 3560 180 3630 tia
198 3583 303 3652 quam
322 3561 444 3630 virtus.
464 3562 549 3630 Cum
569 3562 614 3632 sit
632 3563 686 3631 illa
709 3560 864 3642 nobilior,
883 3581 1075 3650 paucorum
1095 3563 1222 3653 digna-

135 3692 190 3750 tur
214 3682 365 3772 ingenia3
387 3682 443 3751 illa
464 3683 591 3752 nullius
613 3683 765 3753 animum
786 3681 989 3763 contemnit,
1014 3683 1082 3751 nisi
1106 3707 1128 3754 a
1150 3708 1220 3777 quo

134 3802 231 3894 prius
252 3810 447 3894 contempta
468 3816 533 3874 est.
556 3806 651 3874 Vale.

275 3949 393 4016 Palatii,
411 3947 460 4003 Vll
476 3948 536 4003 Kal.
553 3950 664 4020 Aprilis.

650 4220 725 4232 ...α-
