2692 5024
174 658 234 724 108
509 668 552 719 nu
571 664 674 718 uanus
694 666 917 720 susurramus

174 835 259 911 pore
278 811 359 886 dota
377 821 444 896 est,
467 821 505 882 ut
521 832 570 883 ex
589 811 666 884 eius
687 813 861 884 consortio
881 815 991 887 multe
1010 814 1136 907 patiar,
1158 816 1259 888 aliter

173 959 243 1009 non
261 955 445 1029 passurus.
466 934 683 1005 Secretorum
704 944 840 1006 nuturae
860 935 1023 1007 conscius
1043 937 1169 1022 Poeta,
1196 937 1258 1009 ubi

174 1056 356 1131 animabus
377 1055 540 1126 humanis
561 1055 678 1126 inesse
696 1055 881 1146 quemdam
908 1056 1049 1146 igneum
1075 1059 1255 1151 vigorem,

173 1193 209 1253 et
227 1181 403 1252 coelestem
424 1177 514 1250 dixit
532 1177 713 1268 originem,
733 1176 938 1271 excipiendo
959 1178 1158 1254 subiunxit:

207 1465 211 1475 Ι
544 1386 698 1461 Quantum
711 1403 773 1451 nou
790 1387 881 1452 noxia
898 1405 1029 1471 corpore
1045 1395 1176 1473 tardant,

254 1488 445 1568 lenonique
456 1486 597 1550 hebetant
613 1493 697 1549 artus
713 1486 958 1567 moribundaque
975 1491 1127 1554 membra:

255 1587 333 1651 lline
348 1590 501 1660 metuunt,
518 1584 722 1664 cupiuntque,
739 1582 853 1660 dolent,
870 1585 1077 1666 gaudentque,
1094 1604 1150 1652 nee
1166 1605 1258 1654 ouras

252 1684 428 1766 Resploiuut
442 1685 553 1748 elausae
570 1682 702 1747 tenebris
719 1688 750 1746 et
764 1698 888 1747 camere
904 1700 995 1749 oaeoo.

176 1917 234 1992 Sic
251 1939 348 1991 eram
368 1916 474 2009 igitur
493 1915 685 2003 admirans,
708 1915 802 2010 quod
822 1918 867 1991 de
887 1928 937 2005 te,
958 1927 1038 2013 post
1055 1917 1258 2010 digressum

177 2051 294 2126 tuum,
319 2060 423 2112 aures
447 2060 545 2111 meas
572 2039 689 2110 nullus
717 2060 837 2111 rumor
859 2039 1054 2134 impuleram
1075 2039 1159 2112 dum
1179 2064 1259 2114 ecoe

176 2164 300 2234 litterae
320 2172 390 2233 tuoe
411 2161 495 2234 mihi
515 2160 642 2234 oblatae
664 2172 755 2233 sunt.
783 2161 922 2254 Agnovi
947 2161 1102 2255 signum,
1126 2174 1162 2236 et
1187 2164 1257 2236 iam

176 2286 332 2358 securior
351 2284 429 2376 legi.
451 2284 641 2368 Caeterum,
654 2285 737 2377 quia
749 2286 892 2356 nuntius
912 2284 1040 2356 mirum
1060 2286 1095 2355 in
1115 2286 1255 2357 modum

175 2406 374 2492 festinabat,
395 2418 430 2477 et
450 2427 507 2477 res
528 2405 687 2498 pluribus
713 2406 834 2477 vorbis
853 2428 957 2498 egere
981 2406 1181 2493 videbatur,
1202 2429 1256 2479 re-

176 2529 399 2621 sponsionem
431 2525 550 2596 distuli
583 2527 618 2596 in
651 2526 742 2598 diem
769 2529 931 2612 alterum3
958 2551 1064 2621 quom
1088 2529 1155 2601 iam
1178 2528 1259 2600 hino

176 2649 380 2742 tripartitam
401 2650 472 2719 lore
492 2648 685 2742 praevideo,
712 2648 807 2742 quod
832 2660 892 2721 tue
917 2672 1057 2743 quoque
1080 2649 1125 2721 de
1150 2647 1257 2720 rebus

177 2770 283 2841 variis
305 2769 430 2861 triplex
446 2780 501 2841 est
520 2774 672 2864 querele.
691 2772 799 2842 Unum
812 2828 819 2857 ,
833 2772 928 2864 quod
946 2772 1098 2844 breviter
1113 2770 1181 2843 dici
1198 2793 1260 2863 po

178 2900 277 2978 terat,
292 2916 362 2965 non
376 2893 441 2965 luit
452 2894 634 2965 consilium
653 2893 807 2976 differre3
825 2916 881 2965 me
899 2892 1028 2965 seilicet
1040 2899 1260 2986 peecatorum

177 3036 333 3087 meorum
353 3016 454 3088 nodis
476 3014 689 3108 implicitum,
711 3015 867 3086 nondum
884 3016 920 3087 in
941 3027 1078 3109 portum
1104 3015 1260 3108 potuisse

175 3141 377 3230 confugere
400 3139 518 3211 sedin
539 3139 662 3211 eadem
684 3147 900 3231 tempestate,
916 3161 987 3230 qua
999 3161 1054 3210 me
1074 3137 1258 3211 discedens

177 3261 359 3350 reliquisti,
381 3262 544 3334 iactatum
566 3262 729 3334 fluctibus
750 3261 896 3346 haerere,
912 3260 1146 3355 nequidquam
1162 3282 1259 3354 saepe

178 3390 406 3451 retentantem
429 3385 508 3454 vele
528 3386 658 3470 lacere,
682 3384 711 3455 si
732 3382 812 3476 quis
837 3405 937 3455 meus
963 3395 1089 3455 ventus
1107 3384 1152 3456 ab
1168 3384 1261 3457 oeci-

177 3503 281 3575 dente
300 3517 540 3595 consurgerem
562 3508 627 3579 lroo
649 3517 765 3577 tamen
787 3507 861 3577 solo
882 3508 1001 3576 laetum
1027 3517 1063 3577 et
1087 3508 1158 3578 Deo
1178 3528 1260 3599 gro-

178 3627 244 3699 tias
266 3637 440 3718 agentem,
463 3627 557 3719 quod
578 3638 612 3698 to
631 3631 756 3699 saltem
776 3650 839 3722 per
864 3628 991 3699 multos
1018 3628 1157 3699 labores
1177 3650 1261 3701 eva-

178 3751 269 3822 sisse
289 3748 406 3834 video,
429 3750 593 3842 quodque
613 3750 776 3822 navicula
796 3761 856 3822 tuo
879 3773 925 3821 ex
951 3749 1077 3821 iisdem
1097 3748 1260 3842 periculis

177 3874 335 3955 veniens,
352 3883 413 3942 aut
432 3882 569 3964 portum
597 3882 702 3955 tenet,
730 3883 791 3943 aut
816 3874 916 3965 pleno
944 3870 1038 3943 subit
1056 3871 1146 3942 ostie
1171 3871 1260 3941 velo.

179 3996 348 4088 Deinceps
374 3994 567 4087 expeditior
591 3994 733 4067 casibus
760 3995 846 4066 meis
876 4016 1072 4079 occurram,
1107 3993 1203 4087 quod
1228 4004 1264 4064 et

178 4119 413 4210 consequendi
433 4117 645 4191 desiderium
672 4117 835 4210 ingessit,
861 4127 896 4188 et
928 4119 1078 4208 geminae
1110 4115 1264 4188 solicitu-

179 4234 270 4309 dinis
290 4240 434 4313 dimidia
453 4251 551 4335 porte
571 4241 739 4312 liberatus
762 4263 852 4312 sum.
874 4240 968 4310 Vale.
