2692 5024
458 711 649 781 manuscr
667 710 876 781 PETRARGAE

271 953 344 1037 or
395 950 582 1035 nunus
635 910 1071 1032 rturnrnn'mos

460 1173 616 1246 LIBER
633 1108 881 1245 1111111118.

559 1656 780 1725 mrsronar
839 1746 843 1751 ⁸

223 1844 417 1933 rnuncrsens
436 1872 606 1928 ermanno
626 1872 746 1925 monn
764 1872 964 1945 nnssnunnsr
982 1873 1010 1925 s.
1031 1850 1062 1925 i.
1085 1876 1119 1927 n.

401 2070 442 2129 Ite
455 2070 511 2129 situ
523 2068 622 2127 imule
635 2066 753 2136 Thalos,
767 2080 818 2122 oen
831 2064 944 2139 'l'tryton

227 2305 483 2382 Perambulanti
523 2314 684 2377 veterum
708 2300 873 2389 confinia,
900 2322 1048 2377 accesso
1070 2302 1217 2399 quidem

131 2451 272 2525 aspera,
300 2429 364 2502 sed
383 2449 522 2501 umoena
541 2428 626 2500 dum
646 2426 861 2520 perveneris,
883 2424 1007 2499 creber
1026 2430 1216 2524 scrupulus

131 2551 262 2644 ingenii
281 2550 371 2643 pede
390 2547 578 2622 calcandus
597 2557 663 2620 est.
681 2549 755 2620 Hoc
774 2570 868 2634 sane,
890 2569 996 2642 quem
1012 2557 1051 2622 tn
1067 2550 1131 2623 tibi
1150 2574 1218 2625 nn-

131 2694 196 2767 per
215 2672 378 2743 iniectum
405 2670 544 2756 scribis,
572 2691 639 2763 ego
664 2671 868 2764 iampridem
888 2693 1043 2766 premor,
1068 2694 1219 2768 quaero-

131 2816 202 2889 que
214 2793 331 2868 itidem
344 2814 496 2888 quanam
510 2793 741 2891 mnndiparto
755 2793 865 2866 Thule
878 2793 924 2866 sit
937 2794 1068 2868 insula:
1081 2818 1217 2891 qnaero,

133 2918 198 2992 sed
228 2917 279 3016 (ut
311 2940 436 2991 verum
468 2915 590 3013 fatear)
616 2939 682 2990 nec
706 2926 802 2990 certo
827 2918 953 3005 indice,
980 2941 1046 2991 nec
1070 2918 1118 2992 ad
1143 2941 1221 2993 rem

133 3042 344 3116 ducentibus
356 3041 577 3128 coniecturis,
592 3050 654 3114 aut
669 3040 796 3136 ipsam,
814 3051 875 3113 aut
891 3041 999 3112 ultam
1015 3040 1221 3115 inveniendi

135 3185 233 3258 spem
254 3165 404 3236 invenio.
425 3168 470 3238 Et
489 3165 567 3238 haec
587 3165 665 3251 tibi,
690 3164 832 3259 quidem
851 3185 899 3235 ex
919 3164 1005 3257 ipsis
1030 3165 1221 3239 Britannici

134 3286 261 3357 Oceani
281 3286 455 3372 litoribus,
477 3287 703 3383 propinquior
730 3285 781 3381 (ut
806 3287 897 3358 tama
921 3287 989 3382 est)
1015 3286 1084 3384 ipsi
1108 3310 1220 3382 qnam

133 3407 353 3500 vestigamus
372 3410 510 3497 insulae,
539 3407 669 3482 scribo:
690 3412 843 3500 proiecto
864 3410 970 3494 unde,
991 3411 1049 3481 vel
1074 3412 1221 3506 antiquo

133 3533 325 3605 litterarum
360 3531 488 3618 studio,
516 3536 574 3603 vel
599 3554 692 3604 nova
716 3553 758 3604 ac
783 3532 915 3604 solicita
940 3534 1095 3604 locorum
1120 3533 1221 3606 inda-

134 3658 233 3749 gine,
244 3655 374 3730 certius
387 3654 517 3749 aliquid
538 3654 693 3727 scribere
709 3676 816 3749 posse
832 3655 1035 3728 debueram.
1055 3657 1219 3730 Ultimum

134 3780 262 3873 quippe
282 3790 453 3852 terrarum
466 3799 555 3863 esse,
571 3798 640 3848 non
661 3777 865 3871 ambigitur3
886 3780 953 3851 hoe
972 3778 1141 3872 Virgilius
1160 3803 1221 3854 oa·

134 3903 198 3989 nit,
222 3904 289 3975 hoo
308 3903 451 3986 Seneca,
474 3898 553 3985 hoc,
577 3909 721 3972 secutus
745 3910 946 3997 utrumque,
973 3903 1132 3988 Boetius,
1152 3904 1220 3977 hoc

135 4026 248 4097 omnis
280 4023 430 4118 denique
457 4023 663 4118 scriptorum
688 4023 825 4096 cohors.
853 4026 941 4099 Illud
967 4048 1106 4119 quoque
1132 4027 1219 4098 satis

135 4143 224 4216 inter
244 4149 372 4219 multos
397 4146 572 4234 convenit,
599 4148 635 4220 in
659 4148 805 4222 oooidno
831 4158 943 4222 tractu
969 4149 1084 4234 sitam,
1112 4169 1219 4241 quam
1262 4161 1268 4173 ·

135 4264 340 4356 longissime
359 4270 405 4341 ab
424 4280 503 4343 ortu
525 4272 609 4344 sotis
628 4283 664 4345 et
682 4296 705 4347 a
724 4272 869 4346 meridie
886 4272 1089 4346 recessisse.
1108 4273 1221 4343 Caete-

137 4409 216 4459 rum
239 4387 353 4475 nobis,
375 4392 411 4463 in
431 4393 610 4468 occidente
633 4395 770 4490 positis,
798 4396 958 4471 stimulos
983 4396 1118 4471 addidit
1141 4395 1219 4493 ipsa
