2692 5024
408 738 500 786 LlBEll
520 735 856 787 ramus-amamus
877 737 929 786 vll.
1165 734 1203 796 59

134 887 227 961 haud
243 890 352 958 multo
368 887 537 957 maiorum
557 885 726 957 vermium
742 889 913 979 exemplo,
932 909 1080 980 quorum
1092 914 1138 964 ex
1150 894 1204 966 vi-

134 1009 289 1085 sceribus
316 1009 463 1081 sericum
488 1008 616 1103 prodit,
644 1031 691 1080 ex
718 1008 856 1101 seipso
882 1032 1005 1102 sapere
1030 1016 1144 1107 potius
1169 1031 1205 1091 et

133 1136 239 1229 loqui,
267 1131 455 1206 dummodo
478 1143 513 1204 ct
537 1154 662 1205 sensus
687 1131 805 1224 gravis
831 1154 871 1203 ac
895 1155 1013 1221 verus,
1036 1148 1072 1208 et
1091 1159 1205 1212 sermo

131 1267 226 1328 esset
254 1264 407 1327 omatus.
432 1255 562 1326 Verum
586 1254 760 1349 quiahoc
784 1266 844 1328 aut
868 1258 951 1328 nulli
976 1281 1119 1353 prorsus
1145 1275 1206 1336 ant

131 1377 351 1472 paucissimis
370 1377 571 1462 detumeat,
588 1380 738 1450 teramus
756 1380 994 1472 {equanimiter
1006 1383 1132 1476 ingenii
1144 1409 1206 1457 no-

133 1502 195 1574 stri
217 1511 358 1585 sortem,
381 1524 444 1573 nec
465 1499 643 1572 altioribus
660 1501 870 1589 invidentes,
892 1525 957 1575 nec
977 1504 1204 1600 despicientes

133 1627 192 1720 qui
208 1626 296 1698 infra
312 1646 375 1697 nos
397 1633 489 1708 sunt,
510 1645 572 1695 nec
597 1623 738 1716 paribus
763 1624 959 1719 importuni.
986 1629 1063 1701 Scio
1088 1641 1204 1704 autem

132 1749 216 1844 quid
236 1759 273 1821 tu
289 1770 381 1820 nnnc
398 1745 521 1819 tacitns
539 1745 636 1818 dicis.
654 1748 763 1820 llomo
779 1747 836 1820 hic
855 1771 910 1821 mc
927 1771 947 1820 a
966 1751 1081 1825 studio
1097 1765 1207 1827 retra-

133 1872 195 1958 hit,
216 1882 252 1943 et
271 1869 317 1942 ab
331 1869 502 1941 industria
522 1868 739 1955 dehortatur,
757 1871 841 1943 dnm
861 1872 1028 1963 patienter
1045 1875 1206 1966 ignoran-

132 1997 215 2067 tiam
231 1997 319 2066 terre
335 1993 445 2065 docet.
466 1994 541 2085 Ego
560 2015 646 2066 vero
666 1992 749 2064 nihil
769 1993 882 2085 magis
902 1995 1095 2067 cavendum
1114 1999 1206 2070 arbi-

132 2129 214 2202 tror,
230 2137 336 2211 quam
351 2139 395 2188 ne
410 2116 549 2207 ignavia
565 2126 790 2187 consenescat
806 2117 990 2208 ingenium.
1005 2118 1100 2190 Licet
1111 2120 1204 2193 enim

132 2242 251 2313 Cicero
272 2239 399 2311 scribat
421 2239 531 2310 videri
553 2237 618 2308 sibi
643 2237 814 2323 homineS,
836 2262 943 2332 quum
961 2243 1078 2312 multis
1099 2244 1204 2316 rebus

131 2361 332 2435 humiliores
358 2372 393 2433 et
410 2360 617 2432 infirmiores
643 2359 727 2442 sint,
753 2359 819 2432 hac
844 2382 882 2431 re
908 2361 1060 2433 maxime
1083 2364 1204 2437 bestiis

130 2494 310 2580 praestare,
332 2485 427 2578 quod
446 2484 539 2577 loqui
560 2493 721 2577 possunt:
742 2492 855 2556 tamen
875 2485 912 2556 id
931 2486 987 2558 vel
1006 2487 1133 2559 oratori
1159 2488 1205 2559 ad

131 2608 458 2681 commendationem
471 2608 564 2693 artie,
575 2629 680 2700 quam
690 2605 854 2693 tradebat,
870 2606 1116 2701 indulgendum
1124 2610 1202 2695 luit3

131 2732 186 2803 vel
203 2732 254 2803 sic
270 2731 515 2826 accipiendum,
531 2740 569 2801 ut
585 2731 699 2825 ipsum
713 2731 802 2822 loqui
812 2754 908 2825 posse
921 2732 996 2803 sine
1008 2733 1140 2827 praevio
1152 2734 1205 2805 in-

132 2857 265 2927 tellectu
283 2877 449 2927 essenon
467 2854 588 2949 possit.
610 2851 770 2947 Alioquin
789 2857 897 2926 multo
916 2855 1000 2926 mibi
1017 2858 1131 2950 potius
1150 2858 1204 2928 vi-

130 2977 255 3049 dentur
267 2978 302 3048 in
313 2999 356 3050 co
369 2978 571 3070 praecellere,
582 2976 677 3069 quod
689 2977 885 3069 intelligere,
896 2976 991 3069 quod
1000 2979 1204 3049 multaseire

131 3122 172 3172 ae
188 3100 384 3171 meminisse
404 3108 566 3192 possunt;
584 3098 678 3192 quod
694 3097 817 3170 belluis
837 3109 961 3169 natura
980 3120 1049 3169 non
1071 3098 1201 3183 tribuit,

131 3222 265 3295 tametsi
278 3223 429 3315 aliquam
442 3222 641 3307 intellectus,
655 3221 872 3293 discretionis
880 3231 915 3291 et
922 3221 1095 3292 memoriae
1109 3221 1205 3292 simi-

130 3343 307 3417 litudinem
331 3345 461 3417 habere
484 3346 678 3418 videantur.
704 3345 794 3430 Quid
818 3349 925 3438 ergo?
949 3347 1075 3419 Hortor
1101 3355 1204 3442 atque

131 3468 288 3552 obsecro,
318 3476 358 3537 nt
385 3469 477 3540 omni
495 3465 673 3561 vigilantia
700 3480 735 3542 et
767 3469 913 3542 summis
938 3468 1073 3541 viribus
1099 3470 1204 3543 animi

131 3589 304 3677 tenebras,
319 3590 545 3683 ignorantiam
557 3592 781 3686 depellamus,
795 3593 1033 3685 enitamurque
1050 3593 1084 3662 in
1102 3592 1203 3663 terris

132 3713 261 3808 aliquid
282 3713 472 3801 addiscere,
494 3739 563 3810 quo
580 3716 639 3787 via
655 3715 755 3788 nobis
773 3715 817 3789 ad
834 3719 958 3788 coelum
977 3712 1046 3784 liat.
1069 3713 1136 3783 Sed
1153 3712 1204 3781 in-

131 3836 267 3908 terdum
288 3838 558 3925 meminerimus
582 3840 613 3911 si
629 3843 715 3913 torte
737 3839 834 3936 (quia
852 3861 921 3909 non
938 3857 1056 3907 omnes
1075 3856 1144 3904 uno
1157 3835 1205 3903 si-

130 3960 215 4032 dere
233 3961 422 4057 nascimur)
445 3963 596 4034 tarditati
608 3973 738 4035 nostrae
751 3964 816 4033 iter
830 3958 874 4032 ad
888 3979 1025 4031 summa
1038 3978 1106 4026 non
1119 3978 1204 4048 pan-

130 4084 240 4170 ditur,
262 4083 382 4156 decere
399 4108 463 4156 nos
484 4085 611 4177 ingenii
627 4086 780 4156 terminis
800 4104 881 4155 esse
900 4090 1092 4161 contentos
1115 4100 1202 4170 quos

129 4207 222 4281 lleus
242 4208 343 4280 nobis
364 4218 399 4280 et
418 4216 540 4279 natura
560 4205 785 4298 praefixerint.
807 4201 907 4289 Quod
928 4201 993 4272 nisi
1011 4199 1201 4286 fecerimus,

130 4351 308 4424 nunquam
329 4332 405 4402 sine
424 4331 548 4402 mentis
569 4327 744 4400 anxietate
762 4324 866 4399 futuri
884 4345 1017 4395 sumus.
1031 4322 1202 4406 Quamdiu

128 4452 220 4523 enim
240 4454 276 4524 in
296 4452 524 4543 cognitionem
545 4471 660 4523 rerum
680 4445 821 4532 ibimus,
835 4444 929 4538 quod
945 4445 1009 4515 iter
1025 4466 1201 4541 nunquam

131 4574 355 4649 intermittere
367 4574 478 4668 usque
490 4574 535 4649 ad
547 4582 742 4650 extremum
755 4569 912 4665 spiritum
924 4567 1105 4655 debemus,
1120 4567 1200 4642 novi
