2692 5024
714 458 718 466 s

371 670 537 721 intuemur
559 672 732 721 ternanos
753 672 928 722 rnnrsrro.
1143 662 1182 722 l5

115 826 230 909 patum
263 812 406 896 haruin
439 827 474 886 ct
504 815 581 887 lieet
612 816 791 888 dulcedine
822 839 891 888 non
923 839 1045 909 parva,
1080 829 1183 911 atque

113 960 229 1011 amore
249 937 295 1009 ad
314 937 471 1031 proprias
492 937 707 1009 inventiones
732 938 836 1010 insito
861 940 1073 1023 retraherer,
1101 940 1184 1012 vicit

115 1072 227 1133 temen
239 1058 390 1131 charitas
402 1058 570 1131 maiorum
583 1080 741 1152 operum,
757 1082 836 1152 quae
851 1060 918 1130 inm
932 1059 1061 1131 diutius
1078 1061 1184 1133 inter-

113 1193 227 1274 rupta,
261 1202 332 1253 non
364 1180 438 1254 sine
469 1181 706 1274 expectatione
737 1186 922 1254 multorum
954 1183 998 1253 de
1023 1181 1182 1253 mnnibns

113 1304 199 1377 meis
240 1303 399 1396 pendent.
440 1303 530 1376 Vicit
568 1305 757 1377 recordatio
789 1305 872 1376 vitae
909 1304 1038 1377 brevis.
1073 1304 1183 1377 Timui

97 1409 245 1521 (fateor)
268 1425 422 1498 insidias.
443 1426 534 1511 Quid
552 1427 659 1511 enim,
681 1449 815 1520 qnaeso,
836 1428 993 1518 fugacius
1014 1427 1087 1498 vita
1106 1430 1184 1499 esti

114 1548 204 1634 Quid
228 1557 338 1619 morte
363 1548 576 1641 sequacius‘l
609 1549 720 1621 Subiit
743 1551 895 1623 animum
921 1572 1002 1643 quae
1027 1550 1182 1623 iecissem

114 1672 355 1745 fundamenta:
381 1672 467 1763 quid
486 1672 569 1742 mihi
588 1671 759 1757 laborum,
786 1673 1051 1766 vigiliarumque
1075 1684 1185 1745 reste-

116 1805 175 1866 ret.
198 1793 386 1867 Temeritas
416 1793 590 1865 imovero
618 1793 752 1866 insania
772 1794 849 1866 visa
866 1806 921 1866 est
940 1796 976 1866 in
997 1807 1065 1867 tam
1086 1795 1184 1867 brevi

114 1926 149 1985 et
167 1915 295 1987 incerto
316 1925 467 2008 tempore
487 1924 536 1987 tot
551 1917 672 2005 longos
688 1926 869 2008 certosque
885 1914 1020 1986 labores
1038 1918 1185 2008 amplec-

118 2037 164 2122 ti,
185 2047 220 2109 et
239 2036 301 2109 vix
320 2036 365 2111 ad
386 2037 522 2129 singula
543 2037 764 2111 suffecturum
790 2038 966 2130 ingenium
985 2039 1020 2109 in
1044 2037 1185 2108 diversa

117 2157 321 2244 distrahere,
347 2159 540 2252 praesertim
564 2183 644 2233 oum
670 2159 721 2252 (ut
744 2160 863 2252 nosti),
896 2160 992 2231 labor
1017 2160 1105 2233 alius
1129 2182 1185 2233 mc

119 2290 253 2353 manent
273 2290 366 2353 tanto
386 2281 596 2373 praeclarior,
618 2291 746 2372 quanto
763 2283 840 2373 plus
863 2281 982 2353 solidae
1003 2281 1115 2352 laudis
1131 2294 1186 2354 est

119 2401 154 2473 in
175 2400 363 2475 actionibus
383 2425 488 2495 quam
507 2403 544 2475 in
569 2401 698 2475 verbis.
725 2401 816 2486 Quid
840 2405 976 2475 multa?
1001 2401 1187 2473 incredibi-

119 2525 183 2597 lem
204 2526 289 2599 lortc
308 2548 381 2597 rem
402 2525 543 2610 audies,
565 2547 684 2596 veram
705 2536 840 2607 tamem
862 2524 953 2595 mille
973 2526 1028 2594 vel
1047 2546 1089 2597 eo
1113 2546 1185 2595 am·

118 2648 228 2740 plius,
252 2672 314 2721 seu
334 2649 446 2721 omnis
468 2649 603 2742 generis
625 2672 746 2742 sparsa
766 2659 938 2743 poemate,
961 2671 1023 2722 seu
1041 2649 1187 2722 familia·

119 2795 173 2845 ms
190 2773 376 2866 epistolas,
398 2794 468 2845 non
487 2773 568 2865 quia
588 2771 673 2843 nihil
692 2772 726 2845 in
745 2772 798 2844 eis
815 2771 1012 2866 placuisset,
1032 2773 1187 2866 sedquia

119 2896 194 2986 plus
214 2893 357 2985 negotii,
374 2916 479 2985 qunm
500 2893 685 2987 voluptatis
702 2894 825 2978 inerat,
843 2895 997 2966 Vulcano
1012 2894 1187 2984 corrigen-

118 3015 182 3087 dns
202 3015 338 3100 tradidi,
360 3037 430 3085 non
450 3015 525 3089 sine
544 3015 694 3108 suspirio
710 3014 865 3106 quidem;
885 3014 970 3104 quid
990 3013 1082 3083 enim
1102 3015 1187 3085 mol-

119 3136 224 3209 litiem
241 3137 337 3211 lateri
357 3136 507 3229 pudeat?
527 3137 594 3211 Sed
610 3148 775 3230 occupato
793 3135 915 3219 anime,
935 3134 1095 3228 quamvis
1117 3135 1186 3207 acri

119 3257 277 3345 remedio,
301 3260 571 3333 succurrendum
592 3272 679 3343 erat,
700 3270 735 3332 et
754 3268 929 3350 tamquam
949 3257 984 3330 in
1004 3259 1072 3330 alto
1097 3278 1188 3352 prae-

118 3393 264 3473 gravata
274 3382 376 3455 navis
391 3382 577 3457 relevanda
589 3381 833 3475 praeciosurum
845 3380 949 3454 etiam
959 3381 1048 3454 iectu
1061 3403 1186 3455 rerum.

118 3505 291 3576 Caeterum
311 3504 375 3579 illis
395 3505 609 3591 ardentibus,
632 3527 741 3598 panon
757 3503 897 3597 quidem
914 3504 1140 3578 animadverti
1153 3505 1187 3576 in

117 3627 245 3717 angulo
276 3625 432 3712 incentis,
459 3649 540 3720 quae
569 3627 624 3700 vel
653 3649 737 3701 casu
762 3626 874 3718 magis
912 3649 1016 3719 quam
1045 3624 1188 3696 oonsilio

119 3759 268 3832 servata,
291 3752 347 3822 vel
367 3750 498 3843 pridem
524 3773 545 3821 a
564 3749 788 3825 familiaribus
815 3749 1040 3841 transcripta,
1066 3758 1188 3819 cuncta

119 3872 268 3945 vincenti
289 3872 385 3947 senio
405 3873 610 3947 restiterant.
628 3875 740 3946 Pauca
759 3872 849 3943 dixi:
871 3893 993 3941 vereor
1010 3891 1053 3939 ne
1071 3869 1187 3939 lectori

119 3995 239 4078 multa,
261 3995 419 4088 scriptori
439 4006 554 4069 autem
575 3997 675 4086 longe
695 3993 801 4067 nimia
820 3992 1012 4065 videantur.
1041 3989 1103 4060 llis
1122 4011 1188 4080 ego

120 4113 351 4208 indulgentior
363 4116 427 4188 lui:
441 4115 560 4188 vivere
577 4138 703 4208 passus
724 4137 817 4197 sum,
839 4136 909 4185 non
929 4114 1063 4184 illoru'm
1076 4110 1189 4201 digni-

121 4239 193 4324 tati,
216 4238 279 4311 sed
300 4238 406 4311 labori
425 4261 501 4311 meo
518 4238 712 4311 consulens.
730 4233 821 4305 Nihil
837 4234 929 4305 enim
946 4232 1080 4323 negocii
1099 4253 1189 4326 prae

119 4363 281 4437 terebant.
315 4364 367 4436 Ea
398 4386 482 4437 vero
505 4363 652 4437 duorum
679 4358 866 4432 amicornm
890 4355 1027 4429 librenti
1052 4355 1189 4448 ingenia

122 4486 185 4559 hac
204 4491 301 4559 lance
320 4485 437 4579 partiri
457 4486 572 4559 visum
592 4495 658 4568 cst,
679 4493 718 4555 ut
736 4502 840 4574 prose
860 4479 935 4564 tibi,
954 4501 1092 4555 carmen
1106 4481 1190 4553 But-
