<?xml version="1.0" encoding="UTF-8"?>
<!DOCTYPE html PUBLIC "-//W3C//DTD XHTML 1.0 Transitional//EN"
    "http://www.w3.org/TR/xhtml1/DTD/xhtml1-transitional.dtd">
<html xmlns="http://www.w3.org/1999/xhtml" xml:lang="en" lang="en">
 <head>
  <title>
</title>
<meta http-equiv="Content-Type" content="text/html;charset=utf-8" />
  <meta name='ocr-system' content='tesseract 3.04.00' />
  <meta name='ocr-capabilities' content='ocr_page ocr_carea ocr_par ocr_line ocrx_word'/>
</head>
<body>
  <div class='ocr_page' id='page_1' title='image "./epistolaederebu00fracgoog_0281.png"; bbox 0 0 2692 5024; ppageno 0'>
   <div class='ocr_carea' id='block_1_1' title="bbox 80 663 911 725">
    <p class='ocr_par' dir='ltr' id='par_1_1' title="bbox 80 663 911 725">
     <span class='ocr_line' id='line_1_1' title="bbox 80 663 911 725; baseline -0.002 -2"><span class='ocrx_word' id='word_1_1' title='bbox 80 698 88 713; x_wconf 89' lang='lat'>·</span> <span class='ocrx_word' id='word_1_2' title='bbox 165 663 222 725; x_wconf 79' lang='lat'>118</span> <span class='ocrx_word' id='word_1_3' title='bbox 501 672 544 723; x_wconf 76' lang='lat' dir='ltr'>BE</span> <span class='ocrx_word' id='word_1_4' title='bbox 565 672 667 723; x_wconf 76' lang='lat' dir='ltr'>RBBUS</span> <span class='ocrx_word' id='word_1_5' title='bbox 688 671 911 722; x_wconf 64' lang='lat' dir='ltr'>combinamus</span> 
     </span>
    </p>
   </div>
   <div class='ocr_carea' id='block_1_2' title="bbox 163 818 1341 4467">
    <p class='ocr_par' dir='ltr' id='par_1_2' title="bbox 163 818 1341 4467">
     <span class='ocr_line' id='line_1_2' title="bbox 163 818 1252 915; baseline -0.004 -20"><span class='ocrx_word' id='word_1_6' title='bbox 163 823 265 895; x_wconf 88' lang='lat' dir='ltr'>aliter</span> <span class='ocrx_word' id='word_1_7' title='bbox 288 841 394 915; x_wconf 93' lang='lat' dir='ltr'>quam</span> <span class='ocrx_word' id='word_1_8' title='bbox 416 820 462 904; x_wconf 89' lang='lat' dir='ltr'>si,</span> <span class='ocrx_word' id='word_1_9' title='bbox 484 819 520 891; x_wconf 95' lang='lat' dir='ltr'>in</span> <span class='ocrx_word' id='word_1_10' title='bbox 545 829 651 893; x_wconf 82' lang='lat' dir='ltr'>aetate</span> <span class='ocrx_word' id='word_1_11' title='bbox 675 828 746 893; x_wconf 91' lang='lat' dir='ltr'>tam</span> <span class='ocrx_word' id='word_1_12' title='bbox 771 821 890 912; x_wconf 80' lang='lat' dir='ltr'>longa,</span> <span class='ocrx_word' id='word_1_13' title='bbox 916 818 1003 912; x_wconf 93' lang='lat' dir='ltr'>qnid</span> <span class='ocrx_word' id='word_1_14' title='bbox 1027 819 1173 893; x_wconf 87' lang='lat' dir='ltr'>morbus</span> <span class='ocrx_word' id='word_1_15' title='bbox 1192 839 1252 891; x_wconf 90' lang='lat' dir='ltr'>es-</span> 
     </span>
     <span class='ocr_line' id='line_1_3' title="bbox 165 941 1251 1037; baseline -0.006 -18"><span class='ocrx_word' id='word_1_16' title='bbox 165 954 219 1019; x_wconf 86' lang='lat' dir='ltr'>set</span> <span class='ocrx_word' id='word_1_17' title='bbox 243 945 433 1037; x_wconf 78' lang='lat' dir='ltr'>ignorares.</span> <span class='ocrx_word' id='word_1_18' title='bbox 467 941 649 1025; x_wconf 87' lang='lat' dir='ltr'>Quomodo</span> <span class='ocrx_word' id='word_1_19' title='bbox 679 952 796 1015; x_wconf 77' lang='lat' dir='ltr'>anoem</span> <span class='ocrx_word' id='word_1_20' title='bbox 828 963 868 1013; x_wconf 89' lang='lat' dir='ltr'>se</span> <span class='ocrx_word' id='word_1_21' title='bbox 895 941 1070 1014; x_wconf 88' lang='lat' dir='ltr'>adversus</span> <span class='ocrx_word' id='word_1_22' title='bbox 1101 951 1251 1015; x_wconf 88' lang='lat' dir='ltr'>mortem</span> 
     </span>
     <span class='ocr_line' id='line_1_4' title="bbox 164 1062 1253 1163; baseline -0.005 -22"><span class='ocrx_word' id='word_1_23' title='bbox 164 1066 375 1163; x_wconf 84' lang='lat' dir='ltr'>praeparabit</span> <span class='ocrx_word' id='word_1_24' title='bbox 400 1064 552 1151; x_wconf 88' lang='lat' dir='ltr'>animus,</span> <span class='ocrx_word' id='word_1_25' title='bbox 579 1067 668 1138; x_wconf 89' lang='lat' dir='ltr'>inter</span> <span class='ocrx_word' id='word_1_26' title='bbox 692 1064 769 1138; x_wconf 83' lang='lat' dir='ltr'>baec</span> <span class='ocrx_word' id='word_1_27' title='bbox 794 1062 994 1159; x_wconf 86' lang='lat' dir='ltr'>quotidiana</span> <span class='ocrx_word' id='word_1_28' title='bbox 1023 1074 1097 1135; x_wconf 89' lang='lat' dir='ltr'>tam</span> <span class='ocrx_word' id='word_1_29' title='bbox 1121 1086 1253 1158; x_wconf 91' lang='lat' dir='ltr'>queru-</span> 
     </span>
     <span class='ocr_line' id='line_1_5' title="bbox 166 1185 1253 1283; baseline -0.002 -23"><span class='ocrx_word' id='word_1_30' title='bbox 166 1193 255 1264; x_wconf 77' lang='lat' dir='ltr'>lus?</span> <span class='ocrx_word' id='word_1_31' title='bbox 279 1188 350 1263; x_wconf 87' lang='lat' dir='ltr'>Sed</span> <span class='ocrx_word' id='word_1_32' title='bbox 374 1212 418 1263; x_wconf 91' lang='lat' dir='ltr'>ne</span> <span class='ocrx_word' id='word_1_33' title='bbox 443 1187 546 1261; x_wconf 89' lang='lat' dir='ltr'>latins</span> <span class='ocrx_word' id='word_1_34' title='bbox 571 1188 731 1261; x_wconf 84' lang='lat' dir='ltr'>effundar</span> <span class='ocrx_word' id='word_1_35' title='bbox 753 1186 982 1283; x_wconf 89' lang='lat' dir='ltr'>(amplissima</span> <span class='ocrx_word' id='word_1_36' title='bbox 1000 1185 1096 1259; x_wconf 92' lang='lat' dir='ltr'>enim</span> <span class='ocrx_word' id='word_1_37' title='bbox 1115 1208 1176 1259; x_wconf 84' lang='lat' dir='ltr'>res</span> <span class='ocrx_word' id='word_1_38' title='bbox 1194 1196 1253 1260; x_wconf 91' lang='lat' dir='ltr'>est</span> 
     </span>
     <span class='ocr_line' id='line_1_6' title="bbox 165 1294 1253 1407; baseline -0.004 -20"><span class='ocrx_word' id='word_1_39' title='bbox 165 1323 202 1387; x_wconf 92' lang='lat' dir='ltr'>et</span> <span class='ocrx_word' id='word_1_40' title='bbox 229 1294 417 1386; x_wconf 88' lang='lat' dir='ltr'>verborum</span> <span class='ocrx_word' id='word_1_41' title='bbox 442 1311 581 1407; x_wconf 83' lang='lat' dir='ltr'>egens),</span> <span class='ocrx_word' id='word_1_42' title='bbox 609 1313 727 1407; x_wconf 81' lang='lat' dir='ltr'>accipe</span> <span class='ocrx_word' id='word_1_43' title='bbox 755 1311 910 1384; x_wconf 88' lang='lat' dir='ltr'>breviter</span> <span class='ocrx_word' id='word_1_44' title='bbox 943 1330 1178 1405; x_wconf 90' lang='lat' dir='ltr'>quaecumque</span> <span class='ocrx_word' id='word_1_45' title='bbox 1206 1310 1253 1383; x_wconf 94' lang='lat' dir='ltr'>de</span> 
     </span>
     <span class='ocr_line' id='line_1_7' title="bbox 167 1430 1254 1527; baseline 0 -22"><span class='ocrx_word' id='word_1_46' title='bbox 167 1434 224 1506; x_wconf 92' lang='lat' dir='ltr'>bis</span> <span class='ocrx_word' id='word_1_47' title='bbox 249 1434 402 1527; x_wconf 83' lang='lat' dir='ltr'>querelis</span> <span class='ocrx_word' id='word_1_48' title='bbox 423 1455 444 1504; x_wconf 90' lang='lat' dir='ltr'>a</span> <span class='ocrx_word' id='word_1_49' title='bbox 469 1454 526 1503; x_wconf 91' lang='lat' dir='ltr'>me</span> <span class='ocrx_word' id='word_1_50' title='bbox 551 1431 629 1524; x_wconf 90' lang='lat' dir='ltr'>ipso</span> <span class='ocrx_word' id='word_1_51' title='bbox 653 1430 814 1505; x_wconf 83' lang='lat' dir='ltr'>diffusius</span> <span class='ocrx_word' id='word_1_52' title='bbox 839 1432 908 1505; x_wconf 91' lang='lat' dir='ltr'>dici</span> <span class='ocrx_word' id='word_1_53' title='bbox 929 1434 1050 1504; x_wconf 90' lang='lat' dir='ltr'>solent.</span> <span class='ocrx_word' id='word_1_54' title='bbox 1070 1430 1182 1503; x_wconf 90' lang='lat' dir='ltr'>Nimis</span> <span class='ocrx_word' id='word_1_55' title='bbox 1202 1433 1254 1506; x_wconf 85' lang='lat' dir='ltr'>sa-</span> 
     </span>
     <span class='ocr_line' id='line_1_8' title="bbox 167 1552 1256 1638; baseline -0.006 -9"><span class='ocrx_word' id='word_1_56' title='bbox 167 1554 254 1629; x_wconf 90' lang='lat' dir='ltr'>ciles</span> <span class='ocrx_word' id='word_1_57' title='bbox 281 1575 408 1627; x_wconf 90' lang='lat' dir='ltr'>sumus</span> <span class='ocrx_word' id='word_1_58' title='bbox 445 1552 491 1625; x_wconf 94' lang='lat' dir='ltr'>ad</span> <span class='ocrx_word' id='word_1_59' title='bbox 526 1553 763 1626; x_wconf 88' lang='lat' dir='ltr'>accusandum</span> <span class='ocrx_word' id='word_1_60' title='bbox 794 1562 970 1638; x_wconf 84' lang='lat' dir='ltr'>naturam3</span> <span class='ocrx_word' id='word_1_61' title='bbox 1008 1573 1113 1624; x_wconf 91' lang='lat' dir='ltr'>nemo</span> <span class='ocrx_word' id='word_1_62' title='bbox 1148 1552 1256 1625; x_wconf 81' lang='lat' dir='ltr'>deflet</span> 
     </span>
     <span class='ocr_line' id='line_1_9' title="bbox 167 1675 1254 1772; baseline -0.003 -23"><span class='ocrx_word' id='word_1_63' title='bbox 167 1679 264 1772; x_wconf 94' lang='lat' dir='ltr'>quod</span> <span class='ocrx_word' id='word_1_64' title='bbox 288 1676 462 1761; x_wconf 74' lang='lat' dir='ltr'>nascitur-3</span> <span class='ocrx_word' id='word_1_65' title='bbox 486 1696 604 1760; x_wconf 91' lang='lat' dir='ltr'>nemo,</span> <span class='ocrx_word' id='word_1_66' title='bbox 630 1675 725 1769; x_wconf 90' lang='lat' dir='ltr'>quod</span> <span class='ocrx_word' id='word_1_67' title='bbox 748 1675 850 1761; x_wconf 82' lang='lat' dir='ltr'>vivit3</span> <span class='ocrx_word' id='word_1_68' title='bbox 871 1684 919 1759; x_wconf 91' lang='lat' dir='ltr'>at,</span> <span class='ocrx_word' id='word_1_69' title='bbox 944 1675 1039 1767; x_wconf 94' lang='lat' dir='ltr'>quod</span> <span class='ocrx_word' id='word_1_70' title='bbox 1058 1683 1254 1766; x_wconf 80' lang='lat' dir='ltr'>egestatem</span> 
     </span>
     <span class='ocr_line' id='line_1_10' title="bbox 169 1796 1256 1894; baseline -0.005 -20"><span class='ocrx_word' id='word_1_71' title='bbox 169 1800 288 1887; x_wconf 81' lang='lat' dir='ltr'>sentit,</span> <span class='ocrx_word' id='word_1_72' title='bbox 305 1800 403 1894; x_wconf 91' lang='lat' dir='ltr'>quud</span> <span class='ocrx_word' id='word_1_73' title='bbox 420 1799 560 1872; x_wconf 92' lang='lat' dir='ltr'>labores</span> <span class='ocrx_word' id='word_1_74' title='bbox 575 1799 719 1894; x_wconf 88' lang='lat' dir='ltr'>patitur,</span> <span class='ocrx_word' id='word_1_75' title='bbox 737 1799 832 1892; x_wconf 91' lang='lat' dir='ltr'>quod</span> <span class='ocrx_word' id='word_1_76' title='bbox 849 1798 1011 1881; x_wconf 80' lang='lat' dir='ltr'>senescit,</span> <span class='ocrx_word' id='word_1_77' title='bbox 1026 1796 1123 1891; x_wconf 93' lang='lat' dir='ltr'>quod</span> <span class='ocrx_word' id='word_1_78' title='bbox 1137 1818 1256 1891; x_wconf 75' lang='lat' dir='ltr'>aegro</span> 
     </span>
     <span class='ocr_line' id='line_1_11' title="bbox 169 1921 1255 2016; baseline -0.006 -19"><span class='ocrx_word' id='word_1_79' title='bbox 169 1932 236 2009; x_wconf 89' lang='lat' dir='ltr'>tat,</span> <span class='ocrx_word' id='word_1_80' title='bbox 261 1922 359 2016; x_wconf 89' lang='lat' dir='ltr'>quod</span> <span class='ocrx_word' id='word_1_81' title='bbox 383 1922 529 1994; x_wconf 91' lang='lat' dir='ltr'>moritur</span> <span class='ocrx_word' id='word_1_82' title='bbox 561 1921 711 2015; x_wconf 88' lang='lat' dir='ltr'>quisque</span> <span class='ocrx_word' id='word_1_83' title='bbox 735 1922 976 2014; x_wconf 87' lang='lat' dir='ltr'>conqueritur,</span> <span class='ocrx_word' id='word_1_84' title='bbox 1003 1921 1104 2012; x_wconf 88' lang='lat' dir='ltr'>quasi</span> <span class='ocrx_word' id='word_1_85' title='bbox 1129 1942 1255 1993; x_wconf 88' lang='lat' dir='ltr'>secun-</span> 
     </span>
     <span class='ocr_line' id='line_1_12' title="bbox 168 2042 1255 2138; baseline -0.004 -19"><span class='ocrx_word' id='word_1_86' title='bbox 168 2045 253 2119; x_wconf 95' lang='lat' dir='ltr'>dum</span> <span class='ocrx_word' id='word_1_87' title='bbox 272 2055 436 2119; x_wconf 90' lang='lat' dir='ltr'>naturam</span> <span class='ocrx_word' id='word_1_88' title='bbox 452 2045 569 2117; x_wconf 90' lang='lat' dir='ltr'>minus</span> <span class='ocrx_word' id='word_1_89' title='bbox 586 2045 663 2131; x_wconf 91' lang='lat' dir='ltr'>ista,</span> <span class='ocrx_word' id='word_1_90' title='bbox 683 2065 789 2138; x_wconf 91' lang='lat' dir='ltr'>quam</span> <span class='ocrx_word' id='word_1_91' title='bbox 802 2044 858 2115; x_wconf 90' lang='lat' dir='ltr'>illa</span> <span class='ocrx_word' id='word_1_92' title='bbox 873 2042 953 2114; x_wconf 91' lang='lat' dir='ltr'>sint.</span> <span class='ocrx_word' id='word_1_93' title='bbox 975 2045 1020 2125; x_wconf 84' lang='lat' dir='ltr'>Et</span> <span class='ocrx_word' id='word_1_94' title='bbox 1036 2045 1133 2116; x_wconf 89' lang='lat' dir='ltr'>nasci</span> <span class='ocrx_word' id='word_1_95' title='bbox 1148 2054 1186 2116; x_wconf 87' lang='lat' dir='ltr'>et</span> <span class='ocrx_word' id='word_1_96' title='bbox 1200 2045 1255 2117; x_wconf 87' lang='lat' dir='ltr'>vi-</span> 
     </span>
     <span class='ocr_line' id='line_1_13' title="bbox 169 2166 1253 2260; baseline 0 -19"><span class='ocrx_word' id='word_1_97' title='bbox 169 2190 268 2255; x_wconf 86' lang='lat' dir='ltr'>vere,</span> <span class='ocrx_word' id='word_1_98' title='bbox 296 2179 332 2241; x_wconf 88' lang='lat' dir='ltr'>et</span> <span class='ocrx_word' id='word_1_99' title='bbox 355 2169 539 2242; x_wconf 86' lang='lat' dir='ltr'>comedere</span> <span class='ocrx_word' id='word_1_100' title='bbox 565 2179 603 2240; x_wconf 87' lang='lat' dir='ltr'>et</span> <span class='ocrx_word' id='word_1_101' title='bbox 624 2167 774 2255; x_wconf 89' lang='lat' dir='ltr'>esurire,</span> <span class='ocrx_word' id='word_1_102' title='bbox 800 2177 835 2239; x_wconf 90' lang='lat' dir='ltr'>et</span> <span class='ocrx_word' id='word_1_103' title='bbox 860 2166 1012 2240; x_wconf 87' lang='lat' dir='ltr'>dormire</span> <span class='ocrx_word' id='word_1_104' title='bbox 1035 2175 1070 2239; x_wconf 93' lang='lat' dir='ltr'>et</span> <span class='ocrx_word' id='word_1_105' title='bbox 1094 2166 1253 2260; x_wconf 78' lang='lat' dir='ltr'>vigilare,</span> 
     </span>
     <span class='ocr_line' id='line_1_14' title="bbox 168 2289 1256 2382; baseline 0.001 -21"><span class='ocrx_word' id='word_1_106' title='bbox 168 2299 205 2362; x_wconf 91' lang='lat' dir='ltr'>et</span> <span class='ocrx_word' id='word_1_107' title='bbox 229 2289 386 2364; x_wconf 90' lang='lat' dir='ltr'>laborare</span> <span class='ocrx_word' id='word_1_108' title='bbox 411 2302 448 2363; x_wconf 88' lang='lat' dir='ltr'>et</span> <span class='ocrx_word' id='word_1_109' title='bbox 472 2313 669 2376; x_wconf 88' lang='lat' dir='ltr'>senescere,</span> <span class='ocrx_word' id='word_1_110' title='bbox 687 2300 722 2363; x_wconf 92' lang='lat' dir='ltr'>et</span> <span class='ocrx_word' id='word_1_111' title='bbox 739 2298 913 2382; x_wconf 72' lang='lat' dir='ltr'>aegrotare</span> <span class='ocrx_word' id='word_1_112' title='bbox 933 2298 968 2360; x_wconf 88' lang='lat' dir='ltr'>et</span> <span class='ocrx_word' id='word_1_113' title='bbox 988 2291 1085 2375; x_wconf 91' lang='lat' dir='ltr'>mori,</span> <span class='ocrx_word' id='word_1_114' title='bbox 1112 2299 1256 2362; x_wconf 89' lang='lat' dir='ltr'>natura-</span> 
     </span>
     <span class='ocr_line' id='line_1_15' title="bbox 170 2412 1254 2497; baseline 0.002 -14"><span class='ocrx_word' id='word_1_115' title='bbox 170 2414 217 2485; x_wconf 92' lang='lat' dir='ltr'>lia</span> <span class='ocrx_word' id='word_1_116' title='bbox 244 2426 341 2497; x_wconf 89' lang='lat' dir='ltr'>sunt;</span> <span class='ocrx_word' id='word_1_117' title='bbox 367 2425 405 2486; x_wconf 90' lang='lat' dir='ltr'>ut</span> <span class='ocrx_word' id='word_1_118' title='bbox 430 2436 532 2486; x_wconf 88' lang='lat' dir='ltr'>nemo</span> <span class='ocrx_word' id='word_1_119' title='bbox 558 2413 613 2485; x_wconf 92' lang='lat' dir='ltr'>his</span> <span class='ocrx_word' id='word_1_120' title='bbox 639 2413 838 2484; x_wconf 84' lang='lat' dir='ltr'>mortalium</span> <span class='ocrx_word' id='word_1_121' title='bbox 863 2421 979 2495; x_wconf 86' lang='lat' dir='ltr'>vacet,</span> <span class='ocrx_word' id='word_1_122' title='bbox 1001 2412 1070 2483; x_wconf 90' lang='lat' dir='ltr'>nisi</span> <span class='ocrx_word' id='word_1_123' title='bbox 1089 2414 1146 2485; x_wconf 92' lang='lat' dir='ltr'>cui</span> <span class='ocrx_word' id='word_1_124' title='bbox 1166 2417 1254 2485; x_wconf 86' lang='lat' dir='ltr'>sorte</span> 
     </span>
     <span class='ocr_line' id='line_1_16' title="bbox 172 2535 1255 2628; baseline 0 -21"><span class='ocrx_word' id='word_1_125' title='bbox 172 2537 377 2608; x_wconf 90' lang='lat' dir='ltr'>senescendi</span> <span class='ocrx_word' id='word_1_126' title='bbox 391 2536 646 2619; x_wconf 89' lang='lat' dir='ltr'>necessitatem,</span> <span class='ocrx_word' id='word_1_127' title='bbox 665 2535 894 2627; x_wconf 84' lang='lat' dir='ltr'>laborumque</span> <span class='ocrx_word' id='word_1_128' title='bbox 911 2536 1092 2606; x_wconf 84' lang='lat' dir='ltr'>molestias</span> <span class='ocrx_word' id='word_1_129' title='bbox 1103 2546 1139 2607; x_wconf 89' lang='lat' dir='ltr'>et</span> <span class='ocrx_word' id='word_1_130' title='bbox 1150 2537 1255 2628; x_wconf 78' lang='lat' dir='ltr'>aegri-</span> 
     </span>
     <span class='ocr_line' id='line_1_17' title="bbox 172 2657 1256 2750; baseline 0.005 -24"><span class='ocrx_word' id='word_1_131' title='bbox 172 2657 341 2741; x_wconf 89' lang='lat' dir='ltr'>tudinum,</span> <span class='ocrx_word' id='word_1_132' title='bbox 367 2658 561 2729; x_wconf 89' lang='lat' dir='ltr'>necessitas</span> <span class='ocrx_word' id='word_1_133' title='bbox 586 2657 708 2728; x_wconf 88' lang='lat' dir='ltr'>mortis</span> <span class='ocrx_word' id='word_1_134' title='bbox 733 2657 949 2750; x_wconf 85' lang='lat' dir='ltr'>praecipitata</span> <span class='ocrx_word' id='word_1_135' title='bbox 962 2657 1141 2730; x_wconf 88' lang='lat' dir='ltr'>remiserit.</span> <span class='ocrx_word' id='word_1_136' title='bbox 1162 2658 1256 2743; x_wconf 88' lang='lat' dir='ltr'>Quid</span> 
     </span>
     <span class='ocr_line' id='line_1_18' title="bbox 173 2778 1254 2873; baseline 0.004 -24"><span class='ocrx_word' id='word_1_137' title='bbox 173 2779 278 2871; x_wconf 80' lang='lat' dir='ltr'>igitur</span> <span class='ocrx_word' id='word_1_138' title='bbox 316 2779 454 2850; x_wconf 88' lang='lat' dir='ltr'>inutiles</span> <span class='ocrx_word' id='word_1_139' title='bbox 485 2780 646 2872; x_wconf 89' lang='lat' dir='ltr'>querelas</span> <span class='ocrx_word' id='word_1_140' title='bbox 676 2778 923 2851; x_wconf 79' lang='lat' dir='ltr'>effundimus?</span> <span class='ocrx_word' id='word_1_141' title='bbox 947 2778 1017 2865; x_wconf 78' lang='lat' dir='ltr'>An,</span> <span class='ocrx_word' id='word_1_142' title='bbox 1045 2781 1127 2873; x_wconf 90' lang='lat' dir='ltr'>quia</span> <span class='ocrx_word' id='word_1_143' title='bbox 1151 2779 1254 2853; x_wconf 92' lang='lat' dir='ltr'>nobis</span> 
     </span>
     <span class='ocr_line' id='line_1_19' title="bbox 174 2899 1257 2994; baseline 0 -21"><span class='ocrx_word' id='word_1_144' title='bbox 174 2900 259 2974; x_wconf 90' lang='lat' dir='ltr'>solis</span> <span class='ocrx_word' id='word_1_145' title='bbox 281 2901 349 2973; x_wconf 89' lang='lat' dir='ltr'>ista</span> <span class='ocrx_word' id='word_1_146' title='bbox 374 2899 593 2993; x_wconf 79' lang='lat' dir='ltr'>contingunt,</span> <span class='ocrx_word' id='word_1_147' title='bbox 621 2899 705 2973; x_wconf 87' lang='lat' dir='ltr'>solis</span> <span class='ocrx_word' id='word_1_148' title='bbox 730 2900 830 2973; x_wconf 90' lang='lat' dir='ltr'>nobis</span> <span class='ocrx_word' id='word_1_149' title='bbox 856 2904 976 2993; x_wconf 79' lang='lat' dir='ltr'>lugere</span> <span class='ocrx_word' id='word_1_150' title='bbox 1000 2902 1257 2994; x_wconf 84' lang='lat' dir='ltr'>permisimus?</span> 
     </span>
     <span class='ocr_line' id='line_1_20' title="bbox 175 3020 1257 3118; baseline 0.004 -25"><span class='ocrx_word' id='word_1_151' title='bbox 175 3020 245 3110; x_wconf 79' lang='lat' dir='ltr'>An,</span> <span class='ocrx_word' id='word_1_152' title='bbox 267 3025 349 3118; x_wconf 89' lang='lat' dir='ltr'>quia</span> <span class='ocrx_word' id='word_1_153' title='bbox 369 3022 547 3108; x_wconf 90' lang='lat' dir='ltr'>omnibus,</span> <span class='ocrx_word' id='word_1_154' title='bbox 568 3032 771 3094; x_wconf 92' lang='lat' dir='ltr'>cunctorum</span> <span class='ocrx_word' id='word_1_155' title='bbox 805 3023 908 3094; x_wconf 92' lang='lat' dir='ltr'>simul</span> <span class='ocrx_word' id='word_1_156' title='bbox 938 3023 973 3093; x_wconf 92' lang='lat' dir='ltr'>in</span> <span class='ocrx_word' id='word_1_157' title='bbox 1002 3045 1066 3096; x_wconf 90' lang='lat' dir='ltr'>nos</span> <span class='ocrx_word' id='word_1_158' title='bbox 1105 3024 1257 3097; x_wconf 88' lang='lat' dir='ltr'>lamenta</span> 
     </span>
     <span class='ocr_line' id='line_1_21' title="bbox 175 3145 1341 3242; baseline 0.005 -25"><span class='ocrx_word' id='word_1_159' title='bbox 175 3147 452 3218; x_wconf 80' lang='lat' dir='ltr'>transfundimus</span> <span class='ocrx_word' id='word_1_160' title='bbox 476 3155 526 3232; x_wconf 87' lang='lat' dir='ltr'>et,</span> <span class='ocrx_word' id='word_1_161' title='bbox 554 3148 650 3219; x_wconf 89' lang='lat' dir='ltr'>velut</span> <span class='ocrx_word' id='word_1_162' title='bbox 673 3146 816 3216; x_wconf 89' lang='lat' dir='ltr'>humani</span> <span class='ocrx_word' id='word_1_163' title='bbox 834 3145 974 3238; x_wconf 79' lang='lat' dir='ltr'>generis</span> <span class='ocrx_word' id='word_1_164' title='bbox 994 3156 1254 3242; x_wconf 88' lang='lat' dir='ltr'>procuratores,</span> <span class='ocrx_word' id='word_1_165' title='bbox 1337 3219 1341 3223; x_wconf 87' lang='lat'>.</span> 
     </span>
     <span class='ocr_line' id='line_1_22' title="bbox 174 3268 1258 3361; baseline 0.005 -25"><span class='ocrx_word' id='word_1_166' title='bbox 174 3279 334 3339; x_wconf 87' lang='lat' dir='ltr'>naturam</span> <span class='ocrx_word' id='word_1_167' title='bbox 360 3291 569 3340; x_wconf 88' lang='lat' dir='ltr'>accusamus</span> <span class='ocrx_word' id='word_1_168' title='bbox 595 3268 828 3341; x_wconf 79' lang='lat' dir='ltr'>immeritam?</span> <span class='ocrx_word' id='word_1_169' title='bbox 853 3268 1021 3340; x_wconf 91' lang='lat' dir='ltr'>Odiosum</span> <span class='ocrx_word' id='word_1_170' title='bbox 1043 3291 1127 3340; x_wconf 91' lang='lat' dir='ltr'>sanc</span> <span class='ocrx_word' id='word_1_171' title='bbox 1148 3292 1258 3361; x_wconf 81' lang='lat' dir='ltr'>nego-</span> 
     </span>
     <span class='ocr_line' id='line_1_23' title="bbox 173 3389 1259 3484; baseline 0.003 -22"><span class='ocrx_word' id='word_1_172' title='bbox 173 3391 265 3462; x_wconf 87' lang='lat' dir='ltr'>cium</span> <span class='ocrx_word' id='word_1_173' title='bbox 283 3402 317 3460; x_wconf 91' lang='lat' dir='ltr'>et</span> <span class='ocrx_word' id='word_1_174' title='bbox 334 3391 577 3484; x_wconf 90' lang='lat' dir='ltr'>importunum.</span> <span class='ocrx_word' id='word_1_175' title='bbox 597 3392 658 3460; x_wconf 93' lang='lat' dir='ltr'>llla</span> <span class='ocrx_word' id='word_1_176' title='bbox 674 3391 766 3462; x_wconf 92' lang='lat' dir='ltr'>enim</span> <span class='ocrx_word' id='word_1_177' title='bbox 784 3389 980 3472; x_wconf 88' lang='lat' dir='ltr'>mitissima;</span> <span class='ocrx_word' id='word_1_178' title='bbox 1003 3412 1066 3462; x_wconf 93' lang='lat' dir='ltr'>nos</span> <span class='ocrx_word' id='word_1_179' title='bbox 1087 3389 1259 3465; x_wconf 85' lang='lat' dir='ltr'>beneficia</span> 
     </span>
     <span class='ocr_line' id='line_1_24' title="bbox 173 3510 1257 3604; baseline 0 -21"><span class='ocrx_word' id='word_1_180' title='bbox 173 3513 250 3584; x_wconf 89' lang='lat' dir='ltr'>eius</span> <span class='ocrx_word' id='word_1_181' title='bbox 288 3534 349 3604; x_wconf 88' lang='lat' dir='ltr'>per</span> <span class='ocrx_word' id='word_1_182' title='bbox 387 3511 635 3604; x_wconf 89' lang='lat' dir='ltr'>impatientiam</span> <span class='ocrx_word' id='word_1_183' title='bbox 675 3510 980 3597; x_wconf 70' lang='lat' dir='ltr'>exacerbavimus</span> <span class='ocrx_word' id='word_1_184' title='bbox 1012 3511 1047 3581; x_wconf 94' lang='lat' dir='ltr'>in</span> <span class='ocrx_word' id='word_1_185' title='bbox 1079 3522 1257 3604; x_wconf 87' lang='lat' dir='ltr'>parentem</span> 
     </span>
     <span class='ocr_line' id='line_1_25' title="bbox 174 3633 1262 3730; baseline 0 -24"><span class='ocrx_word' id='word_1_186' title='bbox 174 3635 338 3730; x_wconf 91' lang='lat' dir='ltr'>optimam</span> <span class='ocrx_word' id='word_1_187' title='bbox 360 3635 499 3726; x_wconf 81' lang='lat' dir='ltr'>ingrati,</span> <span class='ocrx_word' id='word_1_188' title='bbox 522 3634 556 3704; x_wconf 95' lang='lat' dir='ltr'>in</span> <span class='ocrx_word' id='word_1_189' title='bbox 577 3633 812 3726; x_wconf 90' lang='lat' dir='ltr'>nosmetipsos</span> <span class='ocrx_word' id='word_1_190' title='bbox 833 3633 939 3725; x_wconf 90' lang='lat' dir='ltr'>impii.</span> <span class='ocrx_word' id='word_1_191' title='bbox 962 3634 1031 3704; x_wconf 92' lang='lat' dir='ltr'>Oro</span> <span class='ocrx_word' id='word_1_192' title='bbox 1051 3634 1177 3726; x_wconf 87' lang='lat' dir='ltr'>itaque,</span> <span class='ocrx_word' id='word_1_193' title='bbox 1197 3656 1262 3726; x_wconf 71' lang='lat' dir='ltr'>pa-,</span> 
     </span>
     <span class='ocr_line' id='line_1_26' title="bbox 174 3755 1257 3841; baseline -0.003 -11"><span class='ocrx_word' id='word_1_194' title='bbox 174 3768 227 3830; x_wconf 88' lang='lat' dir='ltr'>ter</span> <span class='ocrx_word' id='word_1_195' title='bbox 242 3757 495 3841; x_wconf 87' lang='lat' dir='ltr'>amantissime,</span> <span class='ocrx_word' id='word_1_196' title='bbox 511 3766 561 3841; x_wconf 89' lang='lat' dir='ltr'>et,</span> <span class='ocrx_word' id='word_1_197' title='bbox 578 3756 608 3826; x_wconf 93' lang='lat' dir='ltr'>si</span> <span class='ocrx_word' id='word_1_198' title='bbox 628 3766 767 3827; x_wconf 85' lang='lat' dir='ltr'>aetatom</span> <span class='ocrx_word' id='word_1_199' title='bbox 784 3756 874 3828; x_wconf 89' lang='lat' dir='ltr'>hanc</span> <span class='ocrx_word' id='word_1_200' title='bbox 892 3778 961 3827; x_wconf 95' lang='lat' dir='ltr'>non</span> <span class='ocrx_word' id='word_1_201' title='bbox 978 3755 1137 3840; x_wconf 87' lang='lat' dir='ltr'>dedecet,</span> <span class='ocrx_word' id='word_1_202' title='bbox 1152 3755 1257 3828; x_wconf 86' lang='lat' dir='ltr'>ctiam</span> 
     </span>
     <span class='ocr_line' id='line_1_27' title="bbox 174 3877 1259 3975; baseline -0.004 -23"><span class='ocrx_word' id='word_1_203' title='bbox 174 3884 319 3953; x_wconf 90' lang='lat' dir='ltr'>consulo</span> <span class='ocrx_word' id='word_1_204' title='bbox 345 3879 429 3975; x_wconf 81' lang='lat' dir='ltr'>(sic),</span> <span class='ocrx_word' id='word_1_205' title='bbox 452 3890 491 3950; x_wconf 87' lang='lat' dir='ltr'>ut</span> <span class='ocrx_word' id='word_1_206' title='bbox 511 3877 682 3972; x_wconf 92' lang='lat' dir='ltr'>quidquid</span> <span class='ocrx_word' id='word_1_207' title='bbox 701 3879 870 3963; x_wconf 88' lang='lat' dir='ltr'>evenerit,</span> <span class='ocrx_word' id='word_1_208' title='bbox 898 3880 1106 3951; x_wconf 87' lang='lat' dir='ltr'>inducamus</span> <span class='ocrx_word' id='word_1_209' title='bbox 1127 3879 1163 3948; x_wconf 92' lang='lat' dir='ltr'>in</span> <span class='ocrx_word' id='word_1_210' title='bbox 1183 3878 1259 3949; x_wconf 89' lang='lat' dir='ltr'>ani-</span> 
     </span>
     <span class='ocr_line' id='line_1_28' title="bbox 174 3999 1259 4087; baseline -0.002 -13"><span class='ocrx_word' id='word_1_211' title='bbox 174 4026 270 4074; x_wconf 94' lang='lat' dir='ltr'>mum</span> <span class='ocrx_word' id='word_1_212' title='bbox 291 4006 382 4074; x_wconf 86' lang='lat' dir='ltr'>serre</span> <span class='ocrx_word' id='word_1_213' title='bbox 399 4001 544 4087; x_wconf 80' lang='lat' dir='ltr'>sortiter,</span> <span class='ocrx_word' id='word_1_214' title='bbox 567 4004 657 4072; x_wconf 90' lang='lat' dir='ltr'>serre</span> <span class='ocrx_word' id='word_1_215' title='bbox 679 3999 869 4087; x_wconf 87' lang='lat' dir='ltr'>moderate,</span> <span class='ocrx_word' id='word_1_216' title='bbox 892 4004 982 4073; x_wconf 88' lang='lat' dir='ltr'>ierre</span> <span class='ocrx_word' id='word_1_217' title='bbox 1004 4002 1080 4074; x_wconf 90' lang='lat' dir='ltr'>sine</span> <span class='ocrx_word' id='word_1_218' title='bbox 1101 4000 1259 4072; x_wconf 78' lang='lat' dir='ltr'>eiulatio</span> 
     </span>
     <span class='ocr_line' id='line_1_29' title="bbox 175 4123 1258 4198; baseline 0.003 -6"><span class='ocrx_word' id='word_1_219' title='bbox 175 4124 278 4196; x_wconf 92' lang='lat' dir='ltr'>nibus</span> <span class='ocrx_word' id='word_1_220' title='bbox 303 4136 339 4196; x_wconf 92' lang='lat' dir='ltr'>ct</span> <span class='ocrx_word' id='word_1_221' title='bbox 369 4126 444 4198; x_wconf 92' lang='lat' dir='ltr'>sine</span> <span class='ocrx_word' id='word_1_222' title='bbox 475 4127 544 4195; x_wconf 88' lang='lat' dir='ltr'>ulla</span> <span class='ocrx_word' id='word_1_223' title='bbox 577 4123 822 4196; x_wconf 89' lang='lat' dir='ltr'>lamentatione</span> <span class='ocrx_word' id='word_1_224' title='bbox 856 4124 1026 4196; x_wconf 91' lang='lat' dir='ltr'>muliebri.</span> <span class='ocrx_word' id='word_1_225' title='bbox 1060 4123 1258 4196; x_wconf 87' lang='lat' dir='ltr'>Habuimus</span> 
     </span>
     <span class='ocr_line' id='line_1_30' title="bbox 175 4247 1260 4340; baseline 0.006 -27"><span class='ocrx_word' id='word_1_226' title='bbox 175 4247 267 4317; x_wconf 87' lang='lat' dir='ltr'>enim</span> <span class='ocrx_word' id='word_1_227' title='bbox 288 4248 518 4334; x_wconf 85' lang='lat' dir='ltr'>deliberandi,</span> <span class='ocrx_word' id='word_1_228' title='bbox 541 4260 590 4333; x_wconf 88' lang='lat' dir='ltr'>el,</span> <span class='ocrx_word' id='word_1_229' title='bbox 619 4248 749 4340; x_wconf 80' lang='lat' dir='ltr'>gratias</span> <span class='ocrx_word' id='word_1_230' title='bbox 770 4249 917 4335; x_wconf 85' lang='lat' dir='ltr'>Christe,</span> <span class='ocrx_word' id='word_1_231' title='bbox 946 4248 1117 4319; x_wconf 90' lang='lat' dir='ltr'>babemus</span> <span class='ocrx_word' id='word_1_232' title='bbox 1143 4247 1260 4320; x_wconf 89' lang='lat' dir='ltr'>adbuc</span> 
     </span>
     <span class='ocr_line' id='line_1_31' title="bbox 175 4366 1257 4467; baseline 0 -29"><span class='ocrx_word' id='word_1_233' title='bbox 175 4366 364 4441; x_wconf 87' lang='lat' dir='ltr'>deliberata</span> <span class='ocrx_word' id='word_1_234' title='bbox 383 4373 581 4467; x_wconf 83' lang='lat' dir='ltr'>exequendi</span> <span class='ocrx_word' id='word_1_235' title='bbox 602 4372 767 4466; x_wconf 87' lang='lat' dir='ltr'>spatium:</span> <span class='ocrx_word' id='word_1_236' title='bbox 780 4384 828 4458; x_wconf 91' lang='lat' dir='ltr'>ct,</span> <span class='ocrx_word' id='word_1_237' title='bbox 845 4374 923 4445; x_wconf 85' lang='lat' dir='ltr'>licet</span> <span class='ocrx_word' id='word_1_238' title='bbox 943 4375 1075 4464; x_wconf 80' lang='lat' dir='ltr'>vulgus</span> <span class='ocrx_word' id='word_1_239' title='bbox 1097 4369 1257 4453; x_wconf 88' lang='lat' dir='ltr'>insaniat,</span> 
     </span>
    </p>
   </div>
   <div class='ocr_carea' id='block_1_3' title="bbox 64 4495 1256 4589">
    <p class='ocr_par' dir='ltr' id='par_1_3' title="bbox 64 4495 1256 4589">
     <span class='ocr_line' id='line_1_32' title="bbox 64 4495 1256 4589; baseline 0.004 -29"><span class='ocrx_word' id='word_1_240' title='bbox 64 4564 71 4585; x_wconf 43' lang='grc' dir='ltr'><strong><em>Ι</em></strong></span> <span class='ocrx_word' id='word_1_241' title='bbox 177 4500 259 4562; x_wconf 88' lang='lat' dir='ltr'>sunt</span> <span class='ocrx_word' id='word_1_242' title='bbox 279 4500 393 4564; x_wconf 89' lang='lat' dir='ltr'>tamon</span> <span class='ocrx_word' id='word_1_243' title='bbox 415 4495 517 4567; x_wconf 91' lang='lat' dir='ltr'>nobis</span> <span class='ocrx_word' id='word_1_244' title='bbox 541 4496 718 4588; x_wconf 87' lang='lat' dir='ltr'>aliquanto</span> <span class='ocrx_word' id='word_1_245' title='bbox 743 4499 857 4589; x_wconf 81' lang='lat' dir='ltr'>magis</span> <span class='ocrx_word' id='word_1_246' title='bbox 883 4497 988 4569; x_wconf 87' lang='lat' dir='ltr'>sobrii</span> <span class='ocrx_word' id='word_1_247' title='bbox 1015 4498 1256 4577; x_wconf 85' lang='lat' dir='ltr'>consultores,</span> 
     </span>
    </p>
   </div>
   <div class='ocr_carea' id='block_1_4' title="bbox 0 0 1365 5024">
    <p class='ocr_par' dir='ltr' id='par_1_4' title="bbox 0 0 1365 5024">
     <span class='ocr_line' id='line_1_33' title="bbox 0 0 1365 5024; baseline 0 0"><span class='ocrx_word' id='word_1_248' title='bbox 0 0 1365 5024; x_wconf 95' lang='lat' dir='ltr'> </span> 
     </span>
    </p>
   </div>
  </div>
 </body>
</html>
