<?xml version="1.0" encoding="UTF-8"?>
<!DOCTYPE html PUBLIC "-//W3C//DTD XHTML 1.0 Transitional//EN"
    "http://www.w3.org/TR/xhtml1/DTD/xhtml1-transitional.dtd">
<html xmlns="http://www.w3.org/1999/xhtml" xml:lang="en" lang="en">
 <head>
  <title>
</title>
<meta http-equiv="Content-Type" content="text/html;charset=utf-8" />
  <meta name='ocr-system' content='tesseract 3.04.00' />
  <meta name='ocr-capabilities' content='ocr_page ocr_carea ocr_par ocr_line ocrx_word'/>
</head>
<body>
  <div class='ocr_page' id='page_1' title='image "./epistolaederebu00fracgoog_0019.png"; bbox 0 0 2692 5024; ppageno 0'>
   <div class='ocr_carea' id='block_1_1' title="bbox 420 310 423 317">
    <p class='ocr_par' dir='ltr' id='par_1_1' title="bbox 420 310 423 317">
     <span class='ocr_line' id='line_1_1' title="bbox 420 310 423 317; baseline 0 0"><span class='ocrx_word' id='word_1_1' title='bbox 420 310 423 317; x_wconf 73' lang='grc' dir='ltr'>ι</span> 
     </span>
    </p>
   </div>
   <div class='ocr_carea' id='block_1_2' title="bbox 131 664 802 715">
    <p class='ocr_par' dir='ltr' id='par_1_2' title="bbox 131 664 802 715">
     <span class='ocr_line' id='line_1_2' title="bbox 131 664 802 715; baseline -0.001 -2"><span class='ocrx_word' id='word_1_2' title='bbox 131 665 173 713; x_wconf 83' lang='lat' dir='ltr'><strong><em>xli</em></strong></span> <span class='ocrx_word' id='word_1_3' title='bbox 539 664 802 715; x_wconf 73' lang='lat' dir='ltr'><strong><em>imotedoutcttott.</em></strong></span> 
     </span>
    </p>
   </div>
   <div class='ocr_carea' id='block_1_3' title="bbox 125 805 1207 2960">
    <p class='ocr_par' dir='ltr' id='par_1_3' title="bbox 127 805 1206 1717">
     <span class='ocr_line' id='line_1_3' title="bbox 128 805 1204 886; baseline -0.001 -17"><span class='ocrx_word' id='word_1_4' title='bbox 128 806 208 869; x_wconf 90' lang='lat' dir='ltr'><strong><em>disse</em></strong></span> <span class='ocrx_word' id='word_1_5' title='bbox 224 805 456 868; x_wconf 72' lang='lat' dir='ltr'><strong><em>ambasciatores</em></strong></span> <span class='ocrx_word' id='word_1_6' title='bbox 474 805 631 868; x_wconf 88' lang='lat' dir='ltr'><strong><em>iliensium</em></strong></span> <span class='ocrx_word' id='word_1_7' title='bbox 650 807 679 867; x_wconf 92' lang='lat' dir='ltr'><strong><em>in</em></strong></span> <span class='ocrx_word' id='word_1_8' title='bbox 699 808 810 886; x_wconf 73' lang='lat' dir='ltr'><strong><em>togatos</em></strong></span> <span class='ocrx_word' id='word_1_9' title='bbox 827 805 982 867; x_wconf 88' lang='lat' dir='ltr'><strong><em>iliensium</em></strong></span> <span class='ocrx_word' id='word_1_10' title='bbox 995 822 1012 868; x_wconf 94' lang='lat' dir='ltr'><strong><em>a</em></strong></span> <span class='ocrx_word' id='word_1_11' title='bbox 1025 822 1058 868; x_wconf 94' lang='lat' dir='ltr'><strong><em>se</em></strong></span> <span class='ocrx_word' id='word_1_12' title='bbox 1069 822 1204 868; x_wconf 90' lang='lat' dir='ltr'><strong><em>commu-</em></strong></span> 
     </span>
     <span class='ocr_line' id='line_1_4' title="bbox 128 908 1205 988; baseline 0.002 -17"><span class='ocrx_word' id='word_1_13' title='bbox 128 914 214 971; x_wconf 88' lang='lat' dir='ltr'><strong><em>tatos.</em></strong></span> <span class='ocrx_word' id='word_1_14' title='bbox 243 908 341 970; x_wconf 84' lang='lat' dir='ltr'><strong><em>Locus</em></strong></span> <span class='ocrx_word' id='word_1_15' title='bbox 362 915 407 972; x_wconf 90' lang='lat' dir='ltr'><strong><em>est</em></strong></span> <span class='ocrx_word' id='word_1_16' title='bbox 428 909 458 971; x_wconf 93' lang='lat' dir='ltr'><strong><em>in</em></strong></span> <span class='ocrx_word' id='word_1_17' title='bbox 484 910 539 973; x_wconf 92' lang='lat' dir='ltr'><strong><em>litt.</em></strong></span> <span class='ocrx_word' id='word_1_18' title='bbox 565 910 601 971; x_wconf 75' lang='grc'><strong><em>11</em></strong></span> <span class='ocrx_word' id='word_1_19' title='bbox 622 911 673 973; x_wconf 91' lang='lat' dir='ltr'><strong><em>lib.</em></strong></span> <span class='ocrx_word' id='word_1_20' title='bbox 695 910 730 973; x_wconf 88' lang='lat' dir='ltr'><strong><em>lV</em></strong></span> <span class='ocrx_word' id='word_1_21' title='bbox 752 911 767 985; x_wconf 89' lang='lat'><em>(</em></span> <span class='ocrx_word' id='word_1_22' title='bbox 771 911 865 988; x_wconf 77' lang='lat' dir='ltr'><strong><em>Urget</em></strong></span> <span class='ocrx_word' id='word_1_23' title='bbox 882 911 983 987; x_wconf 86' lang='lat' dir='ltr'><strong><em>dolor)</em></strong></span> <span class='ocrx_word' id='word_1_24' title='bbox 1006 910 1146 988; x_wconf 87' lang='lat' dir='ltr'><strong><em>nullaque</em></strong></span> <span class='ocrx_word' id='word_1_25' title='bbox 1167 928 1205 973; x_wconf 86' lang='grc'><strong><em>11(</em></strong></span> 
     </span>
     <span class='ocr_line' id='line_1_5' title="bbox 128 1010 1204 1094; baseline 0.004 -23"><span class='ocrx_word' id='word_1_26' title='bbox 128 1010 271 1072; x_wconf 91' lang='lat' dir='ltr'><strong><em>omnibus</em></strong></span> <span class='ocrx_word' id='word_1_27' title='bbox 289 1028 366 1090; x_wconf 88' lang='lat' dir='ltr'><strong><em>quas</em></strong></span> <span class='ocrx_word' id='word_1_28' title='bbox 383 1013 529 1076; x_wconf 86' lang='lat' dir='ltr'><strong><em>novimus</em></strong></span> <span class='ocrx_word' id='word_1_29' title='bbox 546 1013 749 1094; x_wconf 84' lang='lat' dir='ltr'><strong><em>Epistularum</em></strong></span> <span class='ocrx_word' id='word_1_30' title='bbox 766 1011 949 1076; x_wconf 88' lang='lat' dir='ltr'><strong><em>editionibus</em></strong></span> <span class='ocrx_word' id='word_1_31' title='bbox 966 1014 1154 1077; x_wconf 81' lang='lat' dir='ltr'><strong><em>barbaricam</em></strong></span> <span class='ocrx_word' id='word_1_32' title='bbox 1173 1016 1204 1075; x_wconf 94' lang='lat' dir='ltr'><strong><em>il·</em></strong></span> 
     </span>
     <span class='ocr_line' id='line_1_6' title="bbox 127 1114 1204 1196; baseline 0.003 -20"><span class='ocrx_word' id='word_1_33' title='bbox 127 1114 188 1176; x_wconf 91' lang='lat' dir='ltr'><strong><em>lam</em></strong></span> <span class='ocrx_word' id='word_1_34' title='bbox 215 1131 324 1179; x_wconf 87' lang='lat' dir='ltr'><strong><em>vocem</em></strong></span> <span class='ocrx_word' id='word_1_35' title='bbox 344 1117 441 1180; x_wconf 91' lang='lat' dir='ltr'><strong><em>babet.</em></strong></span> <span class='ocrx_word' id='word_1_36' title='bbox 463 1119 508 1181; x_wconf 83' lang='lat' dir='ltr'><strong><em>Ex</em></strong></span> <span class='ocrx_word' id='word_1_37' title='bbox 529 1119 642 1196; x_wconf 86' lang='lat' dir='ltr'><strong><em>quibus</em></strong></span> <span class='ocrx_word' id='word_1_38' title='bbox 662 1117 819 1192; x_wconf 90' lang='lat' dir='ltr'><strong><em>omnibus,</em></strong></span> <span class='ocrx_word' id='word_1_39' title='bbox 838 1123 871 1178; x_wconf 93' lang='lat' dir='ltr'><strong><em>ut</em></strong></span> <span class='ocrx_word' id='word_1_40' title='bbox 887 1117 965 1179; x_wconf 89' lang='lat' dir='ltr'><strong><em>mihi</em></strong></span> <span class='ocrx_word' id='word_1_41' title='bbox 983 1118 1120 1192; x_wconf 85' lang='lat' dir='ltr'><strong><em>videtur,</em></strong></span> <span class='ocrx_word' id='word_1_42' title='bbox 1137 1119 1204 1196; x_wconf 89' lang='lat' dir='ltr'><strong><em>plus</em></strong></span> 
     </span>
     <span class='ocr_line' id='line_1_7' title="bbox 127 1220 1204 1301; baseline 0.002 -20"><span class='ocrx_word' id='word_1_43' title='bbox 127 1236 221 1298; x_wconf 88' lang='lat' dir='ltr'><strong><em>quam</em></strong></span> <span class='ocrx_word' id='word_1_44' title='bbox 240 1221 404 1301; x_wconf 87' lang='lat' dir='ltr'><strong><em>probabilis</em></strong></span> <span class='ocrx_word' id='word_1_45' title='bbox 430 1222 508 1284; x_wconf 89' lang='lat' dir='ltr'><strong><em>ratio</em></strong></span> <span class='ocrx_word' id='word_1_46' title='bbox 535 1223 667 1299; x_wconf 77' lang='lat' dir='ltr'><strong><em>assurgit</em></strong></span> <span class='ocrx_word' id='word_1_47' title='bbox 692 1220 886 1284; x_wconf 92' lang='lat' dir='ltr'><strong><em>concludendi</em></strong></span> <span class='ocrx_word' id='word_1_48' title='bbox 911 1223 1044 1300; x_wconf 89' lang='lat' dir='ltr'><strong><em>primam</em></strong></span> <span class='ocrx_word' id='word_1_49' title='bbox 1065 1223 1204 1284; x_wconf 90' lang='lat' dir='ltr'><strong><em>omnium</em></strong></span> 
     </span>
     <span class='ocr_line' id='line_1_8' title="bbox 127 1324 1205 1405; baseline 0 -19"><span class='ocrx_word' id='word_1_50' title='bbox 127 1341 198 1403; x_wconf 84' lang='lat' dir='ltr'><strong><em>quae</em></strong></span> <span class='ocrx_word' id='word_1_51' title='bbox 214 1333 377 1389; x_wconf 90' lang='lat' dir='ltr'><strong><em>noscantur</em></strong></span> <span class='ocrx_word' id='word_1_52' title='bbox 389 1325 586 1405; x_wconf 84' lang='lat' dir='ltr'><strong><em>epistolarum</em></strong></span> <span class='ocrx_word' id='word_1_53' title='bbox 601 1324 766 1387; x_wconf 91' lang='lat' dir='ltr'><strong><em>editionem</em></strong></span> <span class='ocrx_word' id='word_1_54' title='bbox 779 1339 847 1386; x_wconf 90' lang='lat' dir='ltr'><strong><em>eam</em></strong></span> <span class='ocrx_word' id='word_1_55' title='bbox 861 1340 1032 1402; x_wconf 86' lang='lat' dir='ltr'><strong><em>essequam</em></strong></span> <span class='ocrx_word' id='word_1_56' title='bbox 1046 1342 1083 1388; x_wconf 82' lang='lat' dir='ltr'><strong><em>ex</em></strong></span> <span class='ocrx_word' id='word_1_57' title='bbox 1098 1326 1205 1388; x_wconf 85' lang='lat' dir='ltr'><strong><em>Codice</em></strong></span> 
     </span>
     <span class='ocr_line' id='line_1_9' title="bbox 127 1427 1205 1509; baseline 0.002 -19"><span class='ocrx_word' id='word_1_58' title='bbox 127 1428 278 1492; x_wconf 83' lang='lat' dir='ltr'><strong><em>Dominici</em></strong></span> <span class='ocrx_word' id='word_1_59' title='bbox 294 1430 396 1493; x_wconf 85' lang='lat' dir='ltr'><strong><em>Bolani</em></strong></span> <span class='ocrx_word' id='word_1_60' title='bbox 413 1429 545 1493; x_wconf 80' lang='lat' dir='ltr'><strong><em>venetiis</em></strong></span> <span class='ocrx_word' id='word_1_61' title='bbox 561 1429 688 1509; x_wconf 91' lang='lat' dir='ltr'><strong><em>protulit</em></strong></span> <span class='ocrx_word' id='word_1_62' title='bbox 705 1427 898 1491; x_wconf 86' lang='lat' dir='ltr'><strong><em>Sebastianus</em></strong></span> <span class='ocrx_word' id='word_1_63' title='bbox 910 1428 1062 1492; x_wconf 80' lang='lat' dir='ltr'><strong><em>Manilius:</em></strong></span> <span class='ocrx_word' id='word_1_64' title='bbox 1077 1445 1205 1508; x_wconf 89' lang='lat' dir='ltr'><strong><em>eamque</em></strong></span> 
     </span>
     <span class='ocr_line' id='line_1_10' title="bbox 128 1532 1206 1613; baseline 0.002 -19"><span class='ocrx_word' id='word_1_65' title='bbox 128 1540 274 1611; x_wconf 83' lang='lat' dir='ltr'><strong><em>sequutos</em></strong></span> <span class='ocrx_word' id='word_1_66' title='bbox 291 1550 358 1596; x_wconf 91' lang='lat' dir='ltr'><strong><em>esse</em></strong></span> <span class='ocrx_word' id='word_1_67' title='bbox 375 1533 430 1610; x_wconf 90' lang='lat' dir='ltr'><strong><em>qui</em></strong></span> <span class='ocrx_word' id='word_1_68' title='bbox 446 1549 555 1596; x_wconf 87' lang='lat' dir='ltr'><strong><em>rursus</em></strong></span> <span class='ocrx_word' id='word_1_69' title='bbox 572 1532 705 1596; x_wconf 82' lang='lat' dir='ltr'><strong><em>Venetiis</em></strong></span> <span class='ocrx_word' id='word_1_70' title='bbox 719 1539 750 1596; x_wconf 91' lang='lat' dir='ltr'><strong><em>et</em></strong></span> <span class='ocrx_word' id='word_1_71' title='bbox 762 1532 869 1596; x_wconf 90' lang='lat' dir='ltr'><strong><em>deinde</em></strong></span> <span class='ocrx_word' id='word_1_72' title='bbox 886 1534 1009 1598; x_wconf 85' lang='lat' dir='ltr'><strong><em>Basileae</em></strong></span> <span class='ocrx_word' id='word_1_73' title='bbox 1023 1542 1054 1597; x_wconf 91' lang='lat' dir='ltr'><strong><em>et</em></strong></span> <span class='ocrx_word' id='word_1_74' title='bbox 1065 1535 1206 1613; x_wconf 77' lang='lat' dir='ltr'><strong><em>Lugduni</em></strong></span> 
     </span>
     <span class='ocr_line' id='line_1_11' title="bbox 128 1637 882 1717; baseline 0.004 -19"><span class='ocrx_word' id='word_1_75' title='bbox 128 1638 278 1700; x_wconf 82' lang='lat' dir='ltr'><strong><em>Francisci</em></strong></span> <span class='ocrx_word' id='word_1_76' title='bbox 295 1638 444 1699; x_wconf 85' lang='lat' dir='ltr'><strong><em>Petrarcae</em></strong></span> <span class='ocrx_word' id='word_1_77' title='bbox 461 1637 601 1717; x_wconf 87' lang='lat' dir='ltr'><strong><em>epistolas</em></strong></span> <span class='ocrx_word' id='word_1_78' title='bbox 618 1637 733 1700; x_wconf 90' lang='lat' dir='ltr'><strong><em>iterum</em></strong></span> <span class='ocrx_word' id='word_1_79' title='bbox 749 1638 882 1702; x_wconf 89' lang='lat' dir='ltr'><strong><em>edidere.</em></strong></span> 
     </span>
    </p>

    <p class='ocr_par' dir='ltr' id='par_1_4' title="bbox 125 1741 1207 2960">
     <span class='ocr_line' id='line_1_12' title="bbox 207 1741 1206 1822; baseline 0.002 -19"><span class='ocrx_word' id='word_1_80' title='bbox 207 1741 280 1812; x_wconf 72' lang='lat' dir='ltr'><strong><em>Quae</em></strong></span> <span class='ocrx_word' id='word_1_81' title='bbox 297 1757 394 1819; x_wconf 88' lang='lat' dir='ltr'><strong><em>quum</em></strong></span> <span class='ocrx_word' id='word_1_82' title='bbox 411 1741 452 1804; x_wconf 90' lang='lat' dir='ltr'><strong><em>ita</em></strong></span> <span class='ocrx_word' id='word_1_83' title='bbox 469 1741 538 1817; x_wconf 84' lang='lat' dir='ltr'><strong><em>sint,</em></strong></span> <span class='ocrx_word' id='word_1_84' title='bbox 557 1743 749 1822; x_wconf 92' lang='lat' dir='ltr'><strong><em>inpromptu</em></strong></span> <span class='ocrx_word' id='word_1_85' title='bbox 767 1743 845 1805; x_wconf 88' lang='lat' dir='ltr'><strong><em>ratio</em></strong></span> <span class='ocrx_word' id='word_1_86' title='bbox 863 1750 909 1805; x_wconf 92' lang='lat' dir='ltr'><strong><em>est</em></strong></span> <span class='ocrx_word' id='word_1_87' title='bbox 925 1759 982 1806; x_wconf 91' lang='lat' dir='ltr'><strong><em>cur</em></strong></span> <span class='ocrx_word' id='word_1_88' title='bbox 999 1751 1068 1806; x_wconf 91' lang='lat' dir='ltr'><strong><em>octo</em></strong></span> <span class='ocrx_word' id='word_1_89' title='bbox 1086 1750 1206 1807; x_wconf 88' lang='lat' dir='ltr'><strong><em>tantum</em></strong></span> 
     </span>
     <span class='ocr_line' id='line_1_13' title="bbox 127 1843 1205 1928; baseline 0.004 -23"><span class='ocrx_word' id='word_1_90' title='bbox 127 1843 196 1906; x_wconf 88' lang='lat' dir='ltr'><strong><em>libri</em></strong></span> <span class='ocrx_word' id='word_1_91' title='bbox 216 1845 260 1907; x_wconf 85' lang='lat' dir='ltr'><strong><em>Do</em></strong></span> <span class='ocrx_word' id='word_1_92' title='bbox 272 1925 274 1928; x_wconf 8' lang='lat' dir='ltr'>y</span> <span class='ocrx_word' id='word_1_93' title='bbox 285 1845 375 1907; x_wconf 82' lang='lat' dir='ltr'><strong><em>rebus</em></strong></span> <span class='ocrx_word' id='word_1_94' title='bbox 394 1846 600 1924; x_wconf 79' lang='lat' dir='ltr'><strong><em>familiaribus</em></strong></span> <span class='ocrx_word' id='word_1_95' title='bbox 627 1862 749 1925; x_wconf 88' lang='lat' dir='ltr'><strong><em>semper</em></strong></span> <span class='ocrx_word' id='word_1_96' title='bbox 766 1846 839 1909; x_wconf 90' lang='lat' dir='ltr'><strong><em>editi</em></strong></span> <span class='ocrx_word' id='word_1_97' title='bbox 855 1846 983 1910; x_wconf 87' lang='lat' dir='ltr'><strong><em>tuerint:</em></strong></span> <span class='ocrx_word' id='word_1_98' title='bbox 1001 1849 1075 1926; x_wconf 88' lang='lat' dir='ltr'><strong><em>quia</em></strong></span> <span class='ocrx_word' id='word_1_99' title='bbox 1092 1849 1205 1911; x_wconf 91' lang='lat' dir='ltr'><strong><em>scilicet</em></strong></span> 
     </span>
     <span class='ocr_line' id='line_1_14' title="bbox 126 1948 1203 2028; baseline 0.003 -17"><span class='ocrx_word' id='word_1_100' title='bbox 126 1948 259 2026; x_wconf 89' lang='lat' dir='ltr'><strong><em>primam</em></strong></span> <span class='ocrx_word' id='word_1_101' title='bbox 276 1950 356 2012; x_wconf 92' lang='lat' dir='ltr'><strong><em>illam</em></strong></span> <span class='ocrx_word' id='word_1_102' title='bbox 374 1950 540 2013; x_wconf 90' lang='lat' dir='ltr'><strong><em>editionem</em></strong></span> <span class='ocrx_word' id='word_1_103' title='bbox 560 1966 668 2013; x_wconf 90' lang='lat' dir='ltr'><strong><em>omues</em></strong></span> <span class='ocrx_word' id='word_1_104' title='bbox 689 1951 827 2028; x_wconf 84' lang='lat' dir='ltr'><strong><em>sequuti,</em></strong></span> <span class='ocrx_word' id='word_1_105' title='bbox 845 1950 917 2014; x_wconf 90' lang='lat' dir='ltr'><strong><em>satis</em></strong></span> <span class='ocrx_word' id='word_1_106' title='bbox 940 1967 997 2013; x_wconf 90' lang='lat' dir='ltr'><strong><em>suo</em></strong></span> <span class='ocrx_word' id='word_1_107' title='bbox 1019 1953 1144 2014; x_wconf 91' lang='lat' dir='ltr'><strong><em>muneri</em></strong></span> <span class='ocrx_word' id='word_1_108' title='bbox 1163 1952 1203 2015; x_wconf 89' lang='lat' dir='ltr'><strong><em>ie·</em></strong></span> 
     </span>
     <span class='ocr_line' id='line_1_15' title="bbox 125 2052 1203 2134; baseline 0.004 -21"><span class='ocrx_word' id='word_1_109' title='bbox 125 2052 203 2114; x_wconf 91' lang='lat' dir='ltr'><strong><em>cisse</em></strong></span> <span class='ocrx_word' id='word_1_110' title='bbox 220 2053 281 2114; x_wconf 85' lang='lat' dir='ltr'><strong><em>visi</em></strong></span> <span class='ocrx_word' id='word_1_111' title='bbox 298 2061 382 2130; x_wconf 89' lang='lat' dir='ltr'><strong><em>sunt,</em></strong></span> <span class='ocrx_word' id='word_1_112' title='bbox 401 2055 476 2131; x_wconf 88' lang='lat' dir='ltr'><strong><em>quin</em></strong></span> <span class='ocrx_word' id='word_1_113' title='bbox 493 2054 531 2116; x_wconf 86' lang='lat' dir='ltr'><strong><em>de</em></strong></span> <span class='ocrx_word' id='word_1_114' title='bbox 546 2055 679 2117; x_wconf 91' lang='lat' dir='ltr'><strong><em>aliorum</em></strong></span> <span class='ocrx_word' id='word_1_115' title='bbox 695 2055 846 2117; x_wconf 89' lang='lat' dir='ltr'><strong><em>librorum</em></strong></span> <span class='ocrx_word' id='word_1_116' title='bbox 864 2055 1063 2132; x_wconf 82' lang='lat' dir='ltr'><strong><em>inquisitione</em></strong></span> <span class='ocrx_word' id='word_1_117' title='bbox 1079 2059 1203 2134; x_wconf 89' lang='lat' dir='ltr'><strong><em>diligen-</em></strong></span> 
     </span>
     <span class='ocr_line' id='line_1_16' title="bbox 127 2155 1205 2236; baseline 0.006 -21"><span class='ocrx_word' id='word_1_118' title='bbox 127 2155 188 2217; x_wconf 88' lang='lat' dir='ltr'><strong><em>tius</em></strong></span> <span class='ocrx_word' id='word_1_119' title='bbox 207 2163 359 2218; x_wconf 90' lang='lat' dir='ltr'><strong><em>curarent.</em></strong></span> <span class='ocrx_word' id='word_1_120' title='bbox 382 2156 480 2227; x_wconf 84' lang='lat' dir='ltr'><strong><em>Quam</em></strong></span> <span class='ocrx_word' id='word_1_121' title='bbox 502 2165 644 2221; x_wconf 90' lang='lat' dir='ltr'><strong><em>veterum</em></strong></span> <span class='ocrx_word' id='word_1_122' title='bbox 666 2157 820 2220; x_wconf 88' lang='lat' dir='ltr'><strong><em>editorum</em></strong></span> <span class='ocrx_word' id='word_1_123' title='bbox 841 2158 995 2236; x_wconf 83' lang='lat' dir='ltr'><strong><em>ignaviam</em></strong></span> <span class='ocrx_word' id='word_1_124' title='bbox 1017 2159 1047 2222; x_wconf 91' lang='lat' dir='ltr'><strong><em>id</em></strong></span> <span class='ocrx_word' id='word_1_125' title='bbox 1067 2160 1205 2223; x_wconf 90' lang='lat' dir='ltr'><strong><em>iortassis</em></strong></span> 
     </span>
     <span class='ocr_line' id='line_1_17' title="bbox 126 2261 1207 2339; baseline 0.005 -19"><span class='ocrx_word' id='word_1_126' title='bbox 126 2265 251 2322; x_wconf 82' lang='lat' dir='ltr'><strong><em>excusat</em></strong></span> <span class='ocrx_word' id='word_1_127' title='bbox 281 2262 362 2338; x_wconf 89' lang='lat' dir='ltr'><strong><em>quod</em></strong></span> <span class='ocrx_word' id='word_1_128' title='bbox 394 2261 454 2323; x_wconf 91' lang='lat' dir='ltr'><strong><em>duo</em></strong></span> <span class='ocrx_word' id='word_1_129' title='bbox 485 2262 535 2323; x_wconf 90' lang='lat' dir='ltr'><strong><em>alii</em></strong></span> <span class='ocrx_word' id='word_1_130' title='bbox 566 2261 598 2322; x_wconf 94' lang='lat' dir='ltr'><strong><em>in</em></strong></span> <span class='ocrx_word' id='word_1_131' title='bbox 628 2262 709 2324; x_wconf 85' lang='lat' dir='ltr'><strong><em>ltalia</em></strong></span> <span class='ocrx_word' id='word_1_132' title='bbox 740 2262 895 2339; x_wconf 85' lang='lat' dir='ltr'><strong><em>extabant,</em></strong></span> <span class='ocrx_word' id='word_1_133' title='bbox 924 2268 1026 2324; x_wconf 81' lang='lat' dir='ltr'><strong><em>extant</em></strong></span> <span class='ocrx_word' id='word_1_134' title='bbox 1057 2270 1088 2325; x_wconf 89' lang='lat' dir='ltr'><strong><em>et</em></strong></span> <span class='ocrx_word' id='word_1_135' title='bbox 1117 2263 1207 2325; x_wconf 89' lang='lat' dir='ltr'><strong><em>hodie</em></strong></span> 
     </span>
     <span class='ocr_line' id='line_1_18' title="bbox 127 2363 1204 2440; baseline 0.002 -16"><span class='ocrx_word' id='word_1_136' title='bbox 127 2364 261 2440; x_wconf 90' lang='lat' dir='ltr'><strong><em>codices,</em></strong></span> <span class='ocrx_word' id='word_1_137' title='bbox 289 2363 414 2427; x_wconf 84' lang='lat' dir='ltr'><strong><em>vivente</em></strong></span> <span class='ocrx_word' id='word_1_138' title='bbox 441 2365 537 2428; x_wconf 89' lang='lat' dir='ltr'><strong><em>adhuc</em></strong></span> <span class='ocrx_word' id='word_1_139' title='bbox 562 2366 703 2428; x_wconf 88' lang='lat' dir='ltr'><strong><em>Petrarca</em></strong></span> <span class='ocrx_word' id='word_1_140' title='bbox 729 2368 778 2428; x_wconf 88' lang='lat' dir='ltr'><strong><em>vel</em></strong></span> <span class='ocrx_word' id='word_1_141' title='bbox 805 2367 858 2428; x_wconf 86' lang='grc'><strong><em>111</em></strong></span> <span class='ocrx_word' id='word_1_142' title='bbox 881 2383 917 2428; x_wconf 90' lang='lat' dir='ltr'><strong><em>eo</em></strong></span> <span class='ocrx_word' id='word_1_143' title='bbox 939 2382 956 2428; x_wconf 95' lang='lat' dir='ltr'><strong><em>e</em></strong></span> <span class='ocrx_word' id='word_1_144' title='bbox 977 2365 1061 2427; x_wconf 81' lang='lat' dir='ltr'><strong><em>vivis</em></strong></span> <span class='ocrx_word' id='word_1_145' title='bbox 1087 2366 1204 2427; x_wconf 89' lang='lat' dir='ltr'><strong><em>sublato</em></strong></span> 
     </span>
     <span class='ocr_line' id='line_1_19' title="bbox 128 2468 1206 2547; baseline 0.001 -19"><span class='ocrx_word' id='word_1_146' title='bbox 128 2469 259 2544; x_wconf 82' lang='lat' dir='ltr'><strong><em>exarati,</em></strong></span> <span class='ocrx_word' id='word_1_147' title='bbox 277 2469 331 2546; x_wconf 88' lang='lat' dir='ltr'><strong><em>qui</em></strong></span> <span class='ocrx_word' id='word_1_148' title='bbox 348 2475 416 2531; x_wconf 92' lang='lat' dir='ltr'><strong><em>octo</em></strong></span> <span class='ocrx_word' id='word_1_149' title='bbox 433 2476 552 2532; x_wconf 92' lang='lat' dir='ltr'><strong><em>tantum</em></strong></span> <span class='ocrx_word' id='word_1_150' title='bbox 573 2469 666 2532; x_wconf 92' lang='lat' dir='ltr'><strong><em>libros</em></strong></span> <span class='ocrx_word' id='word_1_151' title='bbox 687 2470 793 2531; x_wconf 90' lang='lat' dir='ltr'><strong><em>ordine</em></strong></span> <span class='ocrx_word' id='word_1_152' title='bbox 813 2470 930 2547; x_wconf 91' lang='lat' dir='ltr'><strong><em>primos</em></strong></span> <span class='ocrx_word' id='word_1_153' title='bbox 953 2471 989 2531; x_wconf 91' lang='lat' dir='ltr'><strong><em>de</em></strong></span> <span class='ocrx_word' id='word_1_154' title='bbox 1010 2468 1103 2531; x_wconf 88' lang='lat' dir='ltr'><strong><em>rebus</em></strong></span> <span class='ocrx_word' id='word_1_155' title='bbox 1123 2468 1206 2530; x_wconf 90' lang='lat' dir='ltr'><strong><em>iami-</em></strong></span> 
     </span>
     <span class='ocr_line' id='line_1_20' title="bbox 128 2571 1202 2649; baseline 0 -17"><span class='ocrx_word' id='word_1_156' title='bbox 128 2571 256 2634; x_wconf 90' lang='lat' dir='ltr'><strong><em>liaribus</em></strong></span> <span class='ocrx_word' id='word_1_157' title='bbox 272 2571 425 2633; x_wconf 88' lang='lat' dir='ltr'><strong><em>continent</em></strong></span> <span class='ocrx_word' id='word_1_158' title='bbox 431 2593 440 2645; x_wconf 79' lang='lat'><em>3</em></span> <span class='ocrx_word' id='word_1_159' title='bbox 458 2586 617 2649; x_wconf 85' lang='lat' dir='ltr'><strong><em>quumque</em></strong></span> <span class='ocrx_word' id='word_1_160' title='bbox 633 2571 708 2633; x_wconf 92' lang='lat' dir='ltr'><strong><em>nihil</em></strong></span> <span class='ocrx_word' id='word_1_161' title='bbox 720 2571 751 2632; x_wconf 94' lang='lat' dir='ltr'><strong><em>in</em></strong></span> <span class='ocrx_word' id='word_1_162' title='bbox 766 2571 805 2633; x_wconf 91' lang='lat' dir='ltr'><strong><em>iis</em></strong></span> <span class='ocrx_word' id='word_1_163' title='bbox 822 2572 993 2649; x_wconf 86' lang='lat' dir='ltr'><strong><em>reperiatur</em></strong></span> <span class='ocrx_word' id='word_1_164' title='bbox 1009 2588 1047 2632; x_wconf 88' lang='grc'><strong><em>11(</em></strong></span> <span class='ocrx_word' id='word_1_165' title='bbox 1060 2588 1122 2649; x_wconf 88' lang='lat' dir='ltr'><strong><em>quo</em></strong></span> <span class='ocrx_word' id='word_1_166' title='bbox 1136 2588 1202 2632; x_wconf 80' lang='lat' dir='ltr'><strong><em>sen·</em></strong></span> 
     </span>
     <span class='ocr_line' id='line_1_21' title="bbox 127 2673 1202 2753; baseline -0.002 -16"><span class='ocrx_word' id='word_1_167' title='bbox 127 2674 226 2737; x_wconf 88' lang='lat' dir='ltr'><strong><em>decim</em></strong></span> <span class='ocrx_word' id='word_1_168' title='bbox 243 2673 375 2736; x_wconf 88' lang='lat' dir='ltr'><strong><em>aliorum</em></strong></span> <span class='ocrx_word' id='word_1_169' title='bbox 392 2675 526 2737; x_wconf 86' lang='lat' dir='ltr'><strong><em>deiectus</em></strong></span> <span class='ocrx_word' id='word_1_170' title='bbox 543 2675 631 2752; x_wconf 93' lang='lat' dir='ltr'><strong><em>argui</em></strong></span> <span class='ocrx_word' id='word_1_171' title='bbox 648 2680 754 2753; x_wconf 86' lang='lat' dir='ltr'><strong><em>queat,</em></strong></span> <span class='ocrx_word' id='word_1_172' title='bbox 771 2674 852 2738; x_wconf 89' lang='lat' dir='ltr'><strong><em>haud</em></strong></span> <span class='ocrx_word' id='word_1_173' title='bbox 868 2674 1037 2738; x_wconf 88' lang='lat' dir='ltr'><strong><em>editoribus</em></strong></span> <span class='ocrx_word' id='word_1_174' title='bbox 1057 2676 1117 2737; x_wconf 91' lang='lat' dir='ltr'><strong><em>illis</em></strong></span> <span class='ocrx_word' id='word_1_175' title='bbox 1138 2692 1202 2736; x_wconf 91' lang='lat' dir='ltr'><strong><em>suc-</em></strong></span> 
     </span>
     <span class='ocr_line' id='line_1_22' title="bbox 127 2778 1203 2856; baseline 0.001 -17"><span class='ocrx_word' id='word_1_176' title='bbox 127 2780 311 2842; x_wconf 82' lang='lat' dir='ltr'><strong><em>censendum</em></strong></span> <span class='ocrx_word' id='word_1_177' title='bbox 328 2785 375 2842; x_wconf 92' lang='lat' dir='ltr'><strong><em>est</em></strong></span> <span class='ocrx_word' id='word_1_178' title='bbox 392 2778 474 2855; x_wconf 83' lang='lat' dir='ltr'><strong><em>quod</em></strong></span> <span class='ocrx_word' id='word_1_179' title='bbox 491 2780 527 2841; x_wconf 92' lang='lat' dir='ltr'><strong><em>de</em></strong></span> <span class='ocrx_word' id='word_1_180' title='bbox 544 2794 636 2856; x_wconf 90' lang='lat' dir='ltr'><strong><em>opere</em></strong></span> <span class='ocrx_word' id='word_1_181' title='bbox 654 2778 684 2840; x_wconf 89' lang='lat' dir='ltr'><strong><em>iu</em></strong></span> <span class='ocrx_word' id='word_1_182' title='bbox 702 2779 855 2855; x_wconf 89' lang='lat' dir='ltr'><strong><em>integrum</em></strong></span> <span class='ocrx_word' id='word_1_183' title='bbox 873 2779 1059 2841; x_wconf 89' lang='lat' dir='ltr'><strong><em>restituendo</em></strong></span> <span class='ocrx_word' id='word_1_184' title='bbox 1076 2797 1137 2842; x_wconf 93' lang='lat' dir='ltr'><strong><em>non</em></strong></span> <span class='ocrx_word' id='word_1_185' title='bbox 1153 2795 1203 2840; x_wconf 92' lang='lat' dir='ltr'><strong><em>co-</em></strong></span> 
     </span>
     <span class='ocr_line' id='line_1_23' title="bbox 128 2883 299 2960; baseline 0.012 -15"><span class='ocrx_word' id='word_1_186' title='bbox 128 2883 299 2960; x_wconf 85' lang='lat' dir='ltr'><strong><em>gitaveriut.</em></strong></span> 
     </span>
    </p>
   </div>
   <div class='ocr_carea' id='block_1_4' title="bbox 126 2989 1203 3160">
    <p class='ocr_par' dir='ltr' id='par_1_5' title="bbox 126 2989 1203 3160">
     <span class='ocr_line' id='line_1_24' title="bbox 205 2989 1203 3070; baseline 0 -18"><span class='ocrx_word' id='word_1_187' title='bbox 205 2989 320 3052; x_wconf 83' lang='lat' dir='ltr'><strong><em>Accidit</em></strong></span> <span class='ocrx_word' id='word_1_188' title='bbox 337 2995 437 3052; x_wconf 90' lang='lat' dir='ltr'><strong><em>tamen</em></strong></span> <span class='ocrx_word' id='word_1_189' title='bbox 455 2996 489 3051; x_wconf 91' lang='lat' dir='ltr'><strong><em>ut</em></strong></span> <span class='ocrx_word' id='word_1_190' title='bbox 506 2990 657 3052; x_wconf 84' lang='lat' dir='ltr'><strong><em>nonnullae</em></strong></span> <span class='ocrx_word' id='word_1_191' title='bbox 674 3007 712 3053; x_wconf 80' lang='lat' dir='ltr'><strong><em>ex</em></strong></span> <span class='ocrx_word' id='word_1_192' title='bbox 728 2990 863 3070; x_wconf 90' lang='lat' dir='ltr'><strong><em>epistolis</em></strong></span> <span class='ocrx_word' id='word_1_193' title='bbox 879 3007 949 3069; x_wconf 87' lang='lat' dir='ltr'><strong><em>quae</em></strong></span> <span class='ocrx_word' id='word_1_194' title='bbox 967 2991 1045 3053; x_wconf 90' lang='lat' dir='ltr'><strong><em>inter</em></strong></span> <span class='ocrx_word' id='word_1_195' title='bbox 1062 2991 1203 3053; x_wconf 80' lang='lat' dir='ltr'><strong><em>Familia·</em></strong></span> 
     </span>
     <span class='ocr_line' id='line_1_25' title="bbox 126 3093 1202 3160; baseline -0.001 -5"><span class='ocrx_word' id='word_1_196' title='bbox 126 3112 178 3156; x_wconf 82' lang='lat' dir='ltr'><strong><em>res</em></strong></span> <span class='ocrx_word' id='word_1_197' title='bbox 193 3095 296 3156; x_wconf 91' lang='lat' dir='ltr'><strong><em>locum</em></strong></span> <span class='ocrx_word' id='word_1_198' title='bbox 313 3095 424 3157; x_wconf 88' lang='lat' dir='ltr'><strong><em>babere</em></strong></span> <span class='ocrx_word' id='word_1_199' title='bbox 441 3093 612 3156; x_wconf 90' lang='lat' dir='ltr'><strong><em>debuissent</em></strong></span> <span class='ocrx_word' id='word_1_200' title='bbox 633 3094 698 3156; x_wconf 92' lang='lat' dir='ltr'><strong><em>suis</em></strong></span> <span class='ocrx_word' id='word_1_201' title='bbox 718 3097 834 3159; x_wconf 85' lang='lat' dir='ltr'><strong><em>avulsae</em></strong></span> <span class='ocrx_word' id='word_1_202' title='bbox 849 3096 924 3158; x_wconf 91' lang='lat' dir='ltr'><strong><em>locis</em></strong></span> <span class='ocrx_word' id='word_1_203' title='bbox 940 3098 977 3160; x_wconf 84' lang='lat' dir='ltr'><strong><em>ad</em></strong></span> <span class='ocrx_word' id='word_1_204' title='bbox 995 3113 1104 3159; x_wconf 91' lang='lat' dir='ltr'><strong><em>manus</em></strong></span> <span class='ocrx_word' id='word_1_205' title='bbox 1123 3101 1202 3156; x_wconf 85' lang='lat' dir='ltr'><strong><em>vete·</em></strong></span> 
     </span>
    </p>
   </div>
   <div class='ocr_carea' id='block_1_5' title="bbox 125 3199 1205 4526">
    <p class='ocr_par' dir='ltr' id='par_1_6' title="bbox 125 3199 1205 4526">
     <span class='ocr_line' id='line_1_26' title="bbox 127 3199 1202 3278; baseline -0.003 -18"><span class='ocrx_word' id='word_1_206' title='bbox 127 3216 196 3260; x_wconf 90' lang='grc'>1111</span> <span class='ocrx_word' id='word_1_207' title='bbox 214 3200 368 3262; x_wconf 88' lang='lat' dir='ltr'><strong><em>editorum</em></strong></span> <span class='ocrx_word' id='word_1_208' title='bbox 384 3199 596 3277; x_wconf 84' lang='lat' dir='ltr'><strong><em>pervenerint,</em></strong></span> <span class='ocrx_word' id='word_1_209' title='bbox 608 3200 662 3276; x_wconf 90' lang='lat' dir='ltr'><strong><em>qui</em></strong></span> <span class='ocrx_word' id='word_1_210' title='bbox 680 3199 743 3263; x_wconf 87' lang='lat' dir='ltr'><strong><em>illas</em></strong></span> <span class='ocrx_word' id='word_1_211' title='bbox 758 3200 836 3262; x_wconf 89' lang='lat' dir='ltr'><strong><em>inter</em></strong></span> <span class='ocrx_word' id='word_1_212' title='bbox 853 3201 962 3263; x_wconf 82' lang='lat' dir='ltr'><strong><em>Varias</em></strong></span> <span class='ocrx_word' id='word_1_213' title='bbox 975 3218 1036 3278; x_wconf 91' lang='lat' dir='ltr'><strong><em>quo</em></strong></span> <span class='ocrx_word' id='word_1_214' title='bbox 1050 3200 1139 3262; x_wconf 91' lang='lat' dir='ltr'><strong><em>libuit</em></strong></span> <span class='ocrx_word' id='word_1_215' title='bbox 1155 3214 1202 3258; x_wconf 90' lang='lat' dir='ltr'><strong><em>or-</em></strong></span> 
     </span>
     <span class='ocr_line' id='line_1_27' title="bbox 126 3303 1204 3381; baseline -0.002 -17"><span class='ocrx_word' id='word_1_216' title='bbox 126 3304 194 3365; x_wconf 91' lang='lat' dir='ltr'><strong><em>dine</em></strong></span> <span class='ocrx_word' id='word_1_217' title='bbox 218 3303 413 3364; x_wconf 87' lang='lat' dir='ltr'><strong><em>collocarunt.</em></strong></span> <span class='ocrx_word' id='word_1_218' title='bbox 438 3303 475 3364; x_wconf 85' lang='lat' dir='ltr'><strong><em>At</em></strong></span> <span class='ocrx_word' id='word_1_219' title='bbox 507 3305 618 3365; x_wconf 85' lang='lat' dir='ltr'><strong><em>saeculo</em></strong></span> <span class='ocrx_word' id='word_1_220' title='bbox 650 3304 773 3367; x_wconf 90' lang='lat' dir='ltr'><strong><em>ineunte</em></strong></span> <span class='ocrx_word' id='word_1_221' title='bbox 802 3305 874 3366; x_wconf 88' lang='lat' dir='ltr'><strong><em>llllll</em></strong></span> <span class='ocrx_word' id='word_1_222' title='bbox 900 3305 1021 3367; x_wconf 88' lang='lat' dir='ltr'><strong><em>Samuel</em></strong></span> <span class='ocrx_word' id='word_1_223' title='bbox 1048 3303 1204 3381; x_wconf 85' lang='lat' dir='ltr'><strong><em>Crispinus</em></strong></span> 
     </span>
     <span class='ocr_line' id='line_1_28' title="bbox 127 3406 1204 3486; baseline 0 -18"><span class='ocrx_word' id='word_1_224' title='bbox 127 3407 331 3486; x_wconf 82' lang='lat' dir='ltr'><strong><em>typographus</em></strong></span> <span class='ocrx_word' id='word_1_225' title='bbox 357 3406 567 3483; x_wconf 81' lang='lat' dir='ltr'><strong><em>Lugdunensis</em></strong></span> <span class='ocrx_word' id='word_1_226' title='bbox 591 3408 726 3471; x_wconf 90' lang='lat' dir='ltr'><strong><em>codicem</em></strong></span> <span class='ocrx_word' id='word_1_227' title='bbox 753 3408 948 3471; x_wconf 89' lang='lat' dir='ltr'><strong><em>rarissimum</em></strong></span> <span class='ocrx_word' id='word_1_228' title='bbox 971 3408 1088 3470; x_wconf 87' lang='lat' dir='ltr'><strong><em>invenit</em></strong></span> <span class='ocrx_word' id='word_1_229' title='bbox 1113 3423 1204 3486; x_wconf 90' lang='lat' dir='ltr'><strong><em>penes</em></strong></span> 
     </span>
     <span class='ocr_line' id='line_1_29' title="bbox 128 3509 1205 3600; baseline 0.001 -27"><span class='ocrx_word' id='word_1_230' title='bbox 128 3513 167 3573; x_wconf 93' lang='lat' dir='ltr'><strong><em>lo.</em></strong></span> <span class='ocrx_word' id='word_1_231' title='bbox 186 3510 356 3574; x_wconf 85' lang='lat' dir='ltr'><strong><em>Chalasium</em></strong></span> <span class='ocrx_word' id='word_1_232' title='bbox 374 3509 625 3573; x_wconf 86' lang='lat' dir='ltr'><strong><em>iurisconsultum</em></strong></span> <span class='ocrx_word' id='word_1_233' title='bbox 641 3519 843 3587; x_wconf 84' lang='lat' dir='ltr'><strong><em>asservatum,</em></strong></span> <span class='ocrx_word' id='word_1_234' title='bbox 863 3513 893 3573; x_wconf 93' lang='lat' dir='ltr'><strong><em>in</em></strong></span> <span class='ocrx_word' id='word_1_235' title='bbox 911 3528 972 3600; x_wconf 88' lang='lat' dir='ltr'><strong><em>quo</em></strong></span> <span class='ocrx_word' id='word_1_236' title='bbox 990 3513 1038 3575; x_wconf 84' lang='lat' dir='ltr'><strong><em>Fr.</em></strong></span> <span class='ocrx_word' id='word_1_237' title='bbox 1057 3513 1205 3574; x_wconf 78' lang='lat' dir='ltr'><strong><em>Petrarcae</em></strong></span> 
     </span>
     <span class='ocr_line' id='line_1_30' title="bbox 126 3615 1204 3693; baseline 0 -18"><span class='ocrx_word' id='word_1_238' title='bbox 126 3616 260 3693; x_wconf 77' lang='lat' dir='ltr'><strong><em>epistolae</em></strong></span> <span class='ocrx_word' id='word_1_239' title='bbox 282 3615 349 3693; x_wconf 93' lang='lat' dir='ltr'><strong><em>plus</em></strong></span> <span class='ocrx_word' id='word_1_240' title='bbox 369 3615 472 3676; x_wconf 92' lang='lat' dir='ltr'><strong><em>minus</em></strong></span> <span class='ocrx_word' id='word_1_241' title='bbox 493 3616 681 3692; x_wconf 89' lang='lat' dir='ltr'><strong><em>septuaginta</em></strong></span> <span class='ocrx_word' id='word_1_242' title='bbox 703 3615 934 3693; x_wconf 89' lang='lat' dir='ltr'><strong><em>reperiebantur</em></strong></span> <span class='ocrx_word' id='word_1_243' title='bbox 955 3616 993 3678; x_wconf 89' lang='lat' dir='ltr'><strong><em>ad</em></strong></span> <span class='ocrx_word' id='word_1_244' title='bbox 1020 3616 1099 3678; x_wconf 93' lang='lat' dir='ltr'><strong><em>illam</em></strong></span> <span class='ocrx_word' id='word_1_245' title='bbox 1122 3616 1204 3676; x_wconf 90' lang='lat' dir='ltr'><strong><em>diem</em></strong></span> 
     </span>
     <span class='ocr_line' id='line_1_31' title="bbox 126 3718 1205 3798; baseline -0.002 -18"><span class='ocrx_word' id='word_1_246' title='bbox 126 3720 222 3780; x_wconf 85' lang='lat' dir='ltr'><strong><em>adhuc</em></strong></span> <span class='ocrx_word' id='word_1_247' title='bbox 239 3719 375 3793; x_wconf 73' lang='lat' dir='ltr'><strong><em>ineditae,</em></strong></span> <span class='ocrx_word' id='word_1_248' title='bbox 393 3734 525 3796; x_wconf 84' lang='lat' dir='ltr'><strong><em>quarum</em></strong></span> <span class='ocrx_word' id='word_1_249' title='bbox 545 3718 592 3778; x_wconf 94' lang='lat' dir='ltr'><strong><em>ille</em></strong></span> <span class='ocrx_word' id='word_1_250' title='bbox 611 3718 712 3779; x_wconf 91' lang='lat' dir='ltr'><strong><em>statim</em></strong></span> <span class='ocrx_word' id='word_1_251' title='bbox 735 3718 900 3780; x_wconf 90' lang='lat' dir='ltr'><strong><em>editionem</em></strong></span> <span class='ocrx_word' id='word_1_252' title='bbox 921 3721 1135 3798; x_wconf 80' lang='lat' dir='ltr'><strong><em>perficiendam</em></strong></span> <span class='ocrx_word' id='word_1_253' title='bbox 1156 3735 1205 3780; x_wconf 89' lang='lat' dir='ltr'><strong><em>cu·</em></strong></span> 
     </span>
     <span class='ocr_line' id='line_1_32' title="bbox 127 3821 1204 3901; baseline 0 -18"><span class='ocrx_word' id='word_1_254' title='bbox 127 3823 221 3895; x_wconf 81' lang='lat' dir='ltr'><strong><em>invit,</em></strong></span> <span class='ocrx_word' id='word_1_255' title='bbox 240 3822 329 3883; x_wconf 89' lang='lat' dir='ltr'><strong><em>cuius</em></strong></span> <span class='ocrx_word' id='word_1_256' title='bbox 346 3838 437 3900; x_wconf 88' lang='lat' dir='ltr'><strong><em>supra</em></strong></span> <span class='ocrx_word' id='word_1_257' title='bbox 454 3822 654 3884; x_wconf 91' lang='lat' dir='ltr'><strong><em>meminimus</em></strong></span> <span class='ocrx_word' id='word_1_258' title='bbox 673 3821 722 3901; x_wconf 81' lang='lat' dir='ltr'><strong><em>(no</em></strong></span> <span class='ocrx_word' id='word_1_259' title='bbox 738 3821 826 3900; x_wconf 87' lang='lat' dir='ltr'><strong><em>lllV).</em></strong></span> <span class='ocrx_word' id='word_1_260' title='bbox 845 3823 916 3884; x_wconf 88' lang='lat' dir='ltr'><strong><em>Erat</em></strong></span> <span class='ocrx_word' id='word_1_261' title='bbox 937 3824 1016 3885; x_wconf 85' lang='lat' dir='ltr'><strong><em>torte</em></strong></span> <span class='ocrx_word' id='word_1_262' title='bbox 1037 3824 1085 3886; x_wconf 89' lang='grc'>1111</span> <span class='ocrx_word' id='word_1_263' title='bbox 1108 3824 1204 3884; x_wconf 77' lang='lat' dir='ltr'><strong><em>codex</em></strong></span> 
     </span>
     <span class='ocr_line' id='line_1_33' title="bbox 128 3925 1204 4005; baseline 0.003 -20"><span class='ocrx_word' id='word_1_264' title='bbox 128 3927 237 4000; x_wconf 90' lang='lat' dir='ltr'><strong><em>integri</em></strong></span> <span class='ocrx_word' id='word_1_265' title='bbox 254 3925 377 3989; x_wconf 88' lang='lat' dir='ltr'><strong><em>alterius</em></strong></span> <span class='ocrx_word' id='word_1_266' title='bbox 393 3926 614 4004; x_wconf 82' lang='lat' dir='ltr'><strong><em>fragmentum,</em></strong></span> <span class='ocrx_word' id='word_1_267' title='bbox 632 3941 765 4004; x_wconf 87' lang='lat' dir='ltr'><strong><em>cumque</em></strong></span> <span class='ocrx_word' id='word_1_268' title='bbox 780 3928 869 3989; x_wconf 91' lang='lat' dir='ltr'><strong><em>nollet</em></strong></span> <span class='ocrx_word' id='word_1_269' title='bbox 888 3927 1106 4005; x_wconf 85' lang='lat' dir='ltr'><strong><em>typographus,</em></strong></span> <span class='ocrx_word' id='word_1_270' title='bbox 1125 3926 1150 3987; x_wconf 88' lang='lat' dir='ltr'><strong><em>si</em></strong></span> <span class='ocrx_word' id='word_1_271' title='bbox 1168 3927 1204 3988; x_wconf 89' lang='lat' dir='ltr'><strong><em>ad</em></strong></span> 
     </span>
     <span class='ocr_line' id='line_1_34' title="bbox 127 4028 1203 4106; baseline 0.002 -18"><span class='ocrx_word' id='word_1_272' title='bbox 127 4045 237 4091; x_wconf 90' lang='lat' dir='ltr'><strong><em>verum</em></strong></span> <span class='ocrx_word' id='word_1_273' title='bbox 254 4028 406 4092; x_wconf 89' lang='lat' dir='ltr'><strong><em>librorum</em></strong></span> <span class='ocrx_word' id='word_1_274' title='bbox 417 4046 583 4093; x_wconf 90' lang='lat' dir='ltr'><strong><em>numerum</em></strong></span> <span class='ocrx_word' id='word_1_275' title='bbox 593 4047 689 4093; x_wconf 88' lang='lat' dir='ltr'><strong><em>novas</em></strong></span> <span class='ocrx_word' id='word_1_276' title='bbox 700 4031 765 4094; x_wconf 92' lang='lat' dir='ltr'><strong><em>illas</em></strong></span> <span class='ocrx_word' id='word_1_277' title='bbox 775 4032 889 4094; x_wconf 88' lang='lat' dir='ltr'><strong><em>litteras</em></strong></span> <span class='ocrx_word' id='word_1_278' title='bbox 899 4033 1039 4106; x_wconf 84' lang='lat' dir='ltr'><strong><em>referret,</em></strong></span> <span class='ocrx_word' id='word_1_279' title='bbox 1053 4033 1203 4095; x_wconf 89' lang='lat' dir='ltr'><strong><em>deiectum</em></strong></span> 
     </span>
     <span class='ocr_line' id='line_1_35' title="bbox 125 4135 1203 4214; baseline 0 -22"><span class='ocrx_word' id='word_1_280' title='bbox 125 4135 268 4211; x_wconf 89' lang='lat' dir='ltr'><strong><em>priorum</em></strong></span> <span class='ocrx_word' id='word_1_281' title='bbox 290 4139 319 4194; x_wconf 91' lang='lat' dir='ltr'><strong><em>et</em></strong></span> <span class='ocrx_word' id='word_1_282' title='bbox 342 4135 523 4210; x_wconf 85' lang='lat' dir='ltr'><strong><em>sequiorum</em></strong></span> <span class='ocrx_word' id='word_1_283' title='bbox 548 4136 578 4195; x_wconf 92' lang='lat' dir='ltr'><strong><em>in</em></strong></span> <span class='ocrx_word' id='word_1_284' title='bbox 605 4137 764 4213; x_wconf 89' lang='lat' dir='ltr'><strong><em>propatulo</em></strong></span> <span class='ocrx_word' id='word_1_285' title='bbox 791 4152 918 4214; x_wconf 91' lang='lat' dir='ltr'><strong><em>ponere,</em></strong></span> <span class='ocrx_word' id='word_1_286' title='bbox 942 4136 1005 4198; x_wconf 90' lang='lat' dir='ltr'><strong><em>illas</em></strong></span> <span class='ocrx_word' id='word_1_287' title='bbox 1026 4152 1086 4197; x_wconf 91' lang='lat' dir='ltr'><strong><em>non</em></strong></span> <span class='ocrx_word' id='word_1_288' title='bbox 1113 4137 1203 4194; x_wconf 90' lang='lat' dir='ltr'><strong><em>inter·</em></strong></span> 
     </span>
     <span class='ocr_line' id='line_1_36' title="bbox 127 4237 1204 4317; baseline 0.001 -19"><span class='ocrx_word' id='word_1_289' title='bbox 127 4246 217 4316; x_wconf 80' lang='lat' dir='ltr'><strong><em>rupto</em></strong></span> <span class='ocrx_word' id='word_1_290' title='bbox 235 4239 341 4302; x_wconf 90' lang='lat' dir='ltr'><strong><em>ordine</em></strong></span> <span class='ocrx_word' id='word_1_291' title='bbox 357 4245 424 4317; x_wconf 89' lang='lat' dir='ltr'><strong><em>post</em></strong></span> <span class='ocrx_word' id='word_1_292' title='bbox 444 4245 587 4301; x_wconf 90' lang='lat' dir='ltr'><strong><em>octavum</em></strong></span> <span class='ocrx_word' id='word_1_293' title='bbox 599 4239 727 4316; x_wconf 82' lang='lat' dir='ltr'><strong><em>librum,</em></strong></span> <span class='ocrx_word' id='word_1_294' title='bbox 747 4241 799 4317; x_wconf 90' lang='lat' dir='ltr'><strong><em>qui</em></strong></span> <span class='ocrx_word' id='word_1_295' title='bbox 815 4241 845 4301; x_wconf 95' lang='lat' dir='ltr'><strong><em>in</em></strong></span> <span class='ocrx_word' id='word_1_296' title='bbox 859 4242 1004 4303; x_wconf 88' lang='lat' dir='ltr'><strong><em>anteactis</em></strong></span> <span class='ocrx_word' id='word_1_297' title='bbox 1021 4237 1204 4300; x_wconf 90' lang='lat' dir='ltr'><strong><em>editionibus</em></strong></span> 
     </span>
     <span class='ocr_line' id='line_1_37' title="bbox 126 4342 1204 4424; baseline -0.002 -19"><span class='ocrx_word' id='word_1_298' title='bbox 126 4351 191 4405; x_wconf 84' lang='lat' dir='ltr'><strong><em>crat</em></strong></span> <span class='ocrx_word' id='word_1_299' title='bbox 200 4351 391 4422; x_wconf 86' lang='lat' dir='ltr'><strong><em>postremus,</em></strong></span> <span class='ocrx_word' id='word_1_300' title='bbox 402 4345 545 4405; x_wconf 88' lang='lat' dir='ltr'><strong><em>continua</em></strong></span> <span class='ocrx_word' id='word_1_301' title='bbox 563 4345 643 4406; x_wconf 89' lang='lat' dir='ltr'><strong><em>serie</em></strong></span> <span class='ocrx_word' id='word_1_302' title='bbox 659 4347 742 4424; x_wconf 91' lang='lat' dir='ltr'><strong><em>prelo</em></strong></span> <span class='ocrx_word' id='word_1_303' title='bbox 755 4347 921 4408; x_wconf 77' lang='lat' dir='ltr'><strong><em>mandavit.</em></strong></span> <span class='ocrx_word' id='word_1_304' title='bbox 936 4345 1126 4421; x_wconf 85' lang='lat' dir='ltr'><strong><em>Quapropter</em></strong></span> <span class='ocrx_word' id='word_1_305' title='bbox 1140 4342 1204 4403; x_wconf 89' lang='lat' dir='ltr'><strong><em>suis</em></strong></span> 
     </span>
     <span class='ocr_line' id='line_1_38' title="bbox 128 4447 1203 4526; baseline -0.002 -18"><span class='ocrx_word' id='word_1_306' title='bbox 128 4451 155 4509; x_wconf 91' lang='lat' dir='ltr'><strong><em>iu</em></strong></span> <span class='ocrx_word' id='word_1_307' title='bbox 174 4449 259 4510; x_wconf 90' lang='lat' dir='ltr'><strong><em>libris</em></strong></span> <span class='ocrx_word' id='word_1_308' title='bbox 276 4449 326 4522; x_wconf 87' lang='grc'>111,</span> <span class='ocrx_word' id='word_1_309' title='bbox 344 4449 367 4509; x_wconf 85' lang='lat' dir='ltr'>x</span> <span class='ocrx_word' id='word_1_310' title='bbox 385 4455 415 4510; x_wconf 91' lang='lat' dir='ltr'><strong><em>ct</em></strong></span> <span class='ocrx_word' id='word_1_311' title='bbox 432 4450 466 4512; x_wconf 88' lang='lat' dir='ltr'><strong><em>lll</em></strong></span> <span class='ocrx_word' id='word_1_312' title='bbox 485 4451 510 4512; x_wconf 85' lang='lat' dir='ltr'><strong><em>is</em></strong></span> <span class='ocrx_word' id='word_1_313' title='bbox 528 4450 642 4512; x_wconf 83' lang='lat' dir='ltr'><strong><em>litteras</em></strong></span> <span class='ocrx_word' id='word_1_314' title='bbox 663 4451 744 4514; x_wconf 89' lang='lat' dir='ltr'><strong><em>dedit</em></strong></span> <span class='ocrx_word' id='word_1_315' title='bbox 767 4468 836 4526; x_wconf 78' lang='lat' dir='ltr'><strong><em>qum</em></strong></span> <span class='ocrx_word' id='word_1_316' title='bbox 854 4467 869 4511; x_wconf 93' lang='lat' dir='ltr'><strong><em>a</em></strong></span> <span class='ocrx_word' id='word_1_317' title='bbox 888 4451 934 4511; x_wconf 86' lang='lat' dir='ltr'><strong><em>Fr.</em></strong></span> <span class='ocrx_word' id='word_1_318' title='bbox 958 4450 1097 4510; x_wconf 86' lang='lat' dir='ltr'><strong><em>Petrnrcn</em></strong></span> <span class='ocrx_word' id='word_1_319' title='bbox 1120 4448 1149 4507; x_wconf 90' lang='lat' dir='ltr'><strong><em>iu</em></strong></span> <span class='ocrx_word' id='word_1_320' title='bbox 1172 4447 1203 4507; x_wconf 93' lang='lat' dir='ltr'><strong><em>li-</em></strong></span> 
     </span>
    </p>
   </div>
   <div class='ocr_carea' id='block_1_6' title="bbox 0 0 1350 5024">
    <p class='ocr_par' dir='ltr' id='par_1_7' title="bbox 0 0 1350 5024">
     <span class='ocr_line' id='line_1_39' title="bbox 0 0 1350 5024; baseline 0 0"><span class='ocrx_word' id='word_1_321' title='bbox 0 0 1350 5024; x_wconf 95' lang='lat' dir='ltr'><strong><em> </em></strong></span> 
     </span>
    </p>
   </div>
  </div>
 </body>
</html>
