2692 5024
534 711 799 764 racundonuott.
1117 716 1190 767 cxlx

147 850 198 923 Ep.
218 849 263 906 27.
283 850 381 906 Porro
396 851 583 906 Bouoursusr.
594 853 758 909 -Litteroe
772 860 831 910 tuoe
844 860 1002 926 compater.

308 941 380 1012 Arp.
402 940 437 995 Se
459 939 529 995 bene
543 942 644 996 ualere.
664 942 704 998 De
726 943 802 999 obitu
826 944 983 1017 Pandulphi
1001 946 1148 1002 Malatestae
1167 952 1194 1001 et

344 1028 475 1084 lobannis
490 1029 594 1101 Pepoli.
610 1030 651 1086 De
665 1031 749 1087 rebus
763 1033 821 1088 suis
835 1033 1026 1090 familiaribus.

148 1118 198 1192 Ep.
218 1118 263 1174 28.
284 1119 374 1174 Azour
389 1133 425 1173 os:
438 1117 589 1174 Counrero.
600 1150 636 1161 -
646 1120 764 1177 Litteroe
777 1128 880 1177 vesooe
893 1128 1004 1178 wacta.

306 1207 379 1279 Arp.
394 1206 554 1262 Gratulatur
563 1207 638 1280 quod
647 1208 675 1263 in
685 1209 803 1279 gratiam
811 1210 1009 1267 llioeoomitum
1017 1210 1194 1269 dominorum

342 1295 589 1352 Mediolanensium
603 1296 726 1352 redierit.
790 1307 793 1311 ’

149 1386 198 1459 Ep.
219 1386 263 1442 29.
284 1385 446 1441 Enmcrsoo
459 1386 564 1441 Parom
578 1385 627 1441 SS.
642 1386 866 1443 brossononuu.
878 1417 913 1429 -
923 1387 1048 1444 Litteras
1070 1395 1135 1445 teos
1149 1389 1192 1446 io·

346 1476 530 1531 cundiseime.

308 1565 381 1638 Ary.
397 1565 530 1620 Amorem
543 1564 640 1620 obesse
653 1564 764 1621 iudicio.

148 1655 199 1729 Ep.
221 1655 266 1712 ³0.
287 1655 435 1711 Goursnuo
450 1669 487 1710 os
498 1654 679 1710 Pasranuoo.
690 1684 726 1696 -
735 1655 860 1711 Litterae
874 1661 939 1711 tuus
951 1654 1160 1711 orstotraoimoe.

308 1746 380 1819 Arg.
396 1744 516 1800 Nunoiat
528 1743 598 1799 duos
611 1744 714 1800 amieos
727 1743 888 1817 propediem
901 1745 982 1800 illum
994 1743 1147 1814 inrisuros,
1165 1749 1193 1799 et

343 1835 377 1890 de
390 1834 463 1889 dono
477 1838 587 1907 accepto
602 1840 693 1905 pates
705 1835 771 1905 agit.

149 1925 199 1995 Ep.
219 1923 263 1979 31.
284 1924 460 1979 Paununrsro
473 1922 663 1980 Mucarnsrn.
675 1954 711 1966 -
719 1924 833 1980 Littera
845 1930 948 1980 oestro.

309 2014 380 2085 Arp.
406 2011 524 2068 &cusat
545 2029 575 2068 se
593 2012 668 2085 quod
689 2013 854 2069 ualetudinis
871 2029 953 2070 eausa
971 2013 1118 2070 Pisaurum
1136 2030 1192 2087 quo

342 2103 428 2159 abeo
451 2102 634 2159 advocabatur
653 2120 709 2159 non
729 2105 818 2160 adeat.
841 2103 960 2160 Nunciat
980 2122 1010 2161 se
1028 2104 1059 2160 in
1076 2104 1193 2161 collibus

342 2193 479 2265 Euganeis
502 2193 648 2248 rusticari:
673 2198 701 2248 et
722 2192 757 2248 de
778 2198 867 2248 morte
889 2193 983 2248 uxoris
1005 2193 1064 2249 eius
1086 2191 1192 2266 aliquid

340 2281 441 2336 innuit.

151 2367 203 2440 Ep.
222 2367 266 2424 32.
286 2367 379 2424 Nunro
393 2370 547 2424 Monimo.
557 2368 717 2423 -Moraro'
729 2384 823 2440 ocyor.

309 2460 381 2531 Arp.
406 2459 551 2531 vituperat
564 2474 626 2513 eam
640 2457 778 2514 scribendi
800 2458 936 2513 rationem
959 2475 1014 2531 qua
1029 2475 1118 2513 uuum
1131 2460 1191 2532 plu-

341 2550 393 2604 rali
407 2564 525 2603 numero
538 2547 705 2603 recentiores
719 2549 907 2620 alloquuntur.
924 2548 1042 2603 Paulum
1061 2548 1192 2605 Annibal-

342 2637 456 2693 descum
478 2637 572 2710 pusilli
599 2635 684 2692 animi
711 2642 821 2692 accusat
847 2637 921 2709 quod
943 2636 980 2693 ob
1001 2637 1051 2692 tilii
1073 2643 1192 2694 mortem

342 2729 436 2784 dolore
450 2727 590 2783 consectus
602 2732 630 2782 et
643 2727 702 2799 ipse
716 2727 823 2784 obierit.

149 2817 201 2890 Ep.
220 2817 265 2872 33.
285 2817 328 2871 An
342 2830 481 2871 rouoruu.
492 2846 528 2858 -
537 2817 667 2872 Miretur
680 2818 730 2872 ille
743 2819 799 2872 vir.

306 2905 377 2976 Arp.
394 2905 429 2959 Se
444 2905 631 2976 culpauaoare
640 2905 714 2979 qpod
724 2904 828 2978 aliquid
842 2905 872 2960 in
886 2904 1025 2962 Cioeronis
1040 2911 1068 2962 et
1081 2906 1190 2962 Seneoae

340 2993 471 3065 operibus
484 2993 697 3066 reprehensione
712 2994 827 3065 dignum
842 2996 989 3050 censuerit.

146 3084 199 3157 Ep.
218 3082 262 3137 34.
283 3081 617 3138 Eunuc1scoBuuuo.-
626 3083 692 3139 Nisi
705 3085 787 3138 oeldo
800 3085 933 3155 fortibus.

306 3172 379 3243 Arp.
395 3171 523 3226 Amicum
537 3170 639 3225 iterum
651 3171 692 3225 illi
704 3168 888 3225 commendat.

147 3261 200 3334 Ep.
220 3260 264 3315 35.
285 3261 433 3316 Guurnnuo
447 3275 483 3315 nu
497 3260 679 3315 Pasrnnuoo.
689 3259 848 3314 -Nomen
862 3265 945 3315 teum
959 3259 1075 3332 optime.

306 3351 377 3423 Ary.
394 3350 514 3406 Nunoiat
528 3353 646 3405 mortem
661 3348 791 3404 lobannis
805 3348 858 3403 sui.

144 3437 197 3510 Ep.
218 3437 262 3492 36.
283 3438 447 3493 Bnucnrcro
473 3437 620 3494 Counuun
646 3436 740 3492 Errsc.
774 3437 933 3493 unslrno.
956 3468 992 3480 -
1012 3437 1079 3494 Nora
1103 3439 1190 3494 aliter

344 3525 464 3580 litterae.

305 3616 376 3687 Ar9.
393 3615 555 3672 oraturam
567 3599 728 3687 dignitatem
740 3617 782 3672 nu
795 3617 932 3673 conatam.

147 3705 199 3778 Ep.
220 3705 264 3760 37.
284 3706 379 3761 Momo
394 3707 552 3762 Punueusr.
562 3706 674 3762 -Non
686 3707 856 3780 sopitalem.

304 3798 376 3868 Arp.
393 3796 521 3869 Epistola
535 3796 569 3852 ab
583 3813 616 3852 eo
629 3803 746 3870 accepta
759 3797 878 3853 breviter
890 3796 1047 3869 respondet.

147 3882 199 3956 Ep.
218 3883 263 3939 38.
282 3883 411 3941 Nicomo
426 3884 586 3941 Luunnuru
600 3885 731 3942 anouuo
750 3888 820 3942 Por.
846 3887 921 3942 Rou.
932 3885 1042 3940 -Non
1057 3885 1189 3940 desinam

340 3973 478 4044 quotidw.

306 4061 378 4132 Arp.
405 4059 500 4116 Rebus
521 4063 618 4135 coeptis
641 4063 814 4136 perficiendis
839 4063 945 4117 animos
967 4061 1055 4117 addit:
1084 4060 1190 4117 litteras

340 4151 400 4205 eius
421 4151 577 4208 avidissime
600 4153 708 4225 exquiri
726 4157 754 4207 et
768 4153 796 4207 in
815 4151 914 4220 vulgus
932 4151 1013 4219 ferri,
1037 4166 1190 4223 earumque

340 4240 436 4295 stilum
451 4239 505 4295 sibi
516 4240 636 4297 maxime
649 4240 769 4313 probari.

144 4326 197 4400 Ep.
217 4327 260 4383 39.
283 4328 380 4384 Psruo
395 4330 699 4386 Bououruus1.-Non
712 4330 848 4401 epistolas
862 4331 936 4382 tuos.

305 4420 377 4490 Arq.
402 4419 543 4477 Nonnulla
570 4421 605 4476 dc
631 4420 781 4492 Dyrrachio
804 4416 886 4473 urbe:
913 4423 941 4472 et
964 4417 1069 4473 litteras
1095 4418 1190 4474 amicis

341 4505 506 4578 quibusdam
521 4509 676 4566 mddendas
689 4507 781 4563 mittit.
