2692 5024
338 700 430 749 arnan
452 699 644 749 ruamus-
659 699 812 750 urrsrom
831 703 873 750 nr.
1090 688 1149 752 113

63 849 133 918 lius
153 847 269 942 impiis
295 844 440 915 ausibus
466 842 599 914 obstitit
624 844 732 914 ltaliae
759 847 879 916 favens
905 847 1010 917 Deris.
1038 847 1148 932 ldem,

64 970 140 1067 pios
158 969 331 1042 adiuvans
353 975 513 1050 conatuS,
536 964 647 1037 aciem
669 975 764 1038 luam
786 967 1021 1052 comitabitur3
1042 971 1152 1042 vesti-

65 1099 124 1189 gia
153 1093 294 1185 dirigol3
317 1115 356 1163 se
388 1092 493 1177 duce,
521 1090 675 1163 victricia
704 1091 804 1182 sigua
825 1113 893 1162 non
915 1092 1065 1164 deseret.
1093 1095 1152 1165 1116

65 1217 126 1290 tibi
159 1238 252 1288 nunc
277 1227 478 1310 perpetuam
516 1215 716 1298 victoriam,
751 1213 980 1307 ultimumque
1012 1224 1150 1286 tuorum

63 1337 219 1411 bostium
243 1337 489 1410 exterminium
516 1337 707 1429 pollicetur,
734 1333 795 1429 qui
820 1335 864 1407 de
890 1345 940 1407 tol
965 1337 1044 1408 olim
1072 1337 1152 1410 bar-

62 1461 192 1534 baricis
214 1459 409 1553 legionibus
436 1461 527 1554 piam
553 1457 759 1555 paucitatem
783 1457 967 1530 Theodosii
987 1460 1151 1555 principis

66 1586 202 1656 salvam
219 1585 309 1655 lecit.
332 1585 376 1654 Et
394 1590 430 1654 tu
451 1585 605 1676 profecto
626 1581 854 1654 iustissimam
875 1604 1019 1654 causam
1035 1587 1151 1669 foves;

64 1716 114 1792 et,
129 1706 189 1800 qui
203 1707 295 1778 illius
313 1716 395 1778 tunc
412 1705 555 1778 iustitiae
572 1705 649 1791 fuit,
670 1716 740 1778 tuae
757 1727 849 1778 nunc
866 1707 965 1778 testis
982 1716 1038 1780 est
1054 1708 1153 1781 Chri-

67 1840 145 1904 stus
169 1829 397 1904 devotissime
424 1830 485 1902 tibi
510 1829 636 1902 diebus
662 1852 704 1901 ac
728 1828 888 1900 noctibus
918 1829 1149 1916 invocandus,

67 1965 107 2026 ut
130 1961 275 2050 peragat
299 1953 393 2047 quod
414 1952 551 2049 incepit.
574 1954 649 2024 Non
677 1953 839 2047 equidem
860 1955 979 2047 procul
1001 1955 1069 2038 illo,
1090 1956 1153 2028 sed

67 2087 182 2149 tecum
208 2087 274 2162 est,
297 2087 333 2148 61
352 2086 465 2148 tecum
492 2086 567 2148 erat
594 2075 696 2170 (mihi
722 2075 845 2168 crede)
868 2075 952 2147 dum
978 2075 1150 2148 vinceres.

65 2198 228 2293 Alioquin
253 2221 405 2292 quonam
438 2198 543 2298 modo
573 2220 653 2270 cum
685 2197 805 2291 paucis
835 2208 967 2269 tantum
997 2198 1152 2272 fudisses

65 2323 278 2406 exercitum,
314 2332 419 2415 atque
448 2343 553 2406 unus,
588 2321 678 2393 duos
712 2318 984 2413 superbissimos
1013 2321 1150 2406 hostes,

67 2443 297 2536 incautusque
334 2445 425 2516 idern
458 2466 500 2516 ao
525 2465 632 2539 prope
658 2441 865 2528 semiermis,
892 2444 1151 2539 praemeditatos

67 2567 143 2639 illos
160 2577 197 2640 et
213 2567 412 2652 instructos,
440 2566 581 2660 inopino
598 2576 723 2649 marte,
744 2575 814 2637 tarn
832 2566 990 2638 celeriter
1009 2588 1154 2663 oppres-

68 2691 201 2761 sisses‘?
221 2688 352 2761 Aderat
376 2691 496 2783 procul
520 2687 628 2760 dubio
652 2692 795 2762 coeleste
819 2689 1039 2783 praesidium,
1069 2691 1155 2764 ade-

69 2813 197 2905 ritque,
231 2812 502 2905 quotiensnon
532 2821 665 2884 mutata
690 2813 823 2885 iustitia
849 2813 956 2908 partis
988 2823 1070 2898 tuae,
1097 2813 1154 2907 pie

70 2943 340 3027 reverenterque
365 2934 608 3028 postulabitur.
631 2937 658 3022 l,
686 2946 782 3007 tanto
815 2955 959 3007 securus
983 2935 1094 3017 duce3
1119 2947 1155 3007 61

70 3056 116 3128 de
141 3075 311 3128 caesorum
337 3058 510 3150 sanguiue
536 3067 776 3130 renascentem
804 3079 967 3152 puerum,
990 3057 1155 3127 ecclesia-

70 3201 149 3250 rum
168 3179 286 3274 spoliis
305 3189 502 3266 oneratum,
521 3180 677 3275 praedam
696 3180 818 3251 verius
837 3178 923 3250 seito
940 3200 1030 3264 6666,
1049 3201 1153 3273 quam

70 3301 242 3396 proelium.
269 3303 366 3374 Prior
390 3325 516 3396 nempe
541 3302 697 3388 victoria,
721 3312 759 3373 ut
779 3302 945 3394 gloriosa,
981 3301 1032 3374 sic
1056 3301 1155 3396 inops
1208 3376 1211 3380 ,

69 3422 155 3507 1611;
177 3425 255 3496 haec
280 3435 350 3496 tam
376 3427 553 3520 opulenta,
581 3447 686 3519 quarn
711 3425 832 3497 facilis.
861 3426 958 3498 Vade
978 3425 1086 3520 igitur
1111 3426 1157 3499 ad

69 3555 197 3616 certam
224 3546 419 3633 victoriam,
450 3548 565 3642 potius
599 3571 704 3642 quam
737 3548 783 3621 ad
816 3547 1020 3641 ambiguum
1046 3558 1157 3619 certa-

71 3689 174 3751 men3
194 3676 230 3740 et
250 3670 354 3755 vade,
378 3683 536 3744 nontam
559 3671 708 3765 propriis
733 3671 884 3756 viribus,
907 3693 1012 3764 quarn
1037 3667 1157 3741 divino

71 3789 159 3862 fisus
181 3792 321 3865 auxilio.
355 3794 435 3890 lpsa
459 3817 523 3889 pro
549 3806 582 3867 te
606 3795 712 3867 etiarn
737 3798 910 3867 elementa
935 3788 1153 3887 pugnabunt,

71 3932 155 4004 quae
179 3935 243 4008 pro
269 3916 463 3990 Theodosio
488 3929 749 4012 pugnaverunt,
783 3916 947 4010 quodque
979 3913 1027 3983 ait
1056 3912 1158 3982 Clau-

74 4034 201 4109 dianus
214 4094 222 4124 ,

549 4154 617 4217 libi
638 4155 738 4216 mittet
758 4152 796 4215 ab
816 4151 905 4214 astris

270 4254 376 4318 AEolus
396 4261 529 4318 armatas
549 4254 691 4333 hyemes,
711 4250 768 4313 tibi
785 4249 895 4311 militat
911 4247 1019 4315 aether.

271 4352 307 4414 Et
325 4353 476 4416 coniurati
495 4351 619 4413 venient
635 4350 673 4413 ad
689 4347 811 4411 classica
829 4346 922 4409 venti.

69 4529 157 4602 Nam
182 4541 219 4602 61
245 4541 283 4602 tu
307 4552 449 4627 quoque
474 4554 554 4605 oum
579 4529 696 4603 crucis
721 4526 896 4617 hostibus,
926 4527 1007 4601 11661
1031 4525 1160 4598 Christi
