2692 5024
156 675 217 739 tao
493 684 537 735 ns
557 680 659 735 nunus
678 678 903 733 summamus

567 942 747 1011 Epistola
766 940 823 1009 xll

176 1157 371 1211 vnlnclsctts
387 1153 558 1207 annotata
573 1151 708 1203 10al1l1tl
724 1149 884 1201 totum
901 1147 1076 1199 canblnttl
1091 1148 1119 1199 S.
1137 1149 1166 1200 P.
1184 1150 1216 1200 l).

272 1338 307 1393 Se
321 1335 356 1390 ed
371 1338 496 1389 montem
508 1330 679 1405 (leprarum,
692 1346 778 1404 quaem
791 1330 938 1401 describit,
952 1330 1120 1404 pervenisse.

255 1560 554 1653 Peropportunum
570 1554 666 1625 euris
687 1553 775 1627 meis
791 1555 917 1639 looum,
936 1554 967 1625 si
988 1574 1057 1625 non
1074 1554 1143 1627 alio
1162 1574 1246 1649 pro-

158 1689 296 1778 peraret
320 1678 474 1763 animus,
508 1686 633 1749 noetus
667 1696 745 1747 sum
771 1676 806 1747 in
832 1675 974 1770 regione
999 1696 1153 1749 mmona.
1179 1678 1246 1751 Ca-

157 1826 299 1904 prarum
320 1821 422 1873 mons
440 1799 556 1872 dietus
575 1807 632 1871 est
650 1798 746 1885 olim,
766 1798 885 1884 oredo,
907 1798 1004 1893 quod
1022 1798 1246 1875 silvestribus

158 1925 322 2020 virgultis
338 1922 526 2007 obsessus,
545 1920 670 2015 capris,
683 1942 789 2015 mam
804 1919 1012 2006 bominibus,
1032 1922 1247 2017 frequentior

158 2048 357 2123 haberetur.
389 2045 561 2119 Paulatim
590 2044 752 2139 eognitus
781 2045 848 2118 loci
878 2044 989 2132 situs,
1022 2056 1059 2119 et
1091 2058 1248 2143 spectata

159 2171 329 2256 fertilitas,
350 2167 565 2241 habitatores
582 2167 715 2263 aliquot
731 2176 856 2264 sponte
871 2168 1059 2255 contraxit,
1077 2170 1247 2265 aquibus

159 2316 226 2368 arx
250 2292 414 2367 eminenti
436 2291 523 2365 satis
544 2292 678 2364 tumulo
697 2290 863 2375 fundatas
878 2300 915 2362 et
932 2292 1116 2365 domorum
1135 2316 1248 2389 quam

160 2425 235 2488 tum
270 2415 368 2488 oollis
400 2423 574 2507 angustus
598 2412 745 2509 patitur,
780 2413 896 2486 adhue
927 2424 1031 2486 vetus
1063 2436 1246 2510 caprarum

160 2538 372 2612 vocabulum
392 2558 462 2608 uon
482 2533 609 2608 amisit.
632 2536 747 2608 Locus
763 2533 927 2628 ignobilis
947 2538 1049 2621 lama,
1069 2536 1250 2608 nobiliori-

159 2662 231 2733 -bus
254 2659 405 2750 cingitur
429 2658 526 2730 locis.
560 2658 625 2729 Est
656 2656 737 2729 bino
767 2659 908 2731 Soracte
936 2680 1057 2744 mons,
1078 2659 1250 2732 Silvestro

161 2784 278 2855 clarus
312 2780 444 2865 inoola;
474 2778 539 2852 sed
563 2789 599 2853 et
623 2790 704 2853 ente
728 2781 938 2854 Silvestrum
963 2792 1147 2879 poetarum
1172 2804 1251 2855 cur-

162 2903 313 2978 minibus
338 2902 506 2975 illustris:
524 2903 605 2976 binc
630 2903 754 2976 Cimini
778 2927 859 2977 oum
884 2915 1001 2977 monte
1026 2907 1139 2991 lacus,
1161 2928 1251 3000 quo-

161 3050 241 3100 rnm
265 3026 425 3099 meminit
452 3024 642 3119 Virgilius:
676 3025 757 3098 hinc
790 3028 956 3112 Sutrium,
990 3030 1086 3121 quod
1111 3028 1252 3101 nonnisi

138 3149 302 3228 duobus
331 3170 501 3243 passuum
536 3148 690 3221 millibus
713 3149 826 3234 abest,
851 3151 955 3223 sedes
981 3151 1097 3222 Cereri
1123 3151 1250 3245 gratis

164 3271 263 3356 simu,
284 3281 445 3343 etvetus
467 3270 525 3366 (ut
544 3271 745 3367 perhibent)
768 3273 907 3345 Saturni
931 3273 1075 3346 colonia.
1097 3275 1252 3368 Campus

163 3391 361 3464 ostenditur
384 3414 454 3464 non
479 3394 583 3486 longe
616 3417 637 3466 a
666 3394 790 3479 muris,
821 3394 894 3467 ubi·
913 3395 1063 3490 primum
1093 3397 1129 3467 in
1154 3399 1253 3473 ltalia

162 3514 326 3588 frumenti
344 3536 463 3588 semen
480 3516 526 3587 ab
547 3516 684 3590 advena
704 3540 789 3610 rege
806 3517 933 3591 iactum
950 3519 1083 3606 dicunt,
1102 3519 1253 3614 primam

164 3661 318 3713 messem
357 3641 443 3712 laloe
479 3640 680 3713 desectam:
715 3664 786 3734 quo
811 3641 982 3714 beneficio
1014 3643 1252 3737 miraculoque

163 3760 317 3835 delinitis
342 3762 482 3847 animis,
502 3763 538 3832 in
556 3771 691 3855 partem
717 3763 814 3856 regni
834 3764 976 3850 vivens,
999 3766 1035 3835 iu
1055 3765 1253 3857 opinionem

163 3883 357 3958 divinitatis
370 3885 444 3958 vita
456 3887 606 3971 functus,
620 3887 740 3958 lavore
753 3887 933 3960 bominum
946 3897 1129 3983 exceptus,
1140 3910 1253 3961 senex

164 4028 241 4090 rex,
261 4017 298 4078 et
317 4007 447 4079 laloiler
468 4008 561 4079 Deus
579 4018 645 4081 est.
667 4007 739 4080 Aer
758 4009 826 4095 hio,
850 4020 1017 4105 quantum
1038 4010 1146 4083 breve
1164 4020 1253 4083 tem-

164 4149 231 4222 pus
244 4129 409 4215 ostendit,
434 4130 697 4204 saluberrimus.
712 4132 812 4218 llinc,
829 4134 932 4221 illinc,
948 4137 1055 4207 colles
1069 4133 1252 4216 innumeri,

165 4248 346 4322 altitudine
371 4274 436 4324 neo
456 4275 602 4327 accessu
627 4255 770 4342 difficili,
797 4265 833 4328 et
857 4259 1023 4353 expedita
1040 4256 1252 4351 prospectui.

166 4367 259 4439 luter
283 4394 385 4463 quos,
408 4387 444 4448 et
465 4377 632 4450 umbrosa
650 4380 797 4451 laterum
815 4402 986 4466 convexa,
1009 4392 1045 4453 et
1065 4381 1255 4477 opaoacin-

165 4512 242 4562 oum
280 4503 379 4567 antra
412 4498 610 4573 subsidunt.
646 4503 805 4595 Undique
836 4503 1087 4576 submovendis
1119 4504 1254 4576 solibus
