2692 5024
404 696 497 744 ursan
518 698 877 755 ouranos-urrannei
899 701 941 750 ιιι.
1152 691 1211 755 tell

136 841 282 913 libertati
303 851 364 912 aut
384 842 488 911 saluti
507 842 675 913 favebunt
686 844 902 938 rapacissimi
919 846 1111 938 praedones,
1129 870 1212 944 quae

134 986 213 1037 cum
235 963 373 1057 propria
394 974 596 1059 paupertate
622 967 805 1039 coniuncta
828 989 909 1039 esse
933 967 1121 1042 videatur?
1145 973 1213 1043 lta-

132 1109 203 1182 que
216 1085 301 1157 nihil
314 1085 479 1159 habuisse
493 1087 667 1160 securius·
678 1089 746 1161 Sed
759 1090 806 1160 ita
820 1112 859 1162 se
871 1112 927 1162 res
940 1090 1061 1175 habel3
1073 1092 1210 1167 damnis

132 1209 303 1303 gravibus
320 1232 420 1282 acres
437 1211 632 1284 inimicitias
648 1212 830 1305 quaesiere.
847 1213 928 1286 Vidi
943 1204 1006 1286 eos'
1022 1215 1057 1285 in
1073 1238 1212 1312 compe-

132 1333 248 1405 dibus.
274 1333 304 1403 0
328 1355 403 1405 rem
426 1333 628 1426 indignam!
661 1335 689 1404 0
720 1334 918 1407 instabilem
939 1357 979 1408 ac
999 1337 1211 1432 praecipitem

132 1461 282 1530 lortunae
303 1459 431 1530 rotam!
447 1457 629 1543 Caeterum,
649 1469 688 1530 ut
704 1460 788 1531 nihil
805 1460 863 1532 illa
880 1461 1078 1556 captivitate
1096 1461 1212 1536 delor-

133 1579 238 1664 mius,
261 1579 311 1652 sic
331 1581 548 1675 captivorum
568 1580 693 1654 animis
713 1583 798 1653 nihil
818 1583 1007 1656 excelsius.
1029 1587 1134 1658 Salvo
1159 1596 1208 1671 te,

134 1722 233 1794 spem
253 1703 419 1795 optimam
439 1726 555 1776 rerum
581 1727 725 1779 suarum
749 1704 894 1789 habena
919 1729 987 1800 ego
1011 1710 1106 1801 quod
1130 1730 1212 1803 spe-

134 1846 207 1896 rem
228 1823 313 1895 nihil
333 1824 457 1912 habeo,
479 1827 547 1898 nisi
567 1828 682 1920 aliqua
703 1829 758 1900 vis
779 1830 888 1902 maior
910 1831 1147 1904 intervenerit.
1174 1831 1211 1903 Si

133 1949 225 2034 enirn
251 1949 384 2020 consilii
408 1950 627 2022 clementiam
647 1959 843 2046 expectant,
870 1962 986 2024 actum
1010 1962 1078 2036 est;
1104 1974 1211 2047 squa-

132 2075 206 2145 lore
226 2071 374 2144 carceris
394 2083 652 2145 consumentur.
678 2073 811 2163 Regina
830 2074 952 2157 senior,
974 2074 1103 2146 coniux
1126 2073 1209 2147 olim

131 2197 241 2288 regia,
260 2218 352 2267 nunc
368 2195 562 2267 miserrima
583 2196 784 2280 viduarum,
811 2196 1014 2283 miseretur,
1041 2205 1079 2268 ut
1103 2196 1207 2283 dicit,

130 2316 216 2387 nihil
236 2317 383 2410 amplius
406 2337 445 2388 se
464 2336 571 2411 posse
592 2315 813 2389 confirmans.
835 2318 1015 2411 Cleopatra
1034 2342 1113 2392 cum
1132 2321 1210 2391 Pto

131 2444 254 2513 lemaeo
276 2461 340 2511 suo
364 2439 523 2512 misereri
544 2450 701 2536 possent,
737 2439 767 2513 si
798 2441 966 2514 Photinus
986 2441 1209 2538 Achillasque

130 2561 379 2658 permitterent.
393 2565 469 2656 Ego
482 2565 559 2635 haec
574 2563 685 2648 video;
699 2588 769 2658 quo
783 2565 905 2651 animo,
920 2589 964 2639 ne
980 2567 1049 2639 dici
1068 2567 1208 2662 quidem

130 2707 219 2780 opus
240 2695 304 2757 est.
324 2685 392 2756 Sed
413 2685 498 2778 quid
523 2686 643 2777 agam?
667 2687 866 2780 patiendum
892 2697 958 2774 est,
985 2699 1022 2760 et
1046 2691 1209 2783 quamvis

131 2810 291 2901 responsi
313 2821 443 2891 certus,
472 2832 679 2906 responsum
703 2821 818 2885 tumen
842 2815 945 2885 etiarn
974 2837 1065 2888 nunc
1089 2817 1209 2889 iussus

132 2942 290 3024 expecto.
310 2934 407 3005 Vale.

272 3080 403 3153 Neapoli,
418 3081 458 3135 ΙΙΙ
472 3081 533 3136 Kal.
550 3083 717 3138 Decembris.

546 3386 721 3478 uersuum
747 3387 793 3450 ιι.

154 3581 347 3632 salnclsclls
365 3582 534 3632 Parnasus
551 3582 683 3632 lontani
700 3580 856 3630 COLUMNAE
875 3582 1046 3632 casolata!
1064 3584 1090 3631 S.
1110 3584 1137 3632 1¹.
1157 3585 1186 3632 ll.

173 3748 207 3801 Se
223 3764 272 3819 per
287 3749 384 3803 vicinia
398 3749 528 3822 Neapolis
541 3749 687 3821 voluptatis
701 3765 797 3804 caussa
811 3766 875 3804 curu
890 3749 984 3805 amicis
998 3748 1160 3802 cxcnrrlsse.

387 3836 426 3891 De
440 3838 526 3892 Maria
540 3838 691 3892 Puteolana
704 3838 826 3910 viragine
840 3838 950 3907 insigni.

185 4072 189 4078 ·
231 4037 307 4109 Mos
320 4035 405 4107 milri
420 4046 500 4108 tuus
513 4039 594 4108 olim
610 4049 729 4110 notus:
746 4037 793 4107 nil
812 4037 973 4127 ignorare
987 4047 1086 4129 poles
1100 4056 1205 4128 aequo

129 4159 259 4230 animo:
294 4159 340 4232 ita
372 4181 581 4253 generosum
615 4159 773 4254 spiritum
796 4158 1015 4253 inexplebilis
1039 4158 1204 4232 noscendi

128 4284 299 4378 cupiditas
319 4283 484 4375 exagitat.
504 4283 604 4354 Gessi
620 4282 790 4354 voluntati
807 4291 877 4353 tuae
893 4303 1025 4353 morem
1043 4282 1204 4376 quotiens

128 4408 257 4482 Arcton
277 4418 338 4481 aut
354 4409 526 4479 Occasum
543 4405 725 4478 circumire
749 4407 885 4478 fortuna
905 4427 962 4478 me
979 4405 1088 4479 voluit
1111 4425 1202 4477 mea.

127 4532 227 4605 Nunc
245 4531 330 4604 milri
355 4530 535 4603 diversum
559 4529 626 4601 iter
650 4528 829 4623 peragenti
854 4550 954 4603 mens
977 4527 1101 4633 eadem
1124 4535 1201 4613 est,
