2768 4980
155 576 192 635 lt
411 585 575 636 rnouoisci
596 584 770 634 nunninus
792 586 965 634 nuenario.

155 729 284 822 verius)
305 729 499 822 impeditior
518 752 624 822 quam
644 731 820 825 putabam.
841 733 948 803 Multa
969 733 1054 803 mihi
1076 734 1231 828 scripto-

154 874 230 921 rum
250 853 379 923 diversi
396 854 530 944 generis
550 854 727 945 suppellex
743 853 836 924 domi
852 863 921 924 est:
941 876 1064 947 sparsa
1081 855 1228 947 quidem

151 985 186 1045 et
205 977 369 1066 neglecta.
390 975 585 1068 Perquisivi
606 973 763 1045 situlam
785 979 992 1068 squallentes
1015 979 1167 1063 arculas
1188 991 1228 1051 et

153 1098 341 1190 scripturas
361 1098 452 1168 caric
471 1119 624 1168 semesas
642 1098 901 1189 pulverulentus
918 1100 1077 1193 exphcui.
1092 1101 1225 1193 lmpor-

153 1230 255 1290 lunus
277 1222 359 1291 mihi
380 1243 457 1290 mus
479 1222 616 1297 nocuit;
638 1231 741 1313 atque
760 1222 1005 1294 edacissimum
1026 1223 1126 1295 tineae
1144 1227 1225 1295 vul-

151 1366 217 1435 gus
237 1354 271 1414 et
292 1343 457 1435 palladias
478 1365 533 1413 res
555 1354 713 1434 agentem
734 1345 869 1416 inimica
893 1345 1041 1417 Palladis
1069 1345 1225 1418 turbavit

151 1488 284 1537 aranea.
311 1465 379 1535 Sed
403 1464 488 1533 nihil
511 1475 565 1534 est
584 1465 678 1557 quod
697 1488 767 1537 uon
785 1467 921 1557 frangat
940 1464 1050 1537 durus
1074 1477 1110 1538 et
1129 1469 1222 1563 iugis

151 1590 256 1660 labor.
278 1587 437 1658 Confusis
455 1586 571 1678 itaque
586 1588 842 1659 circumventus
858 1588 1049 1661 litterarum
1061 1591 1221 1677 cumulis,

150 1720 185 1781 et
204 1710 338 1780 inlormi
356 1731 494 1805 papyro
514 1709 659 1792 obsitus,
680 1711 791 1804 primo
815 1710 954 1804 quidem
978 1711 1066 1804 coepi
1092 1712 1221 1807 impetu

150 1840 272 1903 cuncta
296 1830 443 1902 llammis
468 1853 615 1904 exurere
642 1840 678 1902 et
708 1833 860 1904 laborem
891 1833 1072 1924 inglorium
1098 1835 1220 1907 vitare.

150 1960 278 2031 Deinde
304 1958 356 2052 (ut
380 1958 604 2050 cogitationes
627 1981 647 2029 e
670 1957 934 2050 cogitationibus
953 1958 1164 2051 erumpunt),
1185 1970 1221 2030 et

150 2082 246 2175 quid,
274 2081 427 2173 inquam,
456 2080 615 2173 prohibet
639 2084 772 2151 velute
796 2083 935 2174 specula
960 2083 1091 2152 fessum
1116 2082 1221 2172 longo

150 2204 269 2277 itinere
287 2205 455 2274 viatorem
475 2203 510 2273 in
530 2212 629 2295 terga
647 2203 831 2296 respicere,
857 2211 893 2273 et
917 2200 1087 2293 gradatim
1103 2201 1221 2274 adole

150 2329 290 2400 scentiac
311 2337 380 2398 tuae
399 2347 502 2397 curas
524 2325 717 2395 metientem
739 2329 1014 2415 recognosceret
1032 2324 1123 2397 Vicit
1141 2325 1221 2399 haec

150 2449 327 2520 sententia.
343 2447 437 2518 Sicut
448 2446 539 2517 enim
553 2467 623 2516 non
634 2445 855 2536 magnificus,
872 2446 921 2519 sic
936 2470 1006 2519 non
1022 2449 1219 2521 inamoeuus

150 2569 244 2639 labor
264 2567 364 2637 visus
384 2577 439 2636 est
456 2565 539 2658 quid
557 2588 626 2658 quo
644 2575 796 2658 tempore
811 2569 1020 2661 cogitassem
1032 2569 1217 2641 reeordari.

149 2691 217 2760 Sed
236 2700 364 2760 temere
382 2698 549 2777 congesta
567 2688 661 2759 nullo
680 2689 801 2761 ordine
820 2693 988 2776 versanti,
1016 2692 1140 2764 mirum
1164 2692 1219 2763 di-

148 2824 205 2885 ctu
222 2836 325 2907 quam
347 2812 496 2884 discolor
514 2820 550 2881 et
566 2832 669 2903 quam
691 2811 829 2884 turbida
845 2836 960 2884 rerum
977 2815 1081 2886 tocies
1096 2836 1217 2886 occur—

149 2937 244 3022 rerit,
266 2947 306 3008 ut
325 2935 486 3029 quedam
506 2956 575 3005 non
596 2944 666 3004 tam
687 2934 970 3026 specie'illorum,
993 2958 1098 3029 quam
1118 2937 1218 3008 intol-

150 3064 255 3131 lectus
288 3060 355 3132 mci
388 3059 460 3131 acie
492 3065 636 3143 mutata,
670 3056 732 3127 vix
765 3057 841 3149 ipse
865 3080 1121 3150 cognoscerem,
1147 3057 1215 3130 alia

148 3203 231 3250 vero
263 3204 332 3251 non
364 3182 438 3252 sine
476 3185 650 3273 voluptate
679 3181 829 3272 quadam
863 3181 1022 3252 retroacti
1053 3178 1216 3271 temporis

149 3301 348 3370 memoriam
371 3302 571 3372 excitarent.
599 3302 644 3370 lit
662 3312 736 3371 crat
755 3323 835 3393 pars
857 3305 967 3374 soluto
988 3322 1111 3395 gressu
1129 3296 1218 3374 llbe-

148 3443 200 3503 ra,
223 3442 302 3512 pars
323 3423 441 3491 lraenis
462 3424 650 3495 llome'ricis
671 3421 849 3505 adstricta}
872 3427 1033 3517 quoniam
1054 3426 1215 3498 isocratis

148 3542 291 3613 habenis
312 3564 390 3613 raro
410 3543 554 3627 utimum
575 3568 655 3636 pars
675 3555 789 3616 autem
808 3551 996 3622 mulcendis
1015 3549 1110 3642 vulgi
1123 3546 1216 3622 auri·

147 3663 213 3733 bus
233 3663 370 3745 intenta,
395 3665 468 3735 suis
487 3673 522 3735 et
540 3664 616 3757 ipsa
636 3665 770 3756 legibus
790 3669 960 3743 utebatur.
982 3670 1083 3756 Quod
1099 3692 1215 3763 genus

147 3786 238 3878 apud
271 3786 402 3858 Siculos
437 3788 491 3880 (ut
521 3789 610 3858 sama
634 3787 703 3880 est)
731 3810 800 3860 non
824 3794 942 3864 multis
968 3803 1048 3865 aute
1075 3792 1214 3864 saeculis

147 3920 314 3992 renatum,
341 3908 438 3979 brevi
459 3932 519 4002 per
538 3932 673 3981 omnem
692 3911 822 3983 ltaliam
843 3937 883 3985 ae
902 3915 1039 4006 longius
1061 3914 1215 3986 manavit

146 4027 237 4116 apud
255 4030 453 4101 Graecorum
476 4032 556 4103 olim
577 4054 616 4103 ac
637 4031 835 4105 Latinorum
853 4036 1109 4108 vetustissimos
1125 4037 1215 4106 cele-

147 4148 303 4219 bratum:
325 4153 495 4244 siquidem
515 4166 550 4226 et
570 4154 700 4228 Atticos
724 4168 760 4228 et
778 4161 950 4230 Romanos
971 4160 1134 4250 vulgares
1154 4180 1213 4252 ry·

146 4270 271 4344 thmico
285 4284 413 4344 tantum
428 4276 580 4347 carmine
591 4277 640 4348 uti
653 4276 773 4350 solitos
786 4280 1084 4372 accepimusllaec
1095 4280 1213 4371 itaque

145 4393 316 4468 variarum
336 4420 449 4466 rerum
468 4410 560 4469 tanta
579 4400 744 4471 colluvies
761 4400 892 4492 aliquot
908 4424 962 4472 me
974 4401 1098 4473 diebus
1109 4424 1212 4474 occu-
