2692 5024
128 662 146 722 t
464 672 613 721 nmsronn
635 672 676 721 ,10
697 671 865 721 10010000.

127 828 163 887 01
178 816 311 896 1011011;
330 824 409 885 1000
425 813 585 905 equidem
601 835 670 884 non
686 812 846 897 mirabar,
861 815 974 905 utqui
992 815 1082 899 mibi,
1096 838 1192 889 more

127 938 254 1022 aetatis,
281 936 373 1007 omni
403 936 533 1007 honore
556 934 782 1027 dignissimus
812 935 960 1007 viderer.
994 934 1082 1007 Ante
1106 939 1191 1010 alios

126 1059 298 1153 expetitus
318 1059 367 1129 fui
387 1080 409 1129 a
429 1057 707 1129 Columnensium
726 1059 821 1130 clara
843 1068 878 1128 01
902 1081 1070 1149 generosa
1094 1062 1192 1130 lami-

127 1183 183 1266 lia,
209 1202 289 1275 quae
315 1191 395 1253 tunc
419 1180 608 1253 Romanam
640 1179 772 1253 curiam
803 1180 1054 1272 frequentabat,
1081 1181 1190 1254 dicam

127 1302 265 1387 1001100,
287 1300 499 1373 illustrabat:
521 1300 687 1393 aquibus
708 1300 837 1373 accitus
855 1310 891 1373 et
909 1302 1000 1387 mihi,
1016 1304 1131 1376 neseio
1148 1327 1191 1375 an

125 1435 161 1497 et
179 1446 283 1509 nunc,
302 1433 338 1495 at
362 1434 442 1495 tuno
466 1432 559 1494 certe
582 1422 746 1508 indebito,
772 1424 808 1493 in
832 1424 960 1497 honore
984 1425 1123 1497 babitus
1148 1425 1193 1496 ab

127 1548 249 1619 illustri
267 1558 302 1617 et
321 1545 576 1639 incomparabili
605 1546 678 1619 viro
700 1545 821 1619 lacobo
841 1545 885 1619 de
905 1547 1070 1619 Columna
1089 1548 1192 1618 Lom-

127 1668 273 1739 beriensi
300 1678 379 1737 tunc
403 1667 586 1760 Episcopo,
612 1667 667 1741 oui
691 1667 806 1741 nescio
831 1690 876 1739 an
900 1690 1017 1762 parem
1045 1669 1192 1740 viderim

127 1809 188 1861 seu
214 1791 356 1861 visurus
383 1789 462 1876 sim,
489 1789 525 1859 10
549 1789 755 1861 Vaseoniam
781 1790 920 1875 ductus,
953 1789 1019 1861 sub
1047 1790 1192 1862 collibus

125 1912 301 2007 Pyrenaeis
325 1922 483 1985 aestatem
500 1935 606 2007 prope
626 1915 814 1999 coelestem,
837 1916 944 1985 multa
959 1923 994 1985 et
1011 1914 1140 1986 domini
1158 1925 1194 1984 et

125 2035 286 2108 comitum
305 2036 516 2107 iucunditate
540 2036 706 2127 transegi,
728 2044 767 2107 01
792 2057 928 2128 semper
953 2046 1089 2129 tempus
1109 2037 1192 2110 illud

126 2157 346 2230 memorando
376 2158 558 2252 suspirem.
591 2158 674 2229 lnde
702 2158 857 2242 rediens,
890 2159 957 2230 sub
984 2161 1088 2231 fratre
1115 2160 1191 2231 eius

126 2279 275 2351 lobanne
297 2280 342 2351 de
366 2281 533 2353 Columna
556 2280 728 2353 Cardinali
753 2283 880 2352 multos
905 2303 966 2373 per
990 2304 1098 2352 annos
1123 2304 1193 2353 non

126 2401 224 2493 quasi
250 2401 316 2471 sub
341 2401 491 2485 domino,
520 2403 581 2474 sed
607 2400 673 2471 sub
698 2410 807 2493 patre,
829 2401 896 2471 imo
916 2424 958 2472 no
983 2401 1018 2473 id
1042 2401 1190 2494 quidem,

127 2525 188 2595 sed
216 2536 294 2594 'cum
321 2526 425 2594 110110
450 2523 702 2607 amantissimo,
729 2524 797 2593 imo
822 2544 955 2593 meeum
987 2533 1022 2592 et
1053 2524 1191 2616 propria

127 2667 202 2715 mea
227 2645 261 2714 in
290 2640 391 2717 domo
415 2645 476 2716 fui.
501 2647 577 2729 Quo
607 2656 757 2739 tompore
787 2645 945 2716 iuvenilis
975 2668 1029 2715 me
1060 2645 1194 2738 impulit

126 2768 297 2860 appetitus
323 2778 361 2838 ut
384 2778 419 2838 et
442 2769 569 2840 Gallias
594 2780 628 2840 et
651 2770 866 2841 Germaniam
896 2792 1133 2862 peragrarem:
1158 2782 1193 2842 et

127 2891 203 2961 11001
219 2890 296 2960 aliae
309 2911 426 2961 causan
445 2888 656 2982 fingerentur
672 2900 709 2960 ut
726 2891 967 2983 prosectionem
980 2914 1093 2962 meam
1106 2893 1192 2964 meis

127 3011 313 3084 maioribus
339 3012 579 3106 approbarem,
604 3035 689 3085 vera
713 3023 827 3084 tamen
847 3036 953 3085 eausa
976 3023 1062 3097 erat,
1087 3017 1193 3087 multa

127 3136 264 3207 videndi
288 3137 391 3207 ardor
416 3157 457 3205 ac
482 3135 644 3207 studium.
671 3136 709 3205 ln
733 3158 802 3229 qua
827 3136 1100 3229 peregrinatione
1127 3138 1194 3206 Pa-

128 3258 227 3326 risios
252 3259 400 3349 primum
426 3257 508 3341 vidi,
535 3267 570 3328 et
594 3258 783 3329 delectatus
810 3282 888 3329 sum
914 3258 1084 3350 inquirere
1108 3258 1192 3349 quid

128 3400 246 3447 verum
268 3379 396 3470 quidve
415 3379 610 3449 fabulosum
631 3380 675 3449 de
694 3380 751 3449 illa
776 3380 863 3450 urbe
883 3391 1089 3451 narraretur.
1110 3381 1193 3452 lnde

128 3523 302 3583 reversus,
326 3502 466 3571 Romam
488 3501 554 3571 adii
576 3502 674 3573 cuius
700 3502 860 3573 videndae
881 3502 1051 3573 desiderio
1072 3502 1116 3572 ab
1141 3504 1193 3573 10-

127 3624 232 3694 fantia
251 3622 430 3704 ardebam;
450 3633 483 3692 et
505 3624 608 3693 huius
628 3624 766 3694 familiae
786 3625 1040 3715 magnanimum
1062 3627 1193 3715 gemto

129 3769 198 3817 rem
225 3747 433 3839 Stephanum
464 3747 507 3816 de
536 3747 701 3816 Columna
730 3746 841 3816 virum
870 3746 1008 3818 cuilibet
1036 3748 1193 3840 antiquo

129 3893 203 3939 rum
233 3893 349 3960 parem
380 3869 425 3939 ita
454 3869 554 3952 colui,
583 3880 684 3961 atque
714 3868 760 3940 ita
791 3869 857 3939 sibi
877 3881 1034 3962 aceeptus
1060 3871 1122 3952 lui,
1155 3882 1193 3940 ut

129 3992 292 4063 interme
323 4003 357 4060 01
386 3989 570 4081 quemlibet
600 3989 747 4061 filiorum
776 3992 822 4060 nil
852 3992 983 4062 dioeres
1013 3992 1190 4062 interesse.

128 4114 193 4193 Qui
222 4114 287 4183 viri
315 4114 513 4183 excellentis
543 4134 639 4183 amor
667 4123 703 4183 et
731 4114 872 4185 allectus
901 4090 1011 4206 usque
1040 4114 1084 4184 ad
1109 4113 1190 4183 vitm

127 4233 202 4301 0100
222 4246 414 4305 extremum
436 4259 504 4306 uno
523 4258 604 4328 erga
626 4261 680 4308 me
702 4260 835 4330 semper
856 4248 971 4307 100010
991 4235 1189 4329 permansit,

127 4367 161 4423 et
181 4355 214 4423 in
235 4378 288 4425 100
309 4381 398 4427 nuuc-
422 4360 523 4429 otiam
545 4359 644 4444 vivit,
667 4382 776 4450 neque
796 4381 948 4451 unquam
974 4359 1107 4429 desinet
1126 4359 1191 4428 nisi

127 4497 191 4565 ego
217 4487 295 4547 ante
320 4480 463 4550 desiero.
493 4481 575 4551 lude
599 4483 698 4552 otiam
727 4502 903 4563 reversus,
923 4503 1000 4549 cum
1022 4481 1188 4550 omnium.
