2692 5024
402 746 495 795 musn
517 746 731 796 summus-
744 745 897 797 uersuum
919 751 970 799 vu.
1172 739 1231 801 373

152 916 296 990 operum
327 895 505 964 consultor
530 891 690 987 Spiritus,
719 914 796 963 cum
822 916 892 986 quo
916 893 1058 966 assidue
1082 898 1230 991 colloqui

150 1016 351 1112 putabaris‘.l
367 1017 486 1110 Neque
504 1013 595 1086 enim
613 1015 711 1087 aliter
729 1016 808 1087 talia
826 1015 900 1086 fieri
918 1037 1022 1112 posse
1041 1041 1102 1112 per
1118 1020 1230 1092 homi-

151 1163 229 1211 nem
251 1138 468 1211 videbantur.
491 1136 581 1223 Quid
601 1149 716 1210 autem
739 1141 925 1233 torqueor?
950 1138 1051 1236 lbunl
1077 1164 1134 1214 res
1159 1167 1229 1238 qua

152 1264 358 1358 sempiterna
385 1265 440 1334 lex
463 1263 602 1335 statuit:
625 1272 759 1334 mutare
792 1263 858 1335 ista
891 1286 959 1337 non
992 1287 1150 1359 possum,
1175 1271 1230 1340 fu-

150 1409 235 1481 gere
254 1408 408 1481 possum.
431 1388 550 1478 ltaque
571 1409 638 1457 non
656 1407 778 1479 parum
797 1387 880 1458 mihi
898 1389 1032 1480 negocii
1053 1390 1227 1462 remisisti.

121 1512 124 1518 '
147 1509 203 1583 Ad
224 1519 258 1581 te
277 1508 393 1580 auimo
413 1507 654 1602 properabam.
673 1509 788 1581 Flecto
809 1509 895 1590 iter:
915 1521 1007 1584 certe
1029 1521 1061 1584 te
1081 1515 1227 1585 alterum

147 1655 216 1705 non
249 1630 389 1704 videbo.
417 1632 469 1701 Tu
493 1653 632 1726 quoque
664 1635 806 1727 longum
838 1639 929 1720 vale,
955 1638 1075 1721 Roma,
1103 1637 1132 1707 si
1153 1636 1228 1708 haec

148 1777 233 1828 vern
260 1766 351 1827 sunt.
376 1754 480 1828 lndos
513 1778 580 1849 ego
613 1752 727 1851 potius
761 1769 820 1830 aut
852 1760 1080 1833 Garamantas
1099 1772 1225 1856 petam.

147 1879 279 1952 Suntne
308 1890 424 1951 autem
459 1903 544 1953 vera
577 1879 675 1953 haec?
698 1883 726 1952 0
753 1885 898 1954 multum
931 1883 1097 1979 principio
1122 1884 1227 1956 dissi-

146 2003 261 2075 milem
283 2002 406 2075 linem!
431 2007 475 2075 Et
495 2027 515 2077 o
536 2006 678 2077 nimium
700 2007 864 2079 delicatas
894 2029 997 2080 aures
1019 2009 1134 2078 meas!
1158 2006 1226 2080 As-

146 2136 333 2226 sueverant
352 2126 545 2219 magnificis
568 2129 785 2212 rumoribus;
803 2131 872 2225 pati
890 2129 955 2201 ista
977 2151 1043 2201 uon
1064 2141 1222 2224 possunt.

144 2251 213 2322 Sed
237 2259 274 2320 et
299 2260 445 2344 possunt
477 2252 561 2322 salsa
592 2273 672 2323 esse
704 2273 785 2345 quae
814 2254 945 2346 loquor.
972 2254 1016 2325 Et
1044 2256 1129 2325 falsa
1155 2254 1224 2324 sint

145 2374 289 2446 utinam!
316 2374 500 2466 Nunquam
524 2372 686 2445 libentius
713 2375 913 2446 erraverim.
932 2376 1058 2468 Magna
1082 2377 1220 2470 quidem

143 2497 235 2591 apud
264 2519 319 2567 me
344 2509 399 2566 est
425 2495 609 2568 scribentis
633 2497 840 2582 auctoritas3
869 2500 933 2572 sed
958 2499 1107 2591 cognitae
1136 2498 1219 2569 mihi

91 2609 92 2613 ’
144 2619 259 2691 multis
272 2618 416 2702 indiciis,
436 2639 617 2711 generosae
638 2619 762 2706 dicam,
781 2643 826 2691 an
844 2620 1219 2707 animosaouiusdan

143 2741 281 2815 invidiae
314 2765 382 2812 nou
415 2764 523 2837 parva
557 2742 720 2836 suspicio.
755 2744 864 2835 Igitur
894 2745 960 2816 etsi
992 2747 1092 2840 plura
1123 2745 1217 2840 loqui

143 2866 238 2938 dolor
257 2869 416 2961 imperet,
438 2866 581 2938 frenabo
603 2874 715 2937 tamen
737 2865 923 2959 impetum:
954 2867 1048 2959 quod
1064 2870 1218 2962 prolecto

141 3009 208 3060 non
233 3011 386 3082 possem,
415 2989 481 3059 nisi
510 2989 590 3081 quia
618 2987 869 3060 solicitudinem
896 3010 1009 3059 meam
1034 2988 1217 3059 increduli-

141 3120 209 3182 tate
241 3114 409 3184 eonsolor.
437 3111 609 3182 Secundet
641 3111 716 3181 haec
747 3110 841 3180 Deus
874 3118 910 3180 et
940 3108 1071 3179 laetiora
1096 3108 1212 3193 faciat,

138 3257 244 3329 quam
273 3242 478 3306 narrantur:
499 3232 683 3327 potiusque
709 3252 765 3302 me
797 3231 985 3303 amicorum
1011 3232 1098 3304 alter
1118 3255 1215 3304 men-

138 3356 250 3441 dacio,
271 3378 376 3450 quam
398 3355 572 3449 impietate
601 3356 687 3427 alter
711 3354 910 3449 flagitioque
936 3357 1073 3428 laeserit.
1101 3356 1214 3450 Siqui-

136 3483 217 3554 dem
238 3479 487 3551 consuetudine
508 3479 658 3573 pessima
684 3477 841 3550 ellectum
862 3490 917 3550 est
938 3491 976 3552 ut
994 3480 1212 3552 mendacium

135 3605 204 3678 iam
227 3600 467 3698 quotidianum
487 3614 523 3673 et
545 3605 691 3695 vulgare
712 3611 887 3696 peccatum
916 3603 970 3674 sit.
996 3602 1211 3675 Proditorem

135 3728 258 3822 patriae
291 3726 417 3798 nullius
451 3726 520 3797 aevi
548 3726 697 3810 licentia,
733 3727 826 3798 nulla
857 3725 1084 3803 cousuetudo.
1118 3726 1211 3796 nulla

133 3850 274 3922 libertas
295 3850 476 3922 criminum
503 3861 659 3922 excusat.
684 3849 801 3921 Potius
827 3871 911 3941 ergo
936 3846 990 3919 ille
1017 3844 1210 3919 mentiendo

133 3995 261 4068 paucos
284 3971 366 4044 mihi
388 3984 532 4044 moestos
549 3958 638 4057 dies,
660 3993 764 4065 quam
787 3985 823 4044 tu
848 3971 994 4066 patriam
1016 3969 1210 4042 deserendo

131 4106 294 4168 moestam
316 4117 452 4168 omnem
470 4096 578 4166 vitam
598 4096 732 4166 leceris.
750 4097 820 4181 Ille,
844 4094 977 4188 siquid
997 4093 1104 4165 verbo
1124 4092 1210 4164 deli-

130 4218 260 4311 querit,
279 4213 390 4291 verbo
407 4216 620 4314 purgabitur.
640 4218 752 4287 Tuum
774 4217 814 4301 si,
838 4218 932 4311 quod
952 4215 1069 4288 lictum
1092 4206 1206 4309 cupio,

130 4363 255 4413 verum
278 4344 392 4413 scelus
413 4352 488 4424 est,
511 4338 638 4434 quibus
660 4360 812 4431 unquam
831 4340 975 4433 piaculis
999 4336 1207 4411 abolendum

129 4469 275 4559 speres?
288 4467 483 4536 Immortale
502 4461 610 4534 decus
622 4471 689 4546 est,
704 4461 904 4534 immortalis
916 4462 1067 4535 infamia.
1078 4463 1207 4547 Quam·

128 4587 250 4659 obrem
272 4589 313 4672 si,
344 4587 438 4681 quod
471 4583 602 4681 opinari
617 4685 620 4688 .
635 4606 783 4680 nequem
808 4577 901 4660 tuam
921 4590 1067 4662 sortasse
1097 4586 1206 4678 negli-
