<?xml version="1.0" encoding="UTF-8"?>
<!DOCTYPE html PUBLIC "-//W3C//DTD XHTML 1.0 Transitional//EN"
    "http://www.w3.org/TR/xhtml1/DTD/xhtml1-transitional.dtd">
<html xmlns="http://www.w3.org/1999/xhtml" xml:lang="en" lang="en">
 <head>
  <title>
</title>
<meta http-equiv="Content-Type" content="text/html;charset=utf-8" />
  <meta name='ocr-system' content='tesseract 3.04.00' />
  <meta name='ocr-capabilities' content='ocr_page ocr_carea ocr_par ocr_line ocrx_word'/>
</head>
<body>
  <div class='ocr_page' id='page_1' title='image "./epistolaederebu00fracgoog_0308.png"; bbox 0 0 2692 5024; ppageno 0'>
   <div class='ocr_carea' id='block_1_1' title="bbox 368 650 1175 712">
    <p class='ocr_par' dir='ltr' id='par_1_1' title="bbox 368 650 1175 712">
     <span class='ocr_line' id='line_1_1' title="bbox 368 650 1175 712; baseline 0.001 -1"><span class='ocrx_word' id='word_1_1' title='bbox 368 663 461 711; x_wconf 80' lang='lat' dir='ltr'><strong>urana</strong></span> <span class='ocrx_word' id='word_1_2' title='bbox 483 660 840 711; x_wconf 68' lang='lat' dir='ltr'><strong>rorarios-ammons</strong></span> <span class='ocrx_word' id='word_1_3' title='bbox 862 662 904 710; x_wconf 83' lang='lat'>111.</span> <span class='ocrx_word' id='word_1_4' title='bbox 1116 650 1175 712; x_wconf 70' lang='lat' dir='ltr'><strong>tto</strong></span> 
     </span>
    </p>
   </div>
   <div class='ocr_carea' id='block_1_2' title="bbox 95 804 1287 4224">
    <p class='ocr_par' dir='ltr' id='par_1_2' title="bbox 95 804 1287 4224">
     <span class='ocr_line' id='line_1_2' title="bbox 97 804 1177 900; baseline 0.001 -23"><span class='ocrx_word' id='word_1_5' title='bbox 97 818 216 879; x_wconf 91' lang='lat' dir='ltr'><strong>nostro</strong></span> <span class='ocrx_word' id='word_1_6' title='bbox 243 805 412 897; x_wconf 79' lang='lat' dir='ltr'><strong>sanguine</strong></span> <span class='ocrx_word' id='word_1_7' title='bbox 433 827 556 877; x_wconf 87' lang='lat' dir='ltr'><strong>rursus</strong></span> <span class='ocrx_word' id='word_1_8' title='bbox 577 804 713 889; x_wconf 86' lang='lat' dir='ltr'><strong>intecta,</strong></span> <span class='ocrx_word' id='word_1_9' title='bbox 735 815 771 875; x_wconf 87' lang='lat' dir='ltr'><strong>et</strong></span> <span class='ocrx_word' id='word_1_10' title='bbox 792 804 857 875; x_wconf 90' lang='lat' dir='ltr'><strong>sub</strong></span> <span class='ocrx_word' id='word_1_11' title='bbox 878 805 1052 877; x_wconf 88' lang='lat' dir='ltr'><strong>Leucadio</strong></span> <span class='ocrx_word' id='word_1_12' title='bbox 1073 813 1177 900; x_wconf 91' lang='lat' dir='ltr'><strong>atque</strong></span> 
     </span>
     <span class='ocr_line' id='line_1_3' title="bbox 97 927 1178 1020; baseline 0.002 -21"><span class='ocrx_word' id='word_1_13' title='bbox 97 930 195 1002; x_wconf 85' lang='lat' dir='ltr'><strong>Actio</strong></span> <span class='ocrx_word' id='word_1_14' title='bbox 224 927 414 1000; x_wconf 88' lang='lat' dir='ltr'><strong>verticibus</strong></span> <span class='ocrx_word' id='word_1_15' title='bbox 439 928 496 998; x_wconf 88' lang='lat' dir='ltr'><strong>itta</strong></span> <span class='ocrx_word' id='word_1_16' title='bbox 522 927 674 1020; x_wconf 80' lang='lat' dir='ltr'><strong>ingentia</strong></span> <span class='ocrx_word' id='word_1_17' title='bbox 702 927 791 999; x_wconf 88' lang='lat' dir='ltr'><strong>bella</strong></span> <span class='ocrx_word' id='word_1_18' title='bbox 818 927 963 999; x_wconf 85' lang='lat' dir='ltr'><strong>navalia.</strong></span> <span class='ocrx_word' id='word_1_19' title='bbox 997 929 1178 1001; x_wconf 89' lang='lat' dir='ltr'><strong>Postremo</strong></span> 
     </span>
     <span class='ocr_line' id='line_1_4' title="bbox 97 1052 1176 1145; baseline 0 -20"><span class='ocrx_word' id='word_1_20' title='bbox 97 1054 177 1125; x_wconf 91' lang='lat' dir='ltr'><strong>inde</strong></span> <span class='ocrx_word' id='word_1_21' title='bbox 202 1074 315 1145; x_wconf 90' lang='lat' dir='ltr'><strong>usque</strong></span> <span class='ocrx_word' id='word_1_22' title='bbox 341 1053 375 1121; x_wconf 92' lang='lat' dir='ltr'><strong>iu</strong></span> <span class='ocrx_word' id='word_1_23' title='bbox 402 1054 570 1123; x_wconf 80' lang='lat' dir='ltr'><strong>saeculum</strong></span> <span class='ocrx_word' id='word_1_24' title='bbox 598 1061 755 1122; x_wconf 90' lang='lat' dir='ltr'><strong>nostrum</strong></span> <span class='ocrx_word' id='word_1_25' title='bbox 778 1061 950 1122; x_wconf 87' lang='lat' dir='ltr'><strong>tantorum</strong></span> <span class='ocrx_word' id='word_1_26' title='bbox 971 1052 1081 1124; x_wconf 90' lang='lat' dir='ltr'><strong>series</strong></span> <span class='ocrx_word' id='word_1_27' title='bbox 1103 1077 1176 1126; x_wconf 93' lang='lat' dir='ltr'><strong>ma-</strong></span> 
     </span>
     <span class='ocr_line' id='line_1_5' title="bbox 96 1166 1178 1270; baseline 0.001 -22"><span class='ocrx_word' id='word_1_28' title='bbox 96 1179 216 1258; x_wconf 81' lang='lat' dir='ltr'><strong>lorum,</strong></span> <span class='ocrx_word' id='word_1_29' title='bbox 236 1184 329 1247; x_wconf 90' lang='lat' dir='ltr'><strong>utet</strong></span> <span class='ocrx_word' id='word_1_30' title='bbox 354 1174 576 1270; x_wconf 86' lang='lat' dir='ltr'><strong>impossibilis</strong></span> <span class='ocrx_word' id='word_1_31' title='bbox 596 1166 811 1248; x_wconf 79' lang='lat' dir='ltr'><strong>enumeratio</strong></span> <span class='ocrx_word' id='word_1_32' title='bbox 830 1175 886 1260; x_wconf 87' lang='lat' dir='ltr'><strong>sit,</strong></span> <span class='ocrx_word' id='word_1_33' title='bbox 911 1186 947 1246; x_wconf 89' lang='lat' dir='ltr'><strong>et</strong></span> <span class='ocrx_word' id='word_1_34' title='bbox 966 1199 1086 1249; x_wconf 89' lang='lat' dir='ltr'><strong>amara</strong></span> <span class='ocrx_word' id='word_1_35' title='bbox 1105 1201 1178 1249; x_wconf 89' lang='lat' dir='ltr'><strong>me-</strong></span> 
     </span>
     <span class='ocr_line' id='line_1_6' title="bbox 96 1297 1177 1393; baseline 0.001 -22"><span class='ocrx_word' id='word_1_36' title='bbox 96 1300 221 1383; x_wconf 87' lang='lat' dir='ltr'><strong>moria,</strong></span> <span class='ocrx_word' id='word_1_37' title='bbox 249 1298 397 1371; x_wconf 80' lang='lat' dir='ltr'>necdum</span> <span class='ocrx_word' id='word_1_38' title='bbox 421 1298 641 1369; x_wconf 89' lang='lat' dir='ltr'><strong>miseriarum</strong></span> <span class='ocrx_word' id='word_1_39' title='bbox 664 1297 743 1370; x_wconf 89' lang='lat' dir='ltr'><strong>finis</strong></span> <span class='ocrx_word' id='word_1_40' title='bbox 764 1299 855 1371; x_wconf 87' lang='lat' dir='ltr'><strong>ultus</strong></span> <span class='ocrx_word' id='word_1_41' title='bbox 882 1308 1056 1393; x_wconf 81' lang='lat' dir='ltr'><strong>appareat.</strong></span> <span class='ocrx_word' id='word_1_42' title='bbox 1087 1300 1177 1385; x_wconf 89' lang='lat' dir='ltr'>Quid</span> 
     </span>
     <span class='ocr_line' id='line_1_7' title="bbox 97 1397 1175 1517; baseline -0.002 -23"><span class='ocrx_word' id='word_1_43' title='bbox 97 1424 143 1494; x_wconf 87' lang='lat' dir='ltr'><strong>de</strong></span> <span class='ocrx_word' id='word_1_44' title='bbox 159 1422 250 1517; x_wconf 84' lang='lat' dir='ltr'><strong>Cyro</strong></span> <span class='ocrx_word' id='word_1_45' title='bbox 268 1443 350 1512; x_wconf 80' lang='lat' dir='ltr'><strong>rege</strong></span> <span class='ocrx_word' id='word_1_46' title='bbox 370 1420 555 1491; x_wconf 86' lang='lat' dir='ltr'><strong>Persarum</strong></span> <span class='ocrx_word' id='word_1_47' title='bbox 577 1397 712 1512; x_wconf 84' lang='lat' dir='ltr'><strong>loquar,</strong></span> <span class='ocrx_word' id='word_1_48' title='bbox 735 1421 794 1514; x_wconf 92' lang='lat' dir='ltr'><strong>qui</strong></span> <span class='ocrx_word' id='word_1_49' title='bbox 817 1421 874 1514; x_wconf 78' lang='lat' dir='ltr'><strong>(ut</strong></span> <span class='ocrx_word' id='word_1_50' title='bbox 894 1422 1031 1517; x_wconf 89' lang='lat' dir='ltr'><strong>proprie</strong></span> <span class='ocrx_word' id='word_1_51' title='bbox 1044 1422 1175 1517; x_wconf 77' lang='lat' dir='ltr'><strong>dicam)</strong></span> 
     </span>
     <span class='ocr_line' id='line_1_8' title="bbox 97 1543 1178 1636; baseline 0.001 -19"><span class='ocrx_word' id='word_1_52' title='bbox 97 1546 207 1617; x_wconf 87' lang='lat' dir='ltr'><strong>vietor</strong></span> <span class='ocrx_word' id='word_1_53' title='bbox 232 1543 267 1613; x_wconf 93' lang='lat' dir='ltr'><strong>in</strong></span> <span class='ocrx_word' id='word_1_54' title='bbox 293 1544 425 1636; x_wconf 83' lang='lat' dir='ltr'><strong>praelio,</strong></span> <span class='ocrx_word' id='word_1_55' title='bbox 445 1544 481 1614; x_wconf 92' lang='lat' dir='ltr'><strong>in</strong></span> <span class='ocrx_word' id='word_1_56' title='bbox 499 1543 641 1614; x_wconf 85' lang='lat' dir='ltr'><strong>victoria</strong></span> <span class='ocrx_word' id='word_1_57' title='bbox 669 1543 784 1615; x_wconf 88' lang='lat' dir='ltr'><strong>victus</strong></span> <span class='ocrx_word' id='word_1_58' title='bbox 809 1545 895 1615; x_wconf 81' lang='lat' dir='ltr'><strong>suit?</strong></span> <span class='ocrx_word' id='word_1_59' title='bbox 915 1543 1007 1628; x_wconf 87' lang='lat' dir='ltr'>Quid</span> <span class='ocrx_word' id='word_1_60' title='bbox 1031 1546 1077 1618; x_wconf 88' lang='lat' dir='ltr'><strong>de</strong></span> <span class='ocrx_word' id='word_1_61' title='bbox 1097 1547 1178 1618; x_wconf 81' lang='lat' dir='ltr'><strong>Ale-</strong></span> 
     </span>
     <span class='ocr_line' id='line_1_9' title="bbox 98 1652 1178 1760; baseline 0.006 -23"><span class='ocrx_word' id='word_1_62' title='bbox 98 1667 233 1739; x_wconf 84' lang='lat' dir='ltr'><strong>xandro</strong></span> <span class='ocrx_word' id='word_1_63' title='bbox 270 1652 473 1752; x_wconf 70' lang='lat' dir='ltr'><strong>damtione,</strong></span> <span class='ocrx_word' id='word_1_64' title='bbox 512 1666 572 1760; x_wconf 93' lang='lat' dir='ltr'><strong>qui</strong></span> <span class='ocrx_word' id='word_1_65' title='bbox 608 1667 696 1738; x_wconf 90' lang='lat' dir='ltr'><strong>betto</strong></span> <span class='ocrx_word' id='word_1_66' title='bbox 723 1668 925 1753; x_wconf 88' lang='lat' dir='ltr'><strong>incolumis,</strong></span> <span class='ocrx_word' id='word_1_67' title='bbox 956 1669 991 1740; x_wconf 93' lang='lat' dir='ltr'><strong>in</strong></span> <span class='ocrx_word' id='word_1_68' title='bbox 1017 1670 1178 1743; x_wconf 85' lang='lat' dir='ltr'><strong>oonvivio</strong></span> 
     </span>
     <span class='ocr_line' id='line_1_10' title="bbox 98 1775 1287 1888; baseline 0.004 -27"><span class='ocrx_word' id='word_1_69' title='bbox 98 1791 222 1885; x_wconf 78' lang='lat' dir='ltr'><strong>periit?</strong></span> <span class='ocrx_word' id='word_1_70' title='bbox 238 1789 478 1882; x_wconf 79' lang='lat' dir='ltr'><strong>Agamemnon</strong></span> <span class='ocrx_word' id='word_1_71' title='bbox 498 1775 613 1862; x_wconf 89' lang='lat' dir='ltr'><strong>nonne</strong></span> <span class='ocrx_word' id='word_1_72' title='bbox 633 1792 805 1862; x_wconf 85' lang='lat' dir='ltr'><strong>famosum</strong></span> <span class='ocrx_word' id='word_1_73' title='bbox 823 1791 909 1864; x_wconf 87' lang='lat' dir='ltr'><strong>iilud</strong></span> <span class='ocrx_word' id='word_1_74' title='bbox 929 1815 969 1864; x_wconf 88' lang='lat' dir='ltr'><strong>ae</strong></span> <span class='ocrx_word' id='word_1_75' title='bbox 988 1794 1177 1888; x_wconf 91' lang='lat' dir='ltr'><strong>superbum</strong></span> <span class='ocrx_word' id='word_1_76' title='bbox 1283 1810 1287 1835; x_wconf 69' lang='lat'>³</span> 
     </span>
     <span class='ocr_line' id='line_1_11' title="bbox 98 1913 1176 2014; baseline 0.003 -30"><span class='ocrx_word' id='word_1_77' title='bbox 98 1916 183 1987; x_wconf 83' lang='lat' dir='ltr'><strong>ilion</strong></span> <span class='ocrx_word' id='word_1_78' title='bbox 208 1913 352 1984; x_wconf 82' lang='lat' dir='ltr'><strong>stravit?</strong></span> <span class='ocrx_word' id='word_1_79' title='bbox 368 1913 550 1985; x_wconf 78' lang='lat' dir='ltr'><strong>Africanus</strong></span> <span class='ocrx_word' id='word_1_80' title='bbox 568 1914 695 1999; x_wconf 90' lang='lat' dir='ltr'><strong>minor,</strong></span> <span class='ocrx_word' id='word_1_81' title='bbox 719 1926 836 2014; x_wconf 87' lang='lat' dir='ltr'><strong>noster</strong></span> <span class='ocrx_word' id='word_1_82' title='bbox 863 1915 920 2008; x_wconf 85' lang='lat' dir='ltr'><strong>(ut</strong></span> <span class='ocrx_word' id='word_1_83' title='bbox 939 1916 985 1986; x_wconf 91' lang='lat' dir='ltr'><strong>ita</strong></span> <span class='ocrx_word' id='word_1_84' title='bbox 1008 1917 1176 2008; x_wconf 79' lang='lat' dir='ltr'><strong>dixerim)</strong></span> 
     </span>
     <span class='ocr_line' id='line_1_12' title="bbox 98 2036 1177 2131; baseline 0.004 -25"><span class='ocrx_word' id='word_1_85' title='bbox 98 2037 317 2131; x_wconf 78' lang='lat' dir='ltr'><strong>potioroeteS‚</strong></span> <span class='ocrx_word' id='word_1_86' title='bbox 346 2036 589 2128; x_wconf 78' lang='lat' dir='ltr'><strong>Carthaginem</strong></span> <span class='ocrx_word' id='word_1_87' title='bbox 628 2046 732 2129; x_wconf 89' lang='lat' dir='ltr'><strong>atque</strong></span> <span class='ocrx_word' id='word_1_88' title='bbox 768 2038 989 2109; x_wconf 81' lang='lat' dir='ltr'><strong>Numantiam</strong></span> <span class='ocrx_word' id='word_1_89' title='bbox 1022 2039 1177 2110; x_wconf 83' lang='lat' dir='ltr'><strong>funditus</strong></span> 
     </span>
     <span class='ocr_line' id='line_1_13' title="bbox 98 2160 1172 2254; baseline 0.005 -25"><span class='ocrx_word' id='word_1_90' title='bbox 98 2161 233 2231; x_wconf 90' lang='lat' dir='ltr'><strong>evertit.</strong></span> <span class='ocrx_word' id='word_1_91' title='bbox 256 2161 408 2252; x_wconf 81' lang='lat' dir='ltr'><strong>Uterque</strong></span> <span class='ocrx_word' id='word_1_92' title='bbox 430 2160 464 2228; x_wconf 93' lang='lat' dir='ltr'><strong>in</strong></span> <span class='ocrx_word' id='word_1_93' title='bbox 485 2160 588 2245; x_wconf 87' lang='lat' dir='ltr'><strong>betto,</strong></span> <span class='ocrx_word' id='word_1_94' title='bbox 611 2183 716 2253; x_wconf 93' lang='lat' dir='ltr'><strong>quam</strong></span> <span class='ocrx_word' id='word_1_95' title='bbox 736 2171 817 2254; x_wconf 91' lang='lat' dir='ltr'><strong>post</strong></span> <span class='ocrx_word' id='word_1_96' title='bbox 836 2161 1032 2247; x_wconf 86' lang='lat' dir='ltr'><strong>victoriam,</strong></span> <span class='ocrx_word' id='word_1_97' title='bbox 1056 2163 1172 2248; x_wconf 84' lang='lat' dir='ltr'><strong>tutior,</strong></span> 
     </span>
     <span class='ocr_line' id='line_1_14' title="bbox 98 2282 1179 2376; baseline 0.004 -22"><span class='ocrx_word' id='word_1_98' title='bbox 98 2283 297 2376; x_wconf 85' lang='lat' dir='ltr'><strong>militiaeque</strong></span> <span class='ocrx_word' id='word_1_99' title='bbox 317 2282 461 2366; x_wconf 81' lang='lat' dir='ltr'><strong>felicior,</strong></span> <span class='ocrx_word' id='word_1_100' title='bbox 485 2303 588 2374; x_wconf 89' lang='lat' dir='ltr'><strong>quam</strong></span> <span class='ocrx_word' id='word_1_101' title='bbox 611 2282 721 2353; x_wconf 92' lang='lat' dir='ltr'><strong>domi:</strong></span> <span class='ocrx_word' id='word_1_102' title='bbox 742 2305 831 2376; x_wconf 92' lang='lat' dir='ltr'><strong>quos</strong></span> <span class='ocrx_word' id='word_1_103' title='bbox 857 2306 925 2355; x_wconf 90' lang='lat' dir='ltr'><strong>non</strong></span> <span class='ocrx_word' id='word_1_104' title='bbox 958 2284 1074 2355; x_wconf 89' lang='lat' dir='ltr'><strong>minus</strong></span> <span class='ocrx_word' id='word_1_105' title='bbox 1103 2307 1179 2358; x_wconf 91' lang='lat' dir='ltr'><strong>mo-</strong></span> 
     </span>
     <span class='ocr_line' id='line_1_15' title="bbox 98 2404 1178 2499; baseline 0.002 -22"><span class='ocrx_word' id='word_1_106' title='bbox 98 2407 195 2479; x_wconf 92' lang='lat' dir='ltr'><strong>ribus</strong></span> <span class='ocrx_word' id='word_1_107' title='bbox 219 2428 324 2499; x_wconf 91' lang='lat' dir='ltr'><strong>quam</strong></span> <span class='ocrx_word' id='word_1_108' title='bbox 358 2405 442 2477; x_wconf 89' lang='lat' dir='ltr'><strong>tocis</strong></span> <span class='ocrx_word' id='word_1_109' title='bbox 464 2404 746 2498; x_wconf 89' lang='lat' dir='ltr'><strong>temporibusque</strong></span> <span class='ocrx_word' id='word_1_110' title='bbox 776 2406 961 2491; x_wconf 80' lang='lat' dir='ltr'><strong>distanteS‚</strong></span> <span class='ocrx_word' id='word_1_111' title='bbox 990 2406 1120 2492; x_wconf 78' lang='lat' dir='ltr'><strong>scienS,</strong></span> <span class='ocrx_word' id='word_1_112' title='bbox 1142 2408 1178 2479; x_wconf 90' lang='lat' dir='ltr'><strong>in</strong></span> 
     </span>
     <span class='ocr_line' id='line_1_16' title="bbox 98 2528 1178 2624; baseline 0.003 -26"><span class='ocrx_word' id='word_1_113' title='bbox 98 2529 163 2600; x_wconf 89' lang='lat' dir='ltr'><strong>hac</strong></span> <span class='ocrx_word' id='word_1_114' title='bbox 195 2528 312 2599; x_wconf 90' lang='lat' dir='ltr'><strong>brevis</strong></span> <span class='ocrx_word' id='word_1_115' title='bbox 345 2528 503 2623; x_wconf 85' lang='lat' dir='ltr'><strong>epistotae</strong></span> <span class='ocrx_word' id='word_1_116' title='bbox 535 2536 633 2622; x_wconf 88' lang='lat' dir='ltr'><strong>parte</strong></span> <span class='ocrx_word' id='word_1_117' title='bbox 661 2528 838 2613; x_wconf 81' lang='lat' dir='ltr'><strong>coniunxi,</strong></span> <span class='ocrx_word' id='word_1_118' title='bbox 860 2530 955 2623; x_wconf 94' lang='lat' dir='ltr'><strong>quod</strong></span> <span class='ocrx_word' id='word_1_119' title='bbox 975 2551 1083 2624; x_wconf 89' lang='lat' dir='ltr'><strong>prope</strong></span> <span class='ocrx_word' id='word_1_120' title='bbox 1116 2552 1178 2623; x_wconf 88' lang='lat' dir='ltr'><strong>par</strong></span> 
     </span>
     <span class='ocr_line' id='line_1_17' title="bbox 97 2652 1177 2744; baseline -0.002 -18"><span class='ocrx_word' id='word_1_121' title='bbox 97 2657 218 2737; x_wconf 86' lang='lat' dir='ltr'><strong>satum,</strong></span> <span class='ocrx_word' id='word_1_122' title='bbox 234 2662 338 2744; x_wconf 86' lang='lat' dir='ltr'><strong>atque</strong></span> <span class='ocrx_word' id='word_1_123' title='bbox 351 2652 443 2723; x_wconf 87' lang='lat' dir='ltr'><strong>idem</strong></span> <span class='ocrx_word' id='word_1_124' title='bbox 463 2652 645 2724; x_wconf 86' lang='lat' dir='ltr'><strong>amborum</strong></span> <span class='ocrx_word' id='word_1_125' title='bbox 661 2653 779 2725; x_wconf 81' lang='lat' dir='ltr'><strong>exitus</strong></span> <span class='ocrx_word' id='word_1_126' title='bbox 800 2653 1001 2726; x_wconf 90' lang='lat' dir='ltr'><strong>videretur:</strong></span> <span class='ocrx_word' id='word_1_127' title='bbox 1027 2655 1177 2726; x_wconf 84' lang='lat' dir='ltr'><strong>victores</strong></span> 
     </span>
     <span class='ocr_line' id='line_1_18' title="bbox 99 2774 1175 2870; baseline 0 -24"><span class='ocrx_word' id='word_1_128' title='bbox 99 2776 265 2860; x_wconf 91' lang='lat' dir='ltr'><strong>hostium,</strong></span> <span class='ocrx_word' id='word_1_129' title='bbox 289 2775 439 2869; x_wconf 89' lang='lat' dir='ltr'><strong>quisque</strong></span> <span class='ocrx_word' id='word_1_130' title='bbox 460 2797 523 2846; x_wconf 90' lang='lat' dir='ltr'><strong>sua</strong></span> <span class='ocrx_word' id='word_1_131' title='bbox 543 2775 748 2870; x_wconf 86' lang='lat' dir='ltr'><strong>praedomita</strong></span> <span class='ocrx_word' id='word_1_132' title='bbox 771 2798 811 2847; x_wconf 90' lang='lat' dir='ltr'><strong>ac</strong></span> <span class='ocrx_word' id='word_1_133' title='bbox 832 2775 976 2848; x_wconf 87' lang='lat' dir='ltr'><strong>subacta</strong></span> <span class='ocrx_word' id='word_1_134' title='bbox 1000 2774 1175 2858; x_wconf 86' lang='lat' dir='ltr'><strong>barbarie,</strong></span> 
     </span>
     <span class='ocr_line' id='line_1_19' title="bbox 99 2898 1175 2992; baseline -0.001 -24"><span class='ocrx_word' id='word_1_135' title='bbox 99 2899 188 2970; x_wconf 87' lang='lat' dir='ltr'><strong>inter</strong></span> <span class='ocrx_word' id='word_1_136' title='bbox 223 2901 408 2992; x_wconf 85' lang='lat' dir='ltr'><strong>ampiexus</strong></span> <span class='ocrx_word' id='word_1_137' title='bbox 443 2898 770 2971; x_wconf 78' lang='lat' dir='ltr'><strong>nefandissimorum</strong></span> <span class='ocrx_word' id='word_1_138' title='bbox 807 2900 993 2991; x_wconf 82' lang='lat' dir='ltr'><strong>coniugum</strong></span> <span class='ocrx_word' id='word_1_139' title='bbox 1030 2899 1175 2991; x_wconf 89' lang='lat' dir='ltr'><strong>periere.</strong></span> 
     </span>
     <span class='ocr_line' id='line_1_20' title="bbox 99 3021 1176 3118; baseline -0.005 -25"><span class='ocrx_word' id='word_1_140' title='bbox 99 3023 188 3094; x_wconf 93' lang='lat' dir='ltr'><strong>Nihil</strong></span> <span class='ocrx_word' id='word_1_141' title='bbox 209 3021 286 3096; x_wconf 84' lang='lat' dir='ltr'><strong>haeo</strong></span> <span class='ocrx_word' id='word_1_142' title='bbox 307 3023 447 3117; x_wconf 73' lang='lat' dir='ltr'><strong>(fateor)</strong></span> <span class='ocrx_word' id='word_1_143' title='bbox 471 3022 515 3093; x_wconf 90' lang='lat' dir='ltr'><strong>ad</strong></span> <span class='ocrx_word' id='word_1_144' title='bbox 537 3035 694 3093; x_wconf 92' lang='lat' dir='ltr'><strong>nostrum</strong></span> <span class='ocrx_word' id='word_1_145' title='bbox 714 3023 942 3118; x_wconf 89' lang='lat' dir='ltr'><strong>propositum.</strong></span> <span class='ocrx_word' id='word_1_146' title='bbox 965 3022 1083 3111; x_wconf 86' lang='lat' dir='ltr'><strong>ltaque</strong></span> <span class='ocrx_word' id='word_1_147' title='bbox 1104 3040 1176 3089; x_wconf 87' lang='lat' dir='ltr'><strong>rem</strong></span> 
     </span>
     <span class='ocr_line' id='line_1_21' title="bbox 98 3134 1176 3228; baseline -0.007 -10"><span class='ocrx_word' id='word_1_148' title='bbox 98 3168 235 3218; x_wconf 91' lang='lat' dir='ltr'><strong>omnem</strong></span> <span class='ocrx_word' id='word_1_149' title='bbox 268 3146 313 3218; x_wconf 90' lang='lat' dir='ltr'><strong>ad</strong></span> <span class='ocrx_word' id='word_1_150' title='bbox 346 3168 453 3216; x_wconf 92' lang='lat' dir='ltr'><strong>unum</strong></span> <span class='ocrx_word' id='word_1_151' title='bbox 479 3143 583 3214; x_wconf 84' lang='lat' dir='ltr'><strong>finem</strong></span> <span class='ocrx_word' id='word_1_152' title='bbox 608 3143 753 3228; x_wconf 86' lang='lat' dir='ltr'><strong>deduco,</strong></span> <span class='ocrx_word' id='word_1_153' title='bbox 791 3153 829 3214; x_wconf 89' lang='lat' dir='ltr'><strong>ut</strong></span> <span class='ocrx_word' id='word_1_154' title='bbox 859 3134 1043 3215; x_wconf 85' lang='lat' dir='ltr'><strong>ostendam</strong></span> <span class='ocrx_word' id='word_1_155' title='bbox 1069 3142 1176 3211; x_wconf 89' lang='lat' dir='ltr'><strong>multa</strong></span> 
     </span>
     <span class='ocr_line' id='line_1_22' title="bbox 96 3265 1175 3359; baseline -0.006 -19"><span class='ocrx_word' id='word_1_156' title='bbox 96 3267 201 3340; x_wconf 88' lang='lat' dir='ltr'><strong>etiam</strong></span> <span class='ocrx_word' id='word_1_157' title='bbox 225 3269 415 3340; x_wconf 83' lang='lat' dir='ltr'><strong>victoribus</strong></span> <span class='ocrx_word' id='word_1_158' title='bbox 441 3266 636 3337; x_wconf 88' lang='lat' dir='ltr'><strong>metuenda.</strong></span> <span class='ocrx_word' id='word_1_159' title='bbox 661 3267 841 3359; x_wconf 87' lang='lat' dir='ltr'><strong>Nusquam</strong></span> <span class='ocrx_word' id='word_1_160' title='bbox 864 3265 970 3358; x_wconf 76' lang='lat' dir='ltr'><strong>igitur</strong></span> <span class='ocrx_word' id='word_1_161' title='bbox 997 3273 1175 3358; x_wconf 77' lang='lat' dir='ltr'><strong>gestarum</strong></span> 
     </span>
     <span class='ocr_line' id='line_1_23' title="bbox 97 3389 1176 3485; baseline 0.002 -25"><span class='ocrx_word' id='word_1_162' title='bbox 97 3412 212 3463; x_wconf 91' lang='lat' dir='ltr'><strong>rorum</strong></span> <span class='ocrx_word' id='word_1_163' title='bbox 239 3390 365 3462; x_wconf 86' lang='lat' dir='ltr'><strong>fiducia</strong></span> <span class='ocrx_word' id='word_1_164' title='bbox 391 3389 668 3475; x_wconf 89' lang='lat' dir='ltr'><strong>subsistendum,</strong></span> <span class='ocrx_word' id='word_1_165' title='bbox 690 3390 1018 3485; x_wconf 85' lang='lat' dir='ltr'><strong>procedendumque</strong></span> <span class='ocrx_word' id='word_1_166' title='bbox 1038 3389 1176 3483; x_wconf 80' lang='lat' dir='ltr'><strong>longius</strong></span> 
     </span>
     <span class='ocr_line' id='line_1_24' title="bbox 96 3513 1176 3610; baseline -0.002 -25"><span class='ocrx_word' id='word_1_167' title='bbox 96 3514 250 3598; x_wconf 91' lang='lat' dir='ltr'><strong>assidue,</strong></span> <span class='ocrx_word' id='word_1_168' title='bbox 274 3535 315 3585; x_wconf 88' lang='lat' dir='ltr'><strong>ae</strong></span> <span class='ocrx_word' id='word_1_169' title='bbox 336 3536 433 3586; x_wconf 91' lang='lat' dir='ltr'><strong>more</strong></span> <span class='ocrx_word' id='word_1_170' title='bbox 454 3536 623 3599; x_wconf 82' lang='lat' dir='ltr'><strong>caesareo,</strong></span> <span class='ocrx_word' id='word_1_171' title='bbox 652 3514 846 3606; x_wconf 76' lang='lat' dir='ltr'><strong>urgendum</strong></span> <span class='ocrx_word' id='word_1_172' title='bbox 867 3513 1014 3610; x_wconf 79' lang='lat' dir='ltr'><strong>impigre</strong></span> <span class='ocrx_word' id='word_1_173' title='bbox 1036 3534 1176 3585; x_wconf 86' lang='lat' dir='ltr'><strong>sueces-</strong></span> 
     </span>
     <span class='ocr_line' id='line_1_25' title="bbox 96 3634 1216 3730; baseline -0.004 -23"><span class='ocrx_word' id='word_1_174' title='bbox 96 3659 190 3721; x_wconf 88' lang='lat' dir='ltr'><strong>sum,</strong></span> <span class='ocrx_word' id='word_1_175' title='bbox 227 3635 495 3730; x_wconf 90' lang='lat' dir='ltr'><strong>instandumque</strong></span> <span class='ocrx_word' id='word_1_176' title='bbox 532 3638 651 3707; x_wconf 78' lang='lat' dir='ltr'><strong>favore</strong></span> <span class='ocrx_word' id='word_1_177' title='bbox 682 3636 858 3722; x_wconf 65' lang='lat' dir='ltr'><strong>Nomium,</strong></span> <span class='ocrx_word' id='word_1_178' title='bbox 893 3634 1175 3724; x_wconf 89' lang='lat' dir='ltr'><strong>credendumque</strong></span> <span class='ocrx_word' id='word_1_179' title='bbox 1215 3641 1216 3644; x_wconf 76' lang='grc'>’</span> 
     </span>
     <span class='ocr_line' id='line_1_26' title="bbox 96 3754 1172 3852; baseline -0.005 -25"><span class='ocrx_word' id='word_1_180' title='bbox 96 3760 180 3830; x_wconf 87' lang='lat' dir='ltr'><strong>nihii</strong></span> <span class='ocrx_word' id='word_1_181' title='bbox 201 3771 330 3844; x_wconf 85' lang='lat' dir='ltr'><strong>aetum,</strong></span> <span class='ocrx_word' id='word_1_182' title='bbox 352 3759 438 3831; x_wconf 92' lang='lat' dir='ltr'><strong>dum</strong></span> <span class='ocrx_word' id='word_1_183' title='bbox 468 3760 642 3851; x_wconf 82' lang='lat' dir='ltr'><strong>agendum</strong></span> <span class='ocrx_word' id='word_1_184' title='bbox 666 3759 795 3852; x_wconf 86' lang='lat' dir='ltr'><strong>aliquid</strong></span> <span class='ocrx_word' id='word_1_185' title='bbox 821 3758 989 3852; x_wconf 85' lang='lat' dir='ltr'><strong>supersit3</strong></span> <span class='ocrx_word' id='word_1_186' title='bbox 1010 3754 1172 3846; x_wconf 85' lang='lat' dir='ltr'><strong>alioquin,</strong></span> 
     </span>
     <span class='ocr_line' id='line_1_27' title="bbox 97 3874 1172 3977; baseline -0.003 -29"><span class='ocrx_word' id='word_1_187' title='bbox 97 3880 213 3951; x_wconf 82' lang='lat' dir='ltr'><strong>multis</strong></span> <span class='ocrx_word' id='word_1_188' title='bbox 230 3880 318 3955; x_wconf 90' lang='lat' dir='ltr'><strong>betto</strong></span> <span class='ocrx_word' id='word_1_189' title='bbox 336 3883 587 3977; x_wconf 83' lang='lat' dir='ltr'><strong>suspectiorem</strong></span> <span class='ocrx_word' id='word_1_190' title='bbox 601 3882 709 3953; x_wconf 84' lang='lat' dir='ltr'><strong>tuisse</strong></span> <span class='ocrx_word' id='word_1_191' title='bbox 725 3881 919 3952; x_wconf 89' lang='lat' dir='ltr'><strong>victoriam:</strong></span> <span class='ocrx_word' id='word_1_192' title='bbox 933 3888 968 3950; x_wconf 90' lang='lat' dir='ltr'><strong>et</strong></span> <span class='ocrx_word' id='word_1_193' title='bbox 981 3874 1172 3947; x_wconf 88' lang='lat' dir='ltr'><strong>verendum</strong></span> 
     </span>
     <span class='ocr_line' id='line_1_28' title="bbox 97 4001 1170 4097; baseline -0.004 -27"><span class='ocrx_word' id='word_1_194' title='bbox 97 4001 212 4086; x_wconf 89' lang='lat' dir='ltr'><strong>valde,</strong></span> <span class='ocrx_word' id='word_1_195' title='bbox 238 4025 282 4075; x_wconf 92' lang='lat' dir='ltr'><strong>ne</strong></span> <span class='ocrx_word' id='word_1_196' title='bbox 307 4004 430 4075; x_wconf 87' lang='lat' dir='ltr'><strong>melius</strong></span> <span class='ocrx_word' id='word_1_197' title='bbox 455 4002 559 4073; x_wconf 85' lang='lat' dir='ltr'><strong>tuerit</strong></span> <span class='ocrx_word' id='word_1_198' title='bbox 583 4024 651 4073; x_wconf 93' lang='lat' dir='ltr'><strong>non</strong></span> <span class='ocrx_word' id='word_1_199' title='bbox 683 4003 846 4097; x_wconf 72' lang='lat' dir='ltr'><strong>coepisse,</strong></span> <span class='ocrx_word' id='word_1_200' title='bbox 875 4020 981 4092; x_wconf 91' lang='lat' dir='ltr'><strong>quam</strong></span> <span class='ocrx_word' id='word_1_201' title='bbox 1005 4005 1170 4089; x_wconf 78' lang='lat' dir='ltr'><strong>emptum,</strong></span> 
     </span>
     <span class='ocr_line' id='line_1_29' title="bbox 95 4122 988 4224; baseline -0.011 -25"><span class='ocrx_word' id='word_1_202' title='bbox 95 4127 210 4201; x_wconf 91' lang='lat' dir='ltr'><strong>medio</strong></span> <span class='ocrx_word' id='word_1_203' title='bbox 229 4129 463 4224; x_wconf 83' lang='lat' dir='ltr'><strong>procurrentis</strong></span> <span class='ocrx_word' id='word_1_204' title='bbox 483 4127 562 4198; x_wconf 84' lang='lat' dir='ltr'><strong>sacti</strong></span> <span class='ocrx_word' id='word_1_205' title='bbox 582 4129 681 4210; x_wconf 87' lang='lat' dir='ltr'><strong>ealle,</strong></span> <span class='ocrx_word' id='word_1_206' title='bbox 703 4125 875 4196; x_wconf 88' lang='lat' dir='ltr'><strong>deserere.</strong></span> <span class='ocrx_word' id='word_1_207' title='bbox 894 4122 988 4193; x_wconf 84' lang='lat' dir='ltr'><strong>Vale.</strong></span> 
     </span>
    </p>
   </div>
   <div class='ocr_carea' id='block_1_3' title="bbox 0 0 1350 5024">
    <p class='ocr_par' dir='ltr' id='par_1_3' title="bbox 0 0 1350 5024">
     <span class='ocr_line' id='line_1_30' title="bbox 0 0 1350 5024; baseline 0 0"><span class='ocrx_word' id='word_1_208' title='bbox 0 0 1350 5024; x_wconf 95' lang='lat' dir='ltr'><strong> </strong></span> 
     </span>
    </p>
   </div>
  </div>
 </body>
</html>
