2692 5024
407 620 497 669 uranu
520 621 673 671 cernuus
687 623 888 670 —urrsroua
911 625 939 670 r.
1153 612 1212 672 433

134 790 254 840 corum
276 777 343 838 tam
365 766 454 839 bene
474 770 697 842 concordium
720 770 894 861 hospitum
917 772 985 839 late
1004 773 1140 863 capax.)
1164 774 1216 842 Si-

134 889 274 981 quidem
296 909 382 981 argo
402 912 467 960 vos
494 891 562 962 buo
588 893 656 961 lata
682 891 936 974 contraxerint,
960 890 1128 962 iaciemus
1154 915 1215 962 an-

133 1033 264 1096 coram,
292 1021 428 1106 portum
455 1011 633 1083 invenisse
660 1012 866 1083 videbimur.
897 1011 996 1082 Etsi
1023 1013 1139 1083 forsan
1170 1015 1215 1084 ad

133 1134 261 1225 qnietis
287 1145 418 1205 nostrae
449 1136 575 1204 samam
608 1133 854 1205 confluentium
888 1133 1078 1204 amicorum
1114 1133 1214 1204 turba

134 1256 358 1339 succreverit,
380 1278 449 1326 non
470 1256 581 1327 deerit
603 1254 690 1326 urbe
715 1255 830 1327 media
856 1256 982 1327 domus
1009 1257 1212 1347 augustior,

132 1398 237 1468 quam
260 1375 409 1448 subhac
430 1398 492 1468 spe
510 1398 655 1447 vacuam
675 1377 761 1448 sino.
780 1378 856 1467 Ego
874 1376 965 1447 enim
986 1387 1119 1470 partem
1137 1377 1214 1450 eius

133 1499 297 1589 exiguam
324 1520 394 1569 non
420 1498 598 1589 implerem
631 1520 711 1568 cum
736 1499 831 1569 omni
856 1499 996 1580 familia,
1023 1520 1104 1591 quae
1130 1500 1215 1570 mihi

133 1619 330 1691 solitudinis
352 1617 469 1700 avido,
493 1618 594 1688 turba
614 1619 737 1709 ingens
758 1629 823 1690 est.
844 1619 942 1693 Neve
969 1619 1028 1690 tibi
1056 1621 1110 1692 his
1136 1644 1216 1693 ver-

132 1742 186 1813 bis
208 1742 352 1813 iniectos
371 1741 570 1834 compedes
594 1749 697 1833 teque
718 1741 775 1810 uni
801 1741 973 1813 domicilio
998 1744 1214 1838 adscriptum

132 1875 245 1958 putes.
273 1864 349 1934 Erit
373 1863 474 1935 nobis
499 1862 579 1933 binc
603 1863 773 1946 Bononia,
804 1862 997 1935 studiorum
1020 1867 1151 1951 nutrix,
1179 1867 1215 1939 in

132 2008 202 2079 qua
214 1985 364 2078 primum
378 1985 623 2056 adolescentiae
643 1994 780 2076 tempus
797 1985 1043 2077 expendimus,
1062 1995 1096 2056 et
1114 1987 1214 2060 dulce

133 2109 208 2191 erit,
224 2108 366 2179 mutatis
381 2107 450 2177 iam
465 2130 534 2178 non
551 2110 663 2179 solum
685 2107 808 2178 animis
831 2107 894 2178 sed
913 2106 1054 2200 capillis,
1072 2110 1214 2201 antiqua

132 2231 302 2313 revisere,
328 2239 364 2300 et
393 2229 545 2300 firmiore
575 2229 701 2301 iudicio
727 2228 877 2300 civitatis
903 2228 1010 2314 illius,
1039 2231 1213 2323 simulque

132 2361 329 2424 nostrorum
365 2352 558 2425 animorum
584 2350 755 2434 habitum,
782 2362 817 2421 et
845 2373 891 2422 ex
917 2352 1099 2423 collatione
1127 2361 1213 2422 tern-

131 2497 256 2568 porum
276 2476 480 2568 quantulum
503 2474 656 2545 vivendo
677 2473 952 2565 processerimus
973 2475 1210 2570 contemplari.

131 2599 207 2668 Erit
226 2596 306 2668 indo
327 2597 420 2669 Pado
439 2597 623 2667 imminens
645 2593 816 2666 Placentia
837 2605 872 2666 et
892 2593 1056 2666 Antonini
1077 2598 1125 2668 tui
1151 2620 1214 2668 ve-

132 2720 295 2792 nerabilis
324 2721 466 2806 domne,
498 2720 553 2792 cui
580 2730 616 2791 tu
642 2717 826 2812 praesides,
849 2716 1120 2790 mediocritatem
1147 2721 1213 2793 loci

130 2866 201 2916 non
221 2851 442 2936 aspernatus
470 2841 588 2911 multis
614 2840 888 2935 opulentioribus
914 2841 1091 2930 neglectis.
1119 2843 1212 2925 Quo·

131 2966 234 3050 niam,
254 2974 292 3035 ut
309 2963 425 3035 dicere
446 2963 594 3048 solebas
617 2963 829 3035 vicinitatem
850 2981 963 3032 meam
982 2961 1016 3030 iu
1033 2962 1212 3053 proventi-

130 3088 198 3160 bus
216 3086 407 3159 numerasti
423 3111 430 3168 ;
447 3087 515 3157 illic
533 3099 569 3158 tu
589 3086 741 3157 omnium
763 3083 893 3175 hospes
911 3082 992 3153 eris.
1011 3083 1209 3164 Occurrent,

131 3210 160 3278 si
175 3212 276 3302 paulo
289 3208 428 3300 longius
441 3205 612 3301 proficisci
626 3206 740 3286 libeat,
759 3204 840 3277 binc
856 3205 1101 3290 Mediolanum,
1122 3205 1212 3280 illinc

131 3331 253 3412 lanua;
266 3331 322 3401 illa
338 3330 567 3412 terrestrium,
585 3330 660 3400 baec
673 3327 924 3399 maritimarum
938 3327 1046 3399 decus
1060 3328 1209 3400 urbium.

131 3452 191 3521 lllc
214 3460 344 3523 tractus
365 3453 462 3522 lacus
484 3449 588 3522 babet
612 3461 647 3521 et
672 3449 813 3533 lluvios,
841 3449 898 3519 bic
923 3470 1043 3540 aeqnor
1068 3450 1212 3521 undiso-

131 3597 229 3657 num,
265 3573 450 3657 tumidum,
484 3574 684 3644 velivolum.
719 3571 790 3642 lllic
822 3572 961 3642 Larium
997 3569 1207 3655 videbimus

130 3694 275 3765 uberem
297 3696 424 3778 lacum,
443 3696 497 3765 cui
516 3696 661 3766 Comum
679 3693 824 3777 adiacet,
844 3692 938 3763 unde
956 3689 1080 3761 Addua
1097 3691 1208 3760 amuis

129 3815 317 3905 egreditur.
338 3815 543 3887 Videbimus
564 3814 780 3895 Verbanum,
803 3813 863 3906 qui
889 3813 1002 3882 Lacus
1030 3809 1140 3882 Maior
1165 3811 1210 3883 ab

129 3937 249 4009 incolis
287 3937 426 4020 dicitur,
461 3960 566 4030 quem
606 3936 745 4007 Ticinus
778 3935 971 4037 intersecat.
1005 3930 1208 4003 Videbimus

130 4060 222 4132 unde
253 4061 361 4131 Ollius
389 4060 523 4152 prodit:
550 4082 614 4130 nec
639 4061 759 4153 procul
784 4056 863 4129 inde
894 4059 1080 4138 Benacum,
1114 4055 1209 4126 unde

129 4182 276 4252 Mincius
297 4183 460 4276 erumpit,
484 4185 590 4272 vulgo
612 4184 707 4251 lacus
728 4179 943 4261 notissimos
966 4176 1077 4248 doctis
1100 4174 1207 4245 etiam

129 4301 303 4393 incognita
320 4305 468 4374 nomina.
491 4302 695 4373 Videbimus
715 4298 956 4390 impendentes
982 4296 1127 4369 lacubus
1148 4295 1207 4382 ΑΙ-ι

129 4445 191 4516 pes
204 4425 317 4495 aerias
332 4449 372 4497 ac
390 4427 545 4504 nivosas,
565 4428 688 4491 aestate
705 4419 941 4510 gratissimum
961 4420 1205 4511 spectaculum,

290 4557 305 4594 r.
400 4572 402 4574 v
1048 4539 1081 4590 ΞΒ
