2692 5024
200 597 258 657 llo
541 607 581 655 uu
602 607 702 656 aeuus
723 607 941 658 rauruuumus

200 754 306 833 dere;
330 760 366 822 et
391 751 481 823 illam
508 750 749 837 humanarum,
777 761 816 823 ut
840 752 943 836 aiunt,
967 774 1090 824 rerum
1113 755 1295 829 dominam

199 874 294 944 celso
326 872 441 944 auimo
465 883 657 942 contemne.
684 872 806 943 Noeuit
832 894 945 966 usque
969 872 1078 958 adeo,
1106 886 1148 946 ut
1168 897 1294 956 nocere

202 994 268 1062 iam
286 1014 354 1064 uon
376 993 497 1085 possit.
517 992 608 1074 Quid
629 1002 704 1063 tum
723 993 828 1064 etiam
845 993 988 1086 cogitat,
1008 993 1098 1086 quid
1115 996 1294 1069 minatur‘l

202 1115 375 1186 Exhausit
394 1115 607 1207 pharetram,
622 1126 802 1186 exarmata
818 1125 891 1186 est:
911 1137 977 1187 uec
997 1114 1109 1188 habet
1125 1119 1184 1189 illa
1197 1120 1292 1212 quod

201 1235 384 1320 iaculetur,
406 1258 471 1307 uec
492 1245 529 1306 tu
551 1235 663 1307 babes
685 1235 743 1306 ubi
764 1234 809 1307 de
827 1246 956 1308 caetero
976 1238 1126 1309 feriaris.
1149 1240 1249 1311 Vale.

285 1457 289 1465 ι
346 1382 429 1435 Sexto
443 1380 510 1434 ldus
524 1379 705 1451 Septembris.

707 1573 785 1581 —-..

631 1786 809 1850 uelstott
828 1788 859 1850 ll.

356 1979 550 2031 FRANCISCUS
571 1978 740 2028 Purulucu
763 1978 898 2027 curuum
920 1977 979 2026 SUO
1001 1979 1028 2027 S.
1051 1980 1082 2028 P.
1106 1981 1137 2029 D.

261 2152 341 2207 Dolet
356 2169 385 2206 se
399 2152 500 2207 Parma
514 2151 634 2206 abluisse
649 2151 678 2204 iu
693 2148 812 2204 adventu
827 2149 888 2203 eius
901 2154 928 2203 et
942 2149 1034 2216 amici,
1051 2151 1104 2222 qui
1118 2166 1134 2205 e
1149 2152 1238 2208 Gallia

562 2256 628 2294 eum
643 2239 733 2293 visum
748 2245 889 2293 venerant.

299 2475 387 2544 Nilril
410 2475 501 2544 omui
523 2497 570 2544 ex
591 2484 689 2569 parte
711 2475 794 2544 felix
809 2473 991 2556 autdulcc,
1011 2474 1099 2544 dum
1119 2475 1278 2547 vivimus

201 2596 317 2664 Sentio
344 2615 448 2683 quam
483 2594 669 2686 improprie
695 2596 831 2666 locutus
858 2595 946 2666 sim:
973 2596 1176 2681 imovero,
1204 2599 1280 2669 dum

200 2739 269 2789 nou
290 2715 467 2786 vivimus:
488 2738 568 2785 cum
590 2715 681 2785 euim
708 2717 831 2788 vivere
856 2717 1079 2809 coeperimuS,
1110 2717 1198 2788 nihil
1222 2718 1283 2789 uisi

200 2838 442 2910 dulcissimum
463 2860 504 2909 ac
521 2837 759 2909 felicissimum
785 2840 861 2908 erit.
888 2840 978 2908 Ecce
1004 2839 1089 2908 dum
1115 2861 1162 2910 eo
1190 2843 1283 2911 laetus

200 2984 240 3032 ac
273 2961 396 3044 redeo,
423 2960 728 3052 exoptatissimum
754 2960 837 3029 mihi
860 2969 956 3029 tuum
989 2969 1026 3028 et
1057 2959 1153 3031 illius
1189 2963 1284 3033 amici

200 3083 316 3177 optimi
335 3091 560 3175 conspectum
578 3082 855 3172 colloquiumque
873 3081 1018 3172 perdidi.
1033 3081 1103 3150 Vix
1122 3083 1284 3154 lacrimas

200 3206 368 3287 continui,
391 3205 533 3275 domum
553 3202 654 3273 hodie
673 3223 853 3284 reversuS,
874 3201 931 3291 ubi
946 3205 1117 3297 comperi,
1147 3227 1218 3275 vos
1244 3207 1287 3278 si-

201 3326 271 3394 mul
293 3325 349 3393 hic
369 3324 477 3394 luisse
496 3324 561 3393 mei
580 3322 715 3393 visendi
733 3323 921 3406 desiderio,
943 3326 1118 3416 superatis
1135 3325 1285 3419 Alpibus

199 3454 304 3538 atque
325 3444 417 3516 omni
439 3446 573 3514 viarum
597 3444 784 3538 asperitate
805 3448 955 3526 calcata;
983 3468 1111 3537 meque
1136 3471 1210 3519 uon
1237 3450 1287 3519 iu·

201 3579 315 3647 vento,
336 3587 458 3656 magua
473 3567 568 3634 velut
580 3565 766 3636 destitutos
782 3588 851 3658 spe,
867 3568 1025 3637 dolentes
1044 3567 1192 3640 abiisse.
1208 3572 1287 3641 Hac

199 3691 290 3760 enim
309 3699 343 3759 et
357 3689 562 3758 famulorum
577 3686 722 3757 vocibus
741 3689 922 3779 perdidici,
943 3699 977 3759 et
995 3690 1119 3761 litteris
1138 3696 1284 3778 vestris,

199 3834 287 3904 quas
315 3812 405 3880 iuter
437 3809 570 3879 libellos
596 3831 692 3879 meos
720 3820 895 3902 tamquam
927 3812 1068 3882 eximiae
1088 3812 1285 3887 dilectionis

199 3933 340 4005 obsides
363 3930 565 4022 reliquistis,
588 3940 623 4000 et
649 3931 881 4003 arrhabonem
905 3954 1011 4003 morae
1032 3933 1156 4006 brevis
1180 3948 1218 4008 et
1238 3938 1286 4028 pi-

199 4075 308 4144 gnora
331 4052 509 4124 redeundi.
533 4052 602 4123 Sed
619 4053 781 4145 quoniam
800 4055 888 4126 dura
906 4057 1073 4127 leniorem
1093 4057 1128 4128 iu
1148 4070 1287 4151 partem

199 4176 346 4259 llectere,
363 4175 529 4267 sapientis
548 4186 614 4259 est,
641 4175 836 4265 cogitemus
863 4178 898 4248 id
924 4178 1060 4248 coelitus
1087 4192 1220 4265 actum,
1247 4203 1287 4252 ne

200 4318 263 4378 me,
291 4310 328 4364 ut
349 4296 534 4390 optabatis,
558 4297 711 4380 invente,
739 4319 934 4388 congressu
960 4297 1062 4367 amici
1083 4302 1208 4375 fervor
1234 4305 1288 4375 ille

201 4425 390 4504 tepesceret
412 4418 621 4500 ultimorum,
643 4440 712 4508 quo
731 4442 837 4506 nuuc,
854 4429 892 4491 ul
910 4441 997 4502 reor,
1013 4442 1075 4512 per
1088 4422 1287 4498 absentiam
