2692 5024
396 653 488 702 arara
509 653 709 711 curares-
724 653 878 705 rrrsrosa
896 654 948 704 arr.
1152 641 1215 707 tta

548 938 727 1004 arlsrola
748 941 804 1004 llll.

156 1152 349 1206 ananelscus
367 1151 535 1202 Paresaca
553 1151 686 1202 IOHANNI
705 1152 861 1207 COLUMNAE
879 1157 1093 1235 canumet-s.
1111 1160 1139 1211 P.
1157 1162 1187 1210 ll.

191 1345 308 1400 Mortem
322 1342 412 1398 lacobi
429 1342 555 1415 Episcopi
570 1343 774 1398 bamberiensis
788 1343 963 1401 acerbissime
977 1347 1157 1416 lamentatur,

351 1433 465 1505 eiusque
479 1433 595 1487 mutes
608 1438 635 1487 et
647 1433 677 1487 in
690 1449 721 1488 se
734 1432 877 1489 benefacta
889 1437 993 1492 recolit.

231 1658 338 1749 Urget
357 1657 468 1742 dolor,
489 1657 647 1728 hortatur
667 1656 822 1728 charitas
844 1667 882 1728 ut
899 1657 1049 1731 scribam
1066 1659 1211 1754 aliquid:

130 1783 206 1856 sola
221 1780 417 1874 desperatio
431 1782 605 1874 proiectus
619 1779 830 1853 dehortatur.
847 1781 960 1853 Credo
973 1784 1079 1868 enim,
1094 1805 1215 1856 recen·

131 1903 303 1976 tissimum
326 1903 443 1974 adhue
463 1900 569 2007 animi
596 1903 644 1973 tui
671 1905 799 1976 vulnus
827 1903 953 1975 talibus
979 1905 1119 1977 auxiliis
1145 1927 1214 1977 non

129 2048 246 2119 egere.
267 2025 390 2097 Vincet
407 2026 519 2111 dolor,
543 2026 660 2099 vincet
678 2047 787 2110 amor,
810 2027 912 2099 cedet
931 2027 1140 2120 desperatio.
1158 2029 1214 2100 ln·

128 2151 208 2226 sitae
226 2149 423 2224 devotionis
443 2149 595 2243 imperio,
617 2150 819 2222 damnatum
840 2150 969 2244 saepius
985 2158 1020 2221 et
1036 2149 1210 2223 abiectum

127 2285 286 2349 revertor
302 2275 348 2346 ad
363 2276 546 2346 calamum.
566 2273 622 2345 Sic
637 2274 746 2356 enim,
765 2272 833 2345 etsi
849 2272 935 2345 nihil
952 2272 1116 2368 amplius,
1137 2285 1215 2346 tan-

130 2399 238 2493 tisper
258 2396 462 2492 evaporabit
482 2394 562 2481 iste,
584 2396 644 2488 qui
662 2416 717 2467 me
738 2393 831 2468 iutus
859 2394 927 2466 urit
946 2404 983 2468 et
1003 2405 1211 2491 praegravat,

127 2522 342 2594 calamitosae
363 2519 489 2590 mentis
508 2518 664 2591 allectus.
686 2516 802 2612 aare
827 2517 960 2591 utinam
987 2520 1128 2592 moerori
1153 2531 1212 2592 tuo

129 2667 197 2718 non
210 2641 477 2737 intempestivus
495 2651 531 2715 et
547 2643 765 2736 importunus
781 2646 978 2717 consolator
991 2643 1212 2716 accesserim.

130 2769 207 2840 Scio
227 2768 348 2839 irrisos
375 2788 396 2838 a
422 2765 559 2838 Tiberio
578 2763 733 2860 principe
759 2765 936 2839 lliensium
963 2769 1109 2861 legatos,
1136 2766 1214 2860 qui-

130 2891 214 2976 bua,
236 2912 315 2962 cum
335 2890 381 2961 ad
401 2911 481 2960 enm
503 2889 753 2962 consolandum
774 2888 809 2959 in
830 2901 939 2961 morte
958 2888 1019 2960 lilii
1037 2889 1215 2981 aliquanto

131 3015 246 3087 serius
277 3014 473 3097 venissent,
502 3013 674 3085 mandatis
699 3010 878 3103 expositis,
902 3010 1095 3102 respondit,
1117 3018 1212 3080 etse

130 3136 265 3207 illorum
287 3135 398 3206 vicem
419 3133 552 3217 dolere,
580 3133 674 3224 quod
693 3132 875 3223 egregium
896 3130 1010 3202 civem
1031 3131 1212 3202 Hectorem

128 3257 339 3331 amisissent.
362 3255 431 3328 Sed
451 3277 520 3327 non
540 3277 583 3327 ea
603 3253 665 3326 tibi
685 3274 785 3325 mens
806 3263 872 3338 est,
895 3274 1008 3345 neque
1025 3251 1060 3323 bi
1078 3273 1213 3336 mores;
1268 3341 1270 3350 A

128 3381 310 3454 notissima
330 3390 389 3453 tua
408 3390 463 3452 est
482 3379 606 3474 pietas,
627 3379 834 3473 pervulgata
855 3376 1070 3463 humanitas,
1089 3399 1159 3449 nou
1175 3375 1212 3447 in

129 3516 207 3606 tuos
221 3505 337 3589 modo,
354 3504 417 3576 sed
433 3504 468 3575 in
484 3525 618 3577 omnes.
637 3503 758 3597 ltaque
774 3524 844 3573 non
861 3522 940 3572 sum
958 3501 1109 3584 nescius,
1129 3508 1214 3592 quot

130 3628 289 3719 gemitus,
306 3627 373 3698 iam
390 3627 549 3700 fortassis
565 3628 623 3698 vel
640 3625 748 3697 animi
765 3625 894 3698 virtute
908 3643 1141 3722 compressos,
1155 3622 1213 3690 vel

130 3756 242 3820 tractu
263 3749 427 3842 temporis
448 3772 637 3845 parumper
656 3749 844 3833 abstersos,
859 3748 925 3821 boc
943 3749 1009 3819 sim
1026 3744 1214 3818 suscitatu-

131 3892 193 3942 rus
206 3872 364 3965 alloquio.
377 3873 564 3967 Nunquam
577 3872 705 3944 etenim
722 3892 845 3944 casum
862 3881 961 3942 tuum
978 3867 1097 3940 verbis
1113 3874 1214 3939 exte-

131 4013 240 4064 nuare
261 3993 410 4066 tentabo.
432 3994 521 4066 lllud
541 3994 657 4089 potius
677 3993 820 4078 fatebor,
839 3994 970 4064 nudum
988 4014 1035 4063 ex
1051 3987 1213 4062 omuibus

131 4137 220 4210 qnos
240 4138 308 4208 ego
327 4117 468 4211 quidem
492 4117 652 4202 viderim,
673 4116 718 4188 de
739 4113 867 4208 quibus
889 4112 1057 4186 audierim
1082 4121 1143 4184 aut
1167 4113 1215 4184 le
1302 4110 1307 4117 '

129 4239 249 4333 gerim,
265 4243 342 4334 plus
361 4241 465 4313 unius
485 4249 596 4310 morte
613 4239 727 4310 fratris
745 4235 917 4308 amisisse.
935 4237 1024 4309 Vide
1044 4243 1214 4331 quantum

130 4362 281 4437 lacrimis
302 4363 481 4452 indulgeo,
503 4370 539 4431 ct
558 4382 663 4454 quam
683 4361 791 4431 latum
813 4359 972 4453 suspiriis
994 4361 1058 4432 iter
1083 4357 1213 4453 panda

131 4485 216 4559 dum
227 4483 461 4579 extirpandis,
476 4483 506 4556 si
518 4481 672 4569 dabitur,
686 4479 794 4556 totius
811 4482 922 4556 morbi
940 4481 1116 4558 radicibus
1133 4502 1213 4554 sum
1262 4519 1264 4522 ·
