2692 5024
134 614 195 680 als
468 624 511 676 ns
531 622 632 675 mnus
652 622 876 675 susurremus

135 778 202 861 los,
236 773 296 868 qui
326 782 451 847 nunno
481 772 675 858 fastidiunt,
704 773 772 845 nisi
803 772 934 867 quibus
966 774 1120 868 pretium
1136 776 1222 850 feeit

134 896 395 994 impossibilitas
414 897 661 991 onnsequendi.
683 897 746 969 llis
763 897 834 969 tuis
854 895 1025 984 moribus,
1047 898 1117 971 hoo
1134 900 1221 975 faoi·

134 1021 230 1093 litate
248 1018 366 1104 animi,
388 1040 469 1092 oum
489 1018 587 1091 multi
608 1040 718 1114 saepe,
741 1028 816 1092 tum
833 1041 901 1113 ego
919 1042 1032 1117 nuper
1055 1019 1218 1097 hortatus

135 1164 214 1215 sum
235 1142 403 1236 singulari
422 1142 573 1235 quadam
598 1152 635 1215 et
661 1142 738 1215 sine
761 1142 894 1216 meritis
918 1146 1067 1217 fortuna.
1094 1144 1218 1240 Neque

133 1262 201 1350 hio,
220 1275 259 1337 ut
273 1264 363 1350 dixi,
385 1263 601 1336 substitisset
620 1265 718 1359 regia
733 1264 901 1358 dignatio,
924 1266 954 1337 si
973 1274 1035 1338 aut
1049 1266 1219 1341 remotior

134 1396 306 1473 senectus,
320 1396 380 1459 aut
391 1388 502 1459 Roma
514 1387 740 1482 propinquior
751 1387 886 1460 luisset.
894 1389 1024 1459 Verum
1038 1387 1098 1461 hio
1109 1389 1217 1463 maie-

134 1509 234 1579 statis
247 1519 317 1580 tuae
332 1507 489 1592 nuntius,
504 1509 565 1602 qui
575 1530 638 1602 pro
650 1519 685 1581 te
698 1508 860 1581 omnibus
872 1507 1039 1593 interluit,
1054 1509 1144 1603 quid
1155 1532 1217 1583 uo

133 1628 198 1716 bis,
207 1632 263 1701 vel
275 1631 411 1716 llomae,
424 1632 480 1703 vel
495 1630 574 1704 inde
585 1631 765 1723 digressis,
781 1652 843 1704 seu
857 1630 984 1724 gaudii,
993 1652 1058 1703 seu
1071 1633 1216 1726 perieuli

133 1751 305 1839 acciderit,
322 1754 408 1827 riva
423 1776 511 1827 vooe
530 1753 696 1826 narrabit.
722 1756 772 1827 lle
796 1755 930 1847 reliquo
955 1764 1074 1827 autem
1095 1755 1217 1828 novis-

133 1874 211 1945 simi
231 1875 330 1948 verbi
349 1878 412 1963 tui,
436 1887 474 1951 ut
494 1876 540 1949 ad
558 1886 593 1949 te
613 1876 869 1971 quamprimum
890 1874 1047 1963 redeam,
1067 1877 1217 1951 sinain

133 1998 353 2072 termisslone
371 2000 574 2087 meminero,
598 2009 706 2073 testor
724 2002 845 2087 Deum
864 2022 933 2073 non
951 2011 1022 2074 tam
1048 2004 1144 2074 aulae
1162 2022 1217 2073 re·

132 2121 200 2214 giae
215 2121 399 2216 splendore
410 2133 544 2216 captus,
558 2145 663 2217 qoam
677 2122 817 2215 ingenii.
830 2119 926 2195 Alias
939 2124 1094 2217 quidem,
1109 2146 1216 2220 mam

131 2264 213 2338 quae
234 2245 406 2340 speraria
429 2246 572 2338 regibus
598 2249 722 2333 solent,
748 2268 796 2317 ex
822 2254 856 2318 te
880 2246 1024 2319 divitias
1050 2259 1214 2345 expecto.

130 2364 256 2440 Preoor
276 2378 392 2440 autem
413 2378 452 2440 ut
467 2386 576 2441 annos
590 2370 674 2441 vitae
692 2380 763 2441 tuae
775 2379 951 2466 proroget,
970 2378 1006 2442 et
1022 2380 1057 2443 te
1073 2370 1217 2445 demum

131 2488 269 2562 abhoc
297 2492 382 2562 solio
408 2490 543 2563 mortali
568 2492 613 2563 ad
639 2500 807 2564 aeternum
841 2493 1094 2581 transferatis,
1122 2496 1218 2591 apud

131 2634 235 2706 quem
256 2616 333 2685 lons
354 2615 438 2686 vitae
457 2626 522 2687 est.
544 2617 641 2688 Vale.

271 2756 357 2828 Pisis,
373 2756 400 2813 Π
414 2756 476 2813 Kal.
493 2758 587 2816 Maias.

539 3209 716 3276 llPlSTOLA
737 3210 804 3276 lllll.

213 3418 406 3470 rnnncrscus
428 3420 594 3471 perraros
617 3391 764 3471 snnnnro
786 3421 984 3473 smannens
1006 3424 1033 3474 s.
1051 3425 1081 3476 u.
1099 3427 1132 3477 n.

208 3607 243 3663 Se
255 3607 300 3662 rix
313 3606 402 3663 Romo
414 3624 557 3680 egressum
570 3610 599 3664 in
612 3608 708 3682 capitis
722 3609 871 3666 discrimen
888 3610 1041 3668 adductum
1054 3630 1128 3672 esse.

224 3832 343 3904 ldihus
358 3824 366 3855 ’
384 3833 502 3928 aprilis
516 3855 606 3906 anno
619 3834 734 3907 aetatis
751 3835 856 3908 huius
874 3837 1007 3910 ultimae
1025 3839 1211 3915 millesimo

127 3956 370 4029 trecentesimo
387 3956 657 4050 quadragesimo
674 3957 793 4052 primo,
809 3959 843 4031 in
857 3960 1023 4055 Capitolio
1039 3964 1208 4049 Romano,

127 4103 253 4174 magna
267 4078 385 4174 populi
399 4082 594 4174 frequentia
611 4091 646 4153 et
662 4082 792 4174 ingenti
806 4084 943 4176 gaudio,
959 4097 1143 4178 peractum
1155 4099 1211 4162 est

127 4205 221 4295 qnod
240 4205 370 4277 nudius
392 4204 516 4279 tertius
543 4206 588 4280 de
607 4229 664 4278 me
689 4229 754 4279 rex
774 4209 868 4301 apud
889 4209 1064 4305 Neapolim
1086 4212 1210 4287 deoro-

206 4402 213 4432 ¹
232 4403 304 4455 llarrd
316 4405 391 4456 dubie
403 4405 433 4455 Vl
445 4406 504 4458 ldus
516 4407 572 4458 hele
583 4407 717 4472 legendum
729 4419 796 4467 esse,
807 4407 831 4455 in
844 4405 1107 4462 aninladrorsionibus
1119 4412 1211 4465 ltalloe

128 4484 220 4528 nostrae
233 4482 343 4533 verslonl
355 4484 490 4543 adlnnctls
504 4486 738 4539 demonstrarlmos.
