2692 5024
408 652 501 699 trouu
522 648 676 698 oornvos.
689 670 723 677 -
739 650 891 701 srlsroun
914 654 933 700 r.
1152 641 1208 703 lot

132 800 164 869 in
183 801 249 868 hac
269 798 353 880 vita,
377 796 564 868 rarissimis
585 797 757 888 exemplis
779 807 874 867 tuum
899 819 1025 866 nomen
1046 798 1209 870 inserere.

128 923 203 990 Nou
229 932 267 991 ut
288 920 487 1015 Sophydius
514 920 613 1011 inops
638 928 674 991 et
699 919 868 1009 inglorius
893 930 1023 1003 arator,
1052 922 1210 992 mendaci

130 1042 211 1111 felix
231 1040 347 1111 dictus
367 1043 527 1121 oracul03
549 1040 612 1110 sed
630 1050 668 1109 ut
685 1040 959 1131 gloriosissimus
977 1040 1131 1111 omnium
1149 1064 1211 1112 nc

131 1174 214 1233 strae
239 1163 353 1233 aetatis
380 1184 600 1233 romanorum
622 1163 771 1244 ducum;
792 1172 828 1232 ot
850 1163 960 1254 (quod
980 1184 1125 1255 prorsus
1145 1164 1210 1233 dil-

131 1286 318 1356 iicillimum
345 1308 384 1356 ac
409 1306 510 1377 paene
535 1283 748 1377 impossibile
772 1283 941 1377 dixerim')
973 1284 1007 1355 in
1040 1285 1209 1354 altissima

130 1408 265 1476 fortuna
304 1403 547 1487 felicissimus,
583 1413 743 1493 poteras,
779 1406 924 1475 excluso
949 1402 1087 1477 Arcade
1112 1426 1212 1498 pere-

131 1527 246 1618 grino,
263 1525 385 1598 sedere
399 1524 578 1609 fidentius,
597 1546 763 1597 romanus
780 1549 858 1598 curn
878 1548 1035 1609 romano,
1050 1528 1211 1622 princeps

129 1673 208 1720 cum
230 1648 397 1742 principe,
420 1646 619 1739 Stephanus
639 1670 719 1718 cum
741 1648 898 1719 Metello:
920 1648 987 1720 nisi
1008 1649 1102 1741 quod
1123 1667 1212 1740 proe-

132 1782 185 1842 ter
202 1770 378 1862 religionis
396 1769 628 1851 eminentiam,
648 1768 748 1839 cuius
763 1772 851 1840 inter
864 1792 1037 1862 paganum
1051 1770 1212 1843 christia·

131 1912 285 1983 numque
315 1891 489 1962 hominem
515 1891 727 1982 comparatio
756 1893 849 1962 nulla
872 1902 941 1976 est,
968 1892 1091 1963 cedere
1116 1893 1209 1961 illum

131 2014 200 2099 tibi,
224 2018 345 2087 saltem
361 2017 504 2085 fratrum
519 2036 559 2084 ac
573 2012 759 2083 liberorum
781 2036 935 2096 numero,
958 2007 1102 2104 digri'um
1124 2022 1210 2083 erat.

130 2141 285 2210 Fratrem
308 2139 363 2229 ille
382 2139 512 2207 nullum
531 2134 698 2206 habuisse
717 2135 861 2225 legitur:
881 2133 940 2203 tibi
957 2133 1112 2226 quinque
1129 2155 1212 2204 con-

132 2235 282 2350 tigerant
308 2259 434 2330 summi
460 2257 539 2340 viri,
573 2268 623 2340 et,
655 2267 692 2327 ut
717 2255 872 2335 breviter
896 2255 1020 2340 dicam,
1048 2277 1111 2326 nec
1132 2277 1212 2325 san-

132 2381 237 2470 guine
257 2404 322 2452 nec
341 2383 490 2462 fortuna,
514 2401 616 2471 quam
639 2376 827 2449 virtutibus
845 2387 880 2447 et
899 2377 1017 2467 gloria,
1036 2375 1209 2446 clariores.

131 2502 287 2584 Quatuor
307 2502 362 2572 ille
384 2500 472 2572 filios
499 2500 633 2585 habuit,
661 2500 859 2593 praetorios,
885 2503 1103 2583 consulares,
1129 2520 1212 2570 cen-

132 2624 256 2705 sorios,
280 2624 524 2716 triumphales:
553 2623 613 2693 tibi
640 2632 772 2716 septem
799 2623 948 2693 luerunt.
975 2622 1072 2692 Unus
1099 2642 1212 2693 roma-

132 2766 187 2816 nae
207 2745 372 2818 Ecclesiae
393 2746 603 2828 Cardinalis;
630 2746 718 2817 alius
745 2748 801 2816 vel
827 2743 1000 2816 Cardinali
1025 2744 1134 2815 maior
1158 2746 1174 2813 f
1196 2784 1212 2795 -

135 2875 254 2952 turne,
298 2866 329 2937 si
367 2866 412 2937 ad
452 2865 639 2956 legitimam
680 2865 901 2958 pervenisset
940 2875 1097 2946 aetatem;
1140 2875 1210 2934 tres

134 2988 309 3081 Episcopi,
332 2988 403 3060 duo
425 2988 590 3059 bellorum
613 2988 729 3072 duces,
751 2994 787 3056 et
806 2986 926 3056 bellica
946 2987 1055 3076 gloria
1075 2984 1211 3077 parenti

135 3109 191 3199 tut
210 3109 325 3179 omnia
347 3109 449 3178 simul
469 3106 673 3203 expediam]
696 3128 804 3201 prope
824 3125 940 3197 pares:
961 3104 1011 3174 llli
1037 3115 1126 3188 tres,
1149 3103 1210 3174 tibi

135 3253 217 3301 vero
238 3253 302 3302 sex
323 3230 421 3312 filtae;
442 3233 488 3303 de
508 3254 656 3324 quarum
678 3228 833 3301 moribus
859 3227 1032 3300 silentium
1060 3227 1211 3299 brevilo-

133 3353 214 3445 quio
235 3350 487 3444 praelerendum
506 3362 599 3446 puto.
617 3355 663 3422 Et
681 3374 856 3446 quaenam,
872 3355 965 3424 Deus
983 3351 1086 3436 bone,
1105 3373 1210 3444 quam

133 3472 270 3556 florens,
283 3496 329 3545 ex
344 3483 601 3565 utroquesexu,
614 3484 776 3568 nepotum
792 3496 832 3545 ac
849 3483 1075 3567 pronepotum
1094 3472 1206 3543 acies!

115 3596 243 3676 ,Quam
264 3594 376 3664 dulcis
399 3597 512 3679 turba,
535 3620 640 3687 quam
661 3595 812 3666 iucunda
834 3596 1006 3666 societas!
1032 3593 1117 3676 Quis
1138 3593 1207 3675 ille,

135 3735 178 3783 ne
211 3713 343 3784 infinita
370 3737 510 3807 sequar,
538 3739 584 3787 ex
609 3716 838 3810 primogenito
864 3715 933 3785 filio
959 3713 1209 3806 primogenitus

135 3857 250 3930 nepos
274 3836 454 3922 lohannes,
476 3836 617 3909 divinus
643 3838 784 3931 quidem
807 3845 843 3907 et
861 3838 985 3930 plenus
1006 3834 1131 3926 priscae
1149 3854 1210 3902 ve·

134 3978 253 4049 raeque
284 3980 439 4029 romanae
466 3958 591 4030 indolis
625 3960 857 4034 adolescens?
887 3958 949 4028 Cui
980 3957 1054 4026 iure
1080 3954 1209 4045 optimo

135 4078 312 4151 Columnas
332 4102 526 4170 cognomen
547 4079 715 4170 obtigisse
736 4080 887 4153 diceres:
915 4077 1137 4170 nequeenim
1158 4079 1209 4148 De

136 4200 312 4287 Columna,
341 4213 378 4273 ut
403 4202 533 4287 caeteri,
563 4202 627 4274 sed
659 4201 732 4295 ipse
754 4203 921 4271 Columna
941 4197 1140 4279 dicebatur;
1174 4197 1209 4267 in

132 4343 240 4414 quam
262 4323 390 4396 scilicet
410 4323 600 4394 amicorum
623 4342 720 4413 spes,
744 4321 778 4391 in
803 4345 907 4413 quam
933 4323 1060 4392 domus
1086 4320 1209 4410 ingens

133 4447 334 4540 etantiqua
367 4445 594 4517 recumberet.
628 4441 723 4514 Alter
747 4443 815 4514 iam
841 4442 1061 4514 Marcellinus
1086 4462 1210 4513 evase·
