2692 5024
341 721 433 770 nrnna
455 719 810 771 rannus-urisronr
831 723 905 771 xxrr.
1104 712 1157 774 tat

85 892 203 943 escam
216 869 261 942 de
275 866 425 963 seopulis
443 867 594 951 eliciens,
613 877 772 940 contactu
791 889 832 940 ac
850 890 1008 941 sermone
1024 871 1060 941 in
1078 873 1163 943 ami-

86 995 201 1066 citiam
223 989 408 1086 pellexisti.
429 990 543 1060 Rediit
560 989 722 1084 equidem
745 989 790 1062 ad
809 1013 865 1063 me
886 992 940 1063 sui
960 992 1159 1080 immemor,

86 1118 137 1188 tui
155 1137 299 1189 memor.
333 1114 420 1184 Cum
453 1115 560 1185 multa
586 1114 631 1185 de
663 1112 816 1199 domino,
843 1118 951 1187 multa
976 1115 1021 1187 de
1041 1118 1162 1191 amicis
1213 1174 1222 1187 ,

84 1252 296 1326 quaererem,
311 1229 356 1300 nil
370 1227 438 1301 nisi
450 1227 495 1301 de
507 1229 615 1301 Laelio
627 1230 876 1325 respondebat:
895 1232 986 1304 illius
1006 1234 1160 1320 iormam,

84 1353 177 1424 illins
197 1372 328 1435 mores,
348 1351 440 1423 illius
464 1352 634 1442 linguam,
660 1352 752 1424 illius
777 1351 927 1447 denique
950 1355 1162 1428 domicilium

84 1486 190 1568 atque
209 1472 364 1544 habitum
385 1471 565 1544 admirari:
584 1473 678 1544 illum
697 1473 796 1557 mihi,
815 1475 915 1567 quasi
933 1475 1160 1568 incognitum,

86 1595 260 1669 ruralibus
279 1607 315 1666 et
336 1595 532 1689 terricrepis
557 1595 676 1668 verbis
701 1599 884 1682 extollere3
909 1599 954 1671 de
979 1599 1037 1675 illo
1055 1599 1160 1686 mibi,

88 1740 184 1811 saepe
196 1719 556 1813 licetinterrumpenti,
565 1719 788 1813 longissimas
802 1723 1017 1794 narrationes
1032 1735 1161 1795 taxare.

86 1845 244 1936 Cumque
264 1863 360 1937 saepe
382 1842 623 1914 Terentianum
647 1842 732 1915 illud
756 1843 956 1917 obiicerem:
990 1848 1051 1915 boi
1082 1848 1166 1918 miti

84 1969 181 2038 illum
197 1963 331 2036 undas?
350 1964 407 2036 ille
426 1986 469 2037 eo
489 1966 602 2058 magis
618 1965 665 2039 ab
679 1967 827 2039 exordio
844 1977 967 2039 cuncta
990 1979 1163 2039 retexam.

85 2089 178 2175 Quid
194 2091 317 2184 plura‘l
336 2089 495 2161 intellexi
514 2088 617 2173 illico,
641 2099 674 2160 te
696 2091 765 2161 tuis
785 2088 920 2162 artibus
940 2111 1058 2161 meum
1079 2090 1165 2161 mibi

89 2211 238 2285 villicum
258 2211 463 2282 abstulisse:
485 2234 550 2284 neo
570 2211 712 2296 indolui,
734 2212 854 2297 fateor,
877 2234 942 2285 nec
959 2212 1083 2295 invidi3
1102 2210 1166 2284 sad

88 2333 252 2428 obstupui
275 2336 354 2428 plns
367 2345 400 2404 te
413 2356 481 2404 una
502 2335 601 2418 hora,
619 2355 723 2427 quam
742 2356 798 2407 me
816 2345 888 2406 toto
904 2334 1080 2419 decennio,
1099 2355 1164 2429 po·

87 2459 206 2530 tuisse.
228 2455 352 2527 Mirum
365 2466 428 2541 est,
443 2456 510 2528 nisi
531 2468 567 2529 tu
591 2456 771 2550 colloquiis
805 2458 873 2529 tuis
902 2456 1034 2550 aliquid
1057 2456 1160 2530 etiam

86 2580 232 2672 magicae
253 2581 337 2651 artis
358 2580 564 2651 immisceas.
583 2579 681 2651 Nunc
701 2579 806 2671 igitur
826 2587 949 2674 eaptus
971 2601 1087 2651 amore
1114 2578 1164 2650 tui

86 2727 166 2774 cum
184 2702 239 2773 his
259 2703 381 2774 litteris
401 2702 525 2774 iterum
544 2701 588 2775 ad
609 2710 642 2774 te
663 2702 751 2775 redit
772 2703 886 2787 simul,
914 2712 949 2773 et
968 2723 1030 2796 per
1050 2710 1085 2774 ta
1102 2701 1166 2773 do-

87 2812 223 2897 minieae
240 2824 503 2897 interventionis
524 2824 692 2896 auxilium
714 2847 872 2919 sperans,
892 2847 955 2921 per
970 2825 1066 2917 quod
1078 2824 1165 2896 ami-

86 2971 166 3019 cum
189 2970 305 3025 suum,
336 2949 380 3020 de
408 2972 478 3041 quo
509 2947 618 3043 pridie
653 2947 713 3019 tibi
741 2949 876 3040 scripsi,
899 2948 967 3017 iam
996 2946 1163 3017 extremis

88 3075 237 3144 iortnnae
257 3070 392 3163 laqueis
410 3081 580 3143 arctatum
600 3070 777 3164 expediat,
800 3070 867 3139 nisi
889 3068 1011 3139 iudicis
1032 3068 1161 3154 animo,

88 3195 184 3288 quod
205 3195 272 3265 iam
295 3193 340 3265 ab
360 3192 455 3263 initio
484 3192 645 3276 verebar,
674 3191 718 3263 ad
745 3191 949 3286 supplicium
974 3190 1161 3279 obstinato,

90 3338 159 3387 non
181 3316 226 3387 sit
244 3315 407 3410 precibus
428 3317 536 3387 locus.
558 3315 663 3387 Fama
683 3313 775 3385 enim
792 3324 861 3401 est,
883 3336 963 3385 eum
981 3314 1100 3387 dolore
1117 3314 1165 3388 si-

88 3437 160 3510 mul
182 3448 218 3508 et
236 3437 365 3510 invidia
385 3436 525 3511 delibati
545 3435 691 3531 virginei
707 3435 802 3508 floris
820 3435 984 3520 insanire
1003 3438 1046 3510 ad
1058 3460 1163 3532 quem

88 3562 164 3657 ipse
196 3560 364 3646 sitienter,
400 3572 439 3632 ut
468 3570 671 3645 memorant,
706 3559 895 3655 aspirabat;
928 3561 1162 3653 indignantem

88 3685 251 3777 graviter,
270 3687 349 3777 plus
362 3685 396 3755 in
410 3686 538 3759 amoris
552 3707 661 3777 regno
677 3684 838 3780 pauperis
852 3683 1045 3768 blanditias,
1060 3705 1163 3775 quam

89 3826 174 3877 snas
195 3805 329 3898 ineptas
355 3805 495 3878 divitias
516 3807 681 3879 valuisse.
708 3807 809 3891 Quod
835 3806 863 3878 si
889 3803 1021 3878 accidat
1041 3814 1079 3873 ut
1103 3801 1169 3901 ob

91 3930 233 4000 structis
251 3928 394 4001 auribus
410 3929 520 4001 verba
537 3929 736 4013 fundantur,
756 3929 894 4002 domino
912 3939 1027 4014 tamen
1044 3936 1165 4020 partus

89 4052 157 4123 erit
176 4052 309 4145 integer
330 4051 578 4123 misericordiae
609 4073 699 4136 suae,
735 4052 794 4122 tibi
823 4049 1076 4123 benevolentiae
1096 4060 1166 4121 tuae

89 4177 233 4249 tructus.
249 4178 319 4248 Iste
331 4194 469 4268 quoque
488 4173 636 4264 agrestis
656 4173 815 4246 amicitiae
836 4193 910 4243 suae
926 4171 1090 4257 debitum,
1109 4193 1166 4244 me

89 4297 286 4394 opitulante,
302 4294 519 4394 persolverit.
541 4296 601 4366 Ille
620 4305 737 4367 aunem
755 4295 887 4365 amator
903 4293 1037 4379 infelix,
1058 4294 1088 4366 si
1104 4294 1167 4367 ali-

91 4430 143 4493 ter
162 4443 243 4493 esse
264 4443 333 4492 non
352 4426 478 4514 potest,
498 4419 625 4491 amoris
641 4418 696 4491 sui
708 4416 926 4491 dulcedinem
946 4418 1052 4512 (quod
1069 4418 1166 4494 multi

90 4543 259 4639 iecerunt)
293 4541 415 4616 mortis
447 4539 632 4616 acerbitate
664 4539 833 4639 pensabit.
855 4541 953 4614 llnnc
978 4564 1061 4617 sane
1079 4564 1165 4637 quo-
