2692 5024
399 645 492 695 mnun
513 602 718 705 ouunrus‘-
731 646 884 697 annuum
905 649 924 695 ι.
1152 638 1210 699 199

132 792 233 862 aliam
256 787 385 860 babere
406 788 588 874 rebellem,
608 797 645 863 et
663 791 889 863 reluctantem
911 790 991 862 sibi:
1013 792 1103 865 inter
1122 814 1212 887 quas
1280 860 1287 869 .

132 912 334 988 iamdudum
355 911 389 981 iu
410 912 543 1004 campis
567 911 814 1005 cogitationum
839 935 996 986 mearum
1017 915 1061 988 do
1082 916 1212 991 utrius·

129 1058 199 1130 que
232 1033 381 1106 bominis
414 1035 557 1130 imperio
590 1035 864 1108 laboriosissima
888 1047 925 1109 et
948 1057 1076 1131 anceps
1107 1040 1211 1112 etiam

131 1180 224 1230 nnnc
255 1179 374 1252 pugna
406 1156 611 1231 conseritur.
645 1157 701 1229 Sic
725 1181 788 1254 per
813 1169 975 1232 exactum
1004 1159 1210 1232 decennium

130 1280 340 1373 cogitatione
359 1277 535 1351 volvebar.
558 1280 644 1353 Hinc
663 1280 731 1353 iam
751 1305 854 1355 curas
875 1305 971 1355 meas
989 1284 1024 1355 in
1040 1283 1213 1357 anteriora

132 1402 321 1488 mittebam,
343 1412 379 1474 et
399 1402 601 1494 quaerebam
622 1425 670 1474 ex
689 1426 745 1477 me
765 1406 862 1498 ipse:
885 1405 915 1478 si
935 1404 998 1477 tibi
1018 1407 1105 1478 lorte
1130 1428 1213 1480 con·

132 1528 281 1620 tingeret
300 1547 361 1619 per
382 1526 446 1598 alia
468 1522 538 1597 duo
559 1529 669 1599 lustra
689 1527 864 1598 volatilem
885 1526 976 1599 banc
1001 1527 1110 1601 vitam
1134 1548 1212 1623 per-

130 1650 271 1733 ducere,
295 1659 497 1741 tantumque
513 1671 577 1741 pro
595 1659 669 1720 rata
686 1651 851 1744 temporis
869 1651 915 1723 ad
931 1649 1097 1722 virtutem
1114 1670 1213 1722 acce-

129 1769 230 1855 dere,
244 1778 414 1864 quantum
427 1770 492 1842 boc
505 1769 653 1856 biennio,
667 1793 727 1867 per
737 1793 967 1864 congressum
979 1782 1213 1845 novaecontra

132 1903 287 1965 veterem
310 1894 511 1979 voluntatis,
533 1893 579 1967 ab
602 1895 831 1969 obstinatione
850 1895 997 1990 pristina
1019 1896 1211 1981 recessisti,

130 2037 246 2088 nonne
272 2026 353 2088 tunc
373 2038 510 2110 posses,
532 2019 599 2089 etsi
618 2040 688 2090 non
708 2028 837 2104 curtus,
856 2027 893 2089 at
910 2020 1033 2090 saltem
1053 2039 1210 2112 sperans,

129 2138 400 2234 quadragesimo
431 2140 544 2212 aetatis
579 2162 670 2212 anno
695 2151 840 2213 mortem
865 2150 1042 2235 oppetere,
1068 2149 1105 2212 et
1128 2138 1213 2213 illud

131 2265 311 2338 residuum
333 2264 416 2337 vitae
436 2265 471 2336 in
493 2264 629 2337 senium
651 2264 812 2337 abeuntis
838 2286 939 2358 aequa
964 2274 1081 2337 mento
1105 2265 1214 2358 negli-

129 2392 237 2479 gere?
249 2389 332 2460 llaec
346 2398 453 2481 atque
464 2387 519 2459 his
536 2387 666 2461 similes
683 2387 909 2481 cogitationes
926 2389 962 2460 in
979 2399 1118 2482 pectore
1135 2410 1214 2461 meo

130 2511 369 2596 recursabant,
385 2520 494 2604 pater.
513 2513 562 2583 De
580 2523 746 2605 provectu
764 2532 842 2584 mec
858 2510 1068 2605 gaudebam,
1088 2513 1214 2606 imper-

124 2635 258 2707 -lectum
278 2655 394 2705 meum
417 2634 555 2718 llebam,
573 2642 609 2706 et
625 2633 891 2707 mutabilitatem
908 2657 1127 2735 communem
1147 2633 1213 2707 bu·

129 2779 312 2829 manorum
333 2766 474 2830 actuum
495 2757 699 2841 miserebar,
719 2766 878 2853 atquem
898 2759 933 2831 in
953 2763 1085 2846 locum,
1107 2781 1212 2854 quam

127 2878 176 2952 ob
195 2901 335 2952 causam
357 2881 534 2953 venissem
556 2881 812 2975 quodammodo
830 2881 975 2954 videbar
991 2881 1133 2967 oblitus,
1152 2881 1212 2955 do

129 3025 203 3088 nec,
221 3003 364 3085 ,omissis
383 3002 491 3087 curis
513 3003 641 3096 quibus
662 3006 748 3075 alter
768 3007 863 3077 locus
884 3013 982 3075 esset
1001 3005 1211 3097 oportunior,

130 3125 354 3219 respicerem,
373 3135 408 3198 et
422 3125 576 3197 viderem
589 3148 671 3219 quae
685 3126 827 3198 visurus
841 3125 1063 3197 adveneram.
1079 3127 1214 3199 Instare

128 3248 222 3320 enim
241 3257 377 3342 tempus
396 3245 561 3330 abeundi,
577 3247 673 3340 quod
687 3247 866 3320 inclinaret
879 3247 947 3319 iam
961 3248 1026 3332 sol,
1042 3256 1077 3320 et
1090 3247 1212 3320 umbra

130 3371 259 3444 montis
285 3380 516 3452 excresceret,
534 3369 744 3456 admonitus,
766 3380 801 3443 ot
821 3372 916 3444 velut
932 3374 1212 3468 expergefactus,

130 3506 230 3567 verto
250 3494 365 3566 mein
392 3502 530 3587 tergum
558 3496 603 3568 ud
627 3494 842 3568 occidentem
868 3496 1068 3591 respiciens.
1095 3497 1212 3569 Limes

130 3617 188 3690 ille
211 3617 398 3689 Galliarum
423 3628 458 3688 et
479 3617 665 3713 Hispaniae,
686 3620 876 3716 Pyrenaeus
897 3632 1023 3693 vertex
1043 3619 1124 3690 inde
1145 3640 1212 3689 non

130 3739 300 3823 comitum
315 3740 443 3812 nullius
460 3764 565 3835 quem
584 3741 689 3814 sciam
705 3741 815 3815 obicis
832 3742 1042 3826 interventu,
1061 3739 1124 3812 sed
1140 3741 1213 3811 sola

130 3863 314 3955 fragilitate
332 3864 487 3936 mortalis
500 3867 612 3939 visus.
630 3866 876 3959 Lugdunensis
893 3873 1009 3937 autem
1026 3860 1214 3956 provinciae

132 3999 266 4060 montes
280 3988 325 4061 ad
338 3988 533 4073 dexteram,
549 3988 594 4060 ad
607 3991 732 4062 laevam
751 4009 835 4063 vero
852 3985 1018 4059 lllassiliae
1031 3987 1164 4068 fretum,
1178 3994 1214 4056 et

131 4110 226 4204 quod
257 4109 378 4204 Aquas
405 4112 560 4182 lllortuas
586 4111 759 4194 verberat,
785 4110 916 4202 aliquot
938 4106 1075 4178 dierum
1101 4105 1212 4200 spatio

131 4234 297 4307 distantia
317 4233 581 4330 praeclarissime
602 4233 818 4306 videbantur.
839 4229 1028 4303 Rhodanus
1048 4229 1124 4322 ipse
1144 4226 1212 4301 sub

131 4360 241 4430 oculis
263 4358 391 4430 nostris
412 4365 497 4427 erat.
519 4356 606 4441 Quae
626 4356 710 4428 dum
731 4354 877 4426 mirarer
897 4353 1043 4446 singula,
1065 4361 1101 4425 et
1120 4374 1212 4425 nunc

134 4493 310 4556 terrenum
331 4478 461 4574 aliquid
482 4499 659 4574 saperem,
681 4500 774 4551 nunc
789 4478 952 4573 exemplo
966 4475 1121 4575 corporis
1138 4473 1212 4546 aui-
