2692 5024
161 710 201 773 9⁸
497 716 539 766 nu
559 714 662 767 nsnus
682 712 904 766 summamus

160 868 347 943 mentietur
365 865 528 961 quisquis
549 874 583 937 te
601 866 741 937 exulem
760 863 899 936 dixerit.
918 863 954 934 Si
966 872 1083 934 autem
1098 863 1243 956 reliqni-

161 992 222 1078 sti,
243 990 357 1063 omnis
377 989 453 1062 dies
474 1008 605 1062 novum
622 986 754 1082 aliquid
766 988 861 1080 quod
877 988 999 1079 lugeas
1011 988 1112 1059 leret:
1125 987 1242 1059 omnis

161 1115 259 1186 locus
278 1134 348 1185 non
367 1112 538 1185 molestus
556 1120 706 1196 tautum,
734 1109 799 1183 sed
823 1109 974 1194 hostilis¹
1002 1130 1071 1181 non
1096 1109 1241 1181 exilium

161 1236 264 1310 modo
281 1235 359 1321 tibi,
382 1235 446 1310 sod
461 1255 579 1308 career
597 1232 674 1305 erit.
695 1232 792 1304 Vale.

584 1718 764 1785 uturum
782 1719 827 1782 tv.

219 1929 414 1982 FRANGISCUS
434 1929 604 1981 curulum
624 1929 749 1981 SEVERO
775 1929 1084 1981 trasumenus.
1104 1930 1135 1980 P.
1155 1931 1187 1981 tt.

379 2112 500 2168 Exilium
514 2127 587 2184 egre
600 2111 734 2167 ferentem
748 2112 849 2167 iterum
862 2111 1029 2168 consolatur.

261 2334 449 2408 Excidisse
462 2332 522 2405 tibi
536 2354 673 2406 omnem
685 2353 783 2426 spem
795 2331 913 2413 rideo;
927 2330 1023 2426 quod
1031 2351 1136 2423 quam
1149 2341 1245 2404 reete

162 2455 314 2550 patiaris,
336 2454 484 2547 epistola
509 2453 690 2547 superiore
715 2462 864 2523 testatus
890 2474 984 2523 sum:
1003 2451 1174 2543 doleoqne
1195 2451 1245 2522 nil

164 2577 256 2647 illam
280 2575 342 2647 tibi
363 2575 506 2647 remedii
529 2573 728 2647 contulisse.
749 2574 822 2645 Nec
848 2575 934 2645 satis
959 2573 1044 2657 scio,
1065 2583 1181 2644 utrum
1207 2573 1245 2643 in

164 2699 313 2780 medico,
334 2719 380 2767 an
399 2698 435 2766 in
455 2706 648 2788 aegrotante
668 2696 715 2767 sit
734 2695 872 2778 sitium3
894 2696 967 2789 qui,
987 2697 1017 2767 si
1033 2694 1078 2768 ad
1094 2696 1244 2766 salutem

162 2819 345 2914 pervenire
360 2820 464 2911 cupit,
478 2819 659 2890 credulum
679 2840 718 2890 se
735 2819 902 2902 consiliis,
919 2830 953 2889 et
969 2816 1246 2910 obsequentissi-

161 2963 258 3012 mum
275 2941 489 3013 medicorum
511 2939 646 3030 legibus
667 2951 837 3033 praestare
860 2939 974 3012 debet.
1001 2940 1079 3030 Ego
1100 2937 1244 3030 quidem

162 3061 197 3133 in
218 3063 275 3133 illa
303 3062 340 3134 id
359 3061 522 3153 agebam,
544 3071 595 3145 ut,
617 3061 765 3132 dimissa
787 3063 912 3155 patria,
939 3081 1035 3152 spem
1056 3080 1243 3143 servares,

160 3185 261 3255 cuius
278 3196 375 3256 tanta
387 3186 443 3256 tis
457 3197 523 3268 est,
546 3197 585 3256 ut
604 3197 799 3279 praesentes
820 3187 996 3258 molestias
1013 3206 1082 3257 non
1100 3183 1244 3265 sentiat,

161 3306 261 3387 dum,
281 3306 347 3377 sibi
367 3307 499 3378 laetiora
518 3309 732 3400 promittens,
751 3321 938 3379 venturum
958 3319 1094 3401 tempus
1114 3304 1248 3397 cogim-

162 3426 256 3496 tione
274 3428 523 3518 complectitur.
544 3429 637 3510 Quid
658 3440 774 3500 autem
795 3440 830 3499 te
851 3450 994 3522 sperare
1013 3425 1248 3521 prohibebat?

161 3547 332 3618 Patriaene
352 3548 539 3636 relegantis
557 3549 752 3640 asperitas?
767 3550 934 3631 Quaenam
949 3551 1059 3619 vero?
1078 3568 1143 3617 seu
1161 3545 1247 3639 qnid

161 3688 307 3762 prorsus
318 3676 373 3737 est
387 3666 457 3747 tibi,
469 3680 608 3759 propter
620 3669 687 3739 hoc
699 3692 806 3739 unum
822 3670 919 3740 exilii
932 3691 1075 3741 nomen.
1090 3667 1247 3739 ablatum

161 3789 348 3871 illatumve,
362 3810 434 3880 quo
446 3788 590 3859 doleas?
607 3789 661 3859 ,ln
673 3791 719 3861 ad
737 3791 812 3862 haec
825 3791 886 3862 tibi
902 3793 1075 3861 clarorum
1088 3790 1248 3861 virorum

160 3913 323 4004 exempla
345 3911 550 3982 doluerant?
576 3912 644 3982 Sed
675 3914 783 3983 multa
813 3922 893 3983 ante
918 3914 1038 3984 oculos
1064 3910 1187 4006 posui,
1213 3921 1248 3981 et

162 4034 310 4123 plurima
320 4055 498 4127 ponerem,
514 4035 580 4105 nisi
595 4037 652 4106 illa
664 4035 862 4127 periissent:
875 4058 923 4107 ex
935 4035 1066 4128 quibus
1078 4054 1249 4128 agnosoe-

163 4173 237 4225 res.
257 4175 357 4245 spem
375 4155 501 4227 bonam
521 4168 672 4228 eventus
693 4156 823 4229 habere
840 4157 1072 4229 felicissimos.
1090 4157 1146 4228 An
1161 4178 1249 4228 vero

165 4270 308 4342 timuisti
329 4277 474 4367 patriam
497 4291 591 4348 tuam
613 4280 688 4350 sine
711 4277 780 4350 line
805 4280 1021 4363 saevituram,
1048 4278 1145 4373 qnod
1170 4288 1249 4350 tan-

166 4389 275 4459 tillum
291 4415 339 4463 ex
355 4398 456 4468 solita
472 4399 658 4471 dulcedine
678 4400 894 4474 remisisset?
909 4402 981 4474 Sed
996 4424 1042 4474 an
1060 4400 1250 4495 ignorabas

166 4510 250 4579 nulli
267 4523 425 4585 natorum
443 4528 559 4608 patres
580 4542 662 4593 esse
683 4522 854 4603 mitiores,
876 4546 982 4616 quam
1001 4525 1036 4597 ei
1056 4546 1166 4620 quem
1191 4544 1251 4597 se·
