2692 5024
407 662 499 710 cinca
521 661 889 713 cernuus-nmmum
916 666 935 712 r.
1155 652 1214 714 ltt‘l

131 809 281 879 adversa
301 807 476 879 deiiciunt.
499 809 568 878 Sed
588 809 632 879 ad
657 811 806 880 fortunae
833 820 902 878 tuae
927 809 1134 879 varietatem
1161 833 1215 882 re-

129 931 208 999 deo.
230 929 388 1021 Quinque
415 951 599 1020 germanos
625 932 751 1001 fratres
778 929 985 1021 iampridem
1014 931 1213 1022 sepelieras.

128 1053 239 1136 Quem
265 1072 333 1122 non
360 1061 533 1122 tantarum
558 1052 797 1122 columnarum
826 1051 925 1122 ruina
952 1056 1214 1144 prosterneret?

129 1172 287 1246 Mansisti
309 1183 423 1244 tamen
444 1173 686 1256 inconcussus,
708 1183 743 1243 et
766 1173 872 1266 (quod
893 1172 1069 1266 proprium
1096 1173 1213 1262 magni

130 1295 317 1387 invictique
342 1295 446 1364 animi
480 1293 559 1383 fuit)
588 1293 622 1362 in
649 1305 682 1364 te
708 1306 816 1365 unum
852 1296 1051 1365 universam
1087 1294 1213 1365 dumus

130 1417 303 1489 sarcinam
326 1414 541 1486 transtulisti.
564 1415 608 1483 Et
629 1414 711 1486 illud
732 1416 873 1508 quidem
894 1417 1059 1486 damnum
1082 1416 1214 1507 irrepa-

130 1537 238 1609 rabile
250 1536 433 1607 immortali
447 1536 702 1628 compensabas
715 1538 814 1619 fama,
832 1559 1019 1628 rerumque
1033 1560 1212 1631 praegran-

129 1659 226 1730 dium
248 1658 415 1728 memoria
437 1657 628 1728 solaberis:
649 1657 755 1750 inque
777 1667 827 1728 tut
847 1660 991 1728 fratrum
1019 1660 1130 1730 locum
1153 1680 1214 1729 ne-

129 1791 250 1876 potum
272 1783 397 1871 longus
418 1779 505 1850 ordo
525 1788 754 1851 successerat.
777 1779 908 1850 Dilecta
930 1780 988 1850 tibi
1017 1782 1153 1851 interim
1179 1791 1215 1851 et

130 1903 370 1976 amantissima
392 1923 482 1973 uxor
502 1901 648 1995 eripitur

293 2084 375 2148 Felix
392 2091 491 2146 morte
509 2099 573 2158 sua,
591 2099 645 2145 nec
663 2084 692 2144 in
710 2084 789 2145 liunc
807 2089 926 2146 servata
944 2082 1090 2146 dolorem.

131 2268 238 2337 lllulto
258 2265 399 2356 quidem
421 2285 485 2335 sua
507 2272 617 2333 morte
637 2264 768 2334 felicior
787 2284 890 2355 quam
914 2284 1004 2333 uxor
1025 2262 1210 2348 Evandria,

131 2387 175 2459 de
194 2407 263 2477 qua
285 2385 320 2454 id
340 2383 469 2455 dictum
491 2394 556 2454 est.
581 2382 629 2453 llli
651 2382 742 2452 enim
763 2404 807 2453 ne
830 2383 947 2466 unius,
970 2380 1116 2453 huicne
1136 2385 1213 2476 plu-

132 2509 297 2578 rimorum
313 2502 462 2577 filiorum
476 2504 641 2576 acerbum
655 2505 829 2575 interitum
845 2504 991 2589 videret,
1008 2507 1213 2598 tempestiva

131 2639 240 2699 morte
272 2629 469 2698 consultum
496 2636 561 2698 est.
595 2626 748 2718 Eripitur
773 2636 807 2695 et
832 2636 991 2698 natorum
1020 2628 1210 2712 maximus,

71 2786 76 2793 ·
130 2750 185 2820 cui
219 2749 441 2840 singulariter
474 2746 715 2818 incumbebas:
742 2747 920 2839 geminum
947 2771 1056 2840 grave
1082 2752 1211 2821 vulnus

131 2882 200 2940 tam
239 2871 345 2939 multa
378 2888 555 2960 perpesso.
590 2867 748 2939 Mansisti
787 2878 901 2940 tamen
932 2869 999 2939 iam
1032 2869 1212 2940 ruentibus

133 2988 380 3060 fundamentis.
403 2988 487 3059 lude
504 2989 580 3060 aliis
605 2989 783 3081 usquead
808 2987 1014 3058 invidiosam
1041 2988 1213 3076 magnitu-

130 3112 248 3183 dinem
269 3111 380 3183 auctis
401 3122 437 3182 et
462 3111 548 3181 mira
567 3114 642 3182 luce
662 3109 888 3201 fulgentibus
915 3109 1063 3178 fortunae
1089 3128 1212 3201 peper-

130 3255 244 3318 ceras
267 3245 302 3305 et
323 3233 473 3304 miscens
495 3255 706 3305 amaracum
726 3230 897 3314 dulcibus,
919 3228 1131 3302 desiderium
1150 3230 1212 3301 de-

133 3359 343 3439 functorum,
367 3358 594 3448 superstitum
626 3355 762 3437 solatio,
789 3351 954 3424 leniebas.
978 3353 1047 3422 lam
1082 3353 1210 3425 sensim

132 3474 336 3548 obliteratus
349 3477 537 3570 primorum
557 3478 742 3547 vulnerum
760 3477 858 3547 dolor
875 3484 965 3556 erat;
984 3475 1067 3544 felix
1084 3475 1208 3556 adbuc,

130 3605 179 3681 et,
207 3606 245 3666 ut
270 3595 360 3678 dixi,
383 3598 518 3667 Metello
538 3596 668 3666 felicior
694 3595 780 3665 mori
814 3604 964 3686 poteras.
987 3594 1107 3682 Longa
1140 3592 1210 3662 vita

132 3717 293 3810 praestitit
314 3727 351 3786 ut
376 3715 478 3787 fieres
504 3717 641 3787 Priamo
667 3714 809 3785 similior
833 3735 939 3806 quam
966 3713 1112 3784 Metello.
1139 3713 1211 3781 ltle

132 3840 248 3911 tellum
271 3838 400 3933 quippe
420 3837 631 3931 sepelierunt
651 3837 727 3919 sui;
751 3857 834 3906 suos
854 3835 1014 3904 Priamus
1035 3832 1209 3926 sepelivit:

132 3963 278 4032 multum
304 3960 445 4031 diversa
471 3958 632 4032 conditio.
658 3960 753 4028 Trux
775 3957 947 4028 Fortuna!
976 3957 1134 4025 Paucane
1160 3953 1210 4022 in-

131 4081 337 4153 constantiae
363 4091 433 4152 tuae
459 4090 665 4172 argumenta
691 4078 910 4173 praebueras,
932 4076 998 4146 nisi
1032 4073 1210 4145 veteribus

131 4202 237 4274 etiam
251 4223 341 4273 nunc
353 4201 524 4295 exemplis
538 4199 735 4296 Stephanus
748 4211 866 4270 noster
878 4196 1087 4268 accederet?
1098 4195 1209 4277 Quem

130 4322 343 4396 brevissimo
355 4333 519 4415 tempore,
538 4322 637 4392 vario
656 4342 785 4411 genere
806 4318 985 4401 moriendi,
1007 4315 1154 4386 filiorum
1170 4337 1210 4387 ac

133 4458 296 4542 nepotum
327 4446 543 4520 multitudine
570 4446 770 4539 spoliatum,
793 4445 836 4516 de
864 4441 1064 4514 felicissimo
1097 4450 1207 4532 patre,
