2692 5024
394 652 487 700 urnun
508 652 631 702 miuus.
644 654 846 705 —urrsrom
868 655 885 704 r.
1136 639 1175 700 33

103 806 187 877 Nam
214 799 311 895 apud
339 799 533 885 Paulinum,
555 799 614 892 qui
639 796 813 871 Ambrosii
838 799 944 870 vitam
972 799 1121 892 scripsit,
1142 812 1177 872 et

104 927 370 999 obtrectatorum
387 921 463 993 eius
480 920 618 991 nomina
635 922 791 1013 legimus,
808 932 842 994 et
857 921 1045 993 uindictam
1058 923 1177 995 divino

104 1047 229 1121 indicio
249 1046 447 1136 irrogatam.
464 1045 580 1114 Perfer
600 1042 705 1135 igitur
725 1045 791 1116 iam
814 1045 888 1116 sine
907 1046 1064 1117 lamentis
1084 1049 1179 1139 quod

105 1171 251 1245 summis
276 1166 424 1259 ingeniis
449 1167 637 1259 contigisse
661 1167 771 1239 vides.
792 1167 929 1239 Videris
955 1179 1069 1239 autem
1092 1164 1179 1262 qua-

105 1295 187 1367 darn
211 1292 247 1362 in
271 1299 368 1384 parte
393 1300 530 1360 tuarum
555 1288 744 1360 litterarum
770 1289 835 1360 boc
860 1290 973 1383 ipsum
998 1290 1176 1384 conqueri,

107 1415 202 1510 quod
226 1415 351 1484 multos
372 1410 511 1481 noveris
532 1433 695 1502 magnum
717 1410 751 1481 in
772 1412 845 1484 vita
864 1433 989 1484 nomen
1009 1434 1180 1506 assequu-

108 1550 172 1611 tus.
197 1536 243 1608 Et
268 1535 334 1607 boc
359 1555 512 1626 quoque,
540 1532 642 1605 sime
667 1533 787 1605 audire
810 1535 976 1621 volueris,
999 1533 1181 1626 magnifice

107 1672 318 1733 contemnes.
339 1655 415 1727 Scis
434 1654 526 1725 enim
546 1655 672 1748 quibus
694 1656 759 1726 hoc
783 1657 921 1728 evenit?
940 1657 1001 1729 His
1021 1657 1181 1750 equidem
1265 1648 1270 1657 '

110 1782 205 1866 solis,
224 1779 284 1873 qui
300 1781 427 1851 lamam
445 1799 557 1861 suam,
575 1778 739 1870 quoniam
755 1780 886 1851 calamo
906 1790 1095 1874 nequeunt,
1113 1781 1183 1851 cla-

111 1925 206 1975 more
229 1901 427 1974 defendunt.
455 1897 580 1994 Aspice
603 1900 689 1972 istos
713 1913 936 1995 purpuratum
964 1902 1024 1993 qui
1054 1900 1183 1991 ingenti

113 2023 257 2116 strepitu
282 2023 486 2115 populorum
519 2021 555 2091 in
583 2044 620 2092 sc
645 2044 705 2092 ora
734 2033 950 2105 convertunt,
977 2022 1037 2115 qui
1064 2043 1102 2092 se
1128 2043 1184 2092 sa-

111 2146 244 2238 pientes
266 2143 334 2216 dici
354 2145 486 2228 volunt,
508 2154 543 2214 ct
561 2166 649 2236 quos
672 2143 842 2234 sapientes
868 2146 996 2235 vulgus
1021 2145 1181 2238 appellat,

114 2267 261 2358 singulis
287 2265 483 2338 civitatibus
510 2264 686 2337 ascribens
713 2264 906 2356 sapientum
937 2288 1079 2356 greges,
1106 2287 1184 2335 cnm

115 2401 228 2462 tamen
252 2389 308 2461 illa
334 2390 461 2461 florens
486 2389 566 2460 olim
594 2388 786 2459 studiorum
812 2397 921 2459 mater
940 2386 1088 2471 Graecia,
1116 2409 1185 2457 non

112 2512 260 2606 amplius
284 2535 389 2605 quam
417 2523 547 2604 septem
569 2511 761 2603 sapientum
782 2509 979 2581 nominibus
1006 2509 1183 2600 glorietur,

112 2633 206 2728 quod
225 2632 340 2726 ipsum
361 2631 509 2725 posteris
530 2630 737 2724 importunae
757 2654 881 2703 nomen
907 2631 1114 2724 arrogantiae
1134 2630 1187 2702 vi-

113 2779 191 2828 sum
216 2764 287 2826 est:
314 2753 377 2825 sed
401 2751 460 2845 qui
485 2774 546 2823 eos
571 2764 740 2826 excusant
772 2755 868 2826 aiunt
897 2778 966 2827 non
995 2753 1031 2826 id
1054 2753 1105 2824 eis
1129 2775 1188 2825 oc

114 2894 263 2964 gnomen
283 2868 422 2964 proprio
447 2868 585 2955 iudicio,
609 2870 672 2942 scd
697 2873 901 2963 populorum
928 2867 1102 2959 suffragiis
1126 2867 1189 2938 ob

117 2995 245 3085 tigisse.
272 2994 368 3065 Unus
389 3014 435 3063 ex
455 2990 617 3062 omnibus
638 2993 776 3063 sacculis
802 2992 973 3083 Epicurus
1000 2989 1188 3079 sapientem

118 3138 156 3186 se
174 3115 324 3210 profiteri
344 3138 453 3187 ausus
474 3114 699 3187 intolleranda
726 3114 898 3206 superbio,
922 3135 983 3183 seu
1008 3110 1122 3205 potius
1143 3108 1189 3179 ri-

116 3239 270 3312 diculosa
289 3237 474 3322 dementia,
493 3237 593 3309 ouius
615 3237 766 3308 secundo
786 3239 836 3307 Dc
856 3234 999 3305 Finibus
1019 3233 1188 3305 bonorum

115 3362 333 3432 etmalorum
354 3359 508 3431 meminit
529 3359 657 3431 Cicero.
678 3358 786 3431 Hodie
805 3358 841 3429 in
861 3370 1059 3430 nostrorum
1075 3357 1190 3429 causi-

118 3482 274 3554 dicorum
298 3504 402 3574 grege
428 3486 524 3553 inror
545 3481 600 3553 ille
620 3482 777 3572 vulgaris
801 3493 865 3553 cst.
892 3481 1035 3574 Respice
1066 3481 1188 3551 ethos

118 3604 178 3698 qui
194 3604 230 3676 in
245 3604 524 3676 altercationibus
541 3614 576 3675 et
591 3603 865 3676 cavillationibus
883 3603 1067 3675 dialecticis
1082 3610 1189 3670 totum

118 3727 201 3798 vitae
221 3737 357 3819 tempus
381 3726 598 3819 expcndunt,
622 3749 728 3820 seque
752 3727 913 3798 inanibus
940 3746 1074 3815 semper
1093 3741 1190 3813 quae-

119 3850 299 3921 stiunculis
319 3849 513 3941 exagitant:
534 3859 571 3919 et
589 3850 800 3943 praesagium
825 3870 939 3919 mcum
964 3847 1008 3916 de
1029 3841 1190 3915 omnibus

119 3968 254 4041 habeto.
272 3969 432 4041 Omnium
450 3992 574 4062 ncmpc
590 3992 669 4040 cum
689 3970 775 4062 ipsis
793 3971 883 4040 lama
899 3976 1048 4047 corruet,
1068 3986 1192 4033 unum-

119 4115 186 4185 que
207 4098 403 4189 sepulcrum
428 4092 557 4164 nomini
582 4092 791 4185 ossibusque
812 4088 971 4159 sufficiet:
997 4108 1075 4157 cum
1099 4085 1190 4156 enim

119 4241 212 4290 mors
242 4218 403 4309 frigidam
431 4216 585 4308 linguam
616 4225 708 4285 stare
736 4211 900 4302 coegerit,
926 4231 995 4280 non
1024 4209 1127 4282 modo
1155 4221 1193 4280 ut

120 4341 243 4414 sileant
260 4362 404 4412 necesse
420 4350 488 4425 cst,
505 4338 567 4409 scd
580 4346 619 4407 ut
634 4336 678 4407 de
690 4334 745 4406 his
762 4332 864 4404 etiarn
883 4333 1032 4404 sileatur.
1049 4333 1191 4405 Possem

118 4465 287 4559 exemplis
305 4464 461 4547 affluere,
481 4474 582 4555 teque
603 4460 716 4551 ipsum
734 4458 768 4528 in
789 4457 906 4530 multis
929 4467 1049 4529 testem
1068 4461 1189 4530 lacere.

278 4597 294 4635 r.
1052 4580 1068 4628 3
