2692 5024
127 628 144 687 Ξ
462 634 612 682 urrsroun
630 634 671 680 au
689 633 856 682 rosruuos.

126 785 212 852 inter
230 778 416 850 candidum
435 788 471 849 ct
490 775 705 867 subnigrum
729 776 907 848 vivacibus
928 777 1036 847 oeulis
1057 787 1092 848 et
1113 779 1191 848 visu
1228 824 1232 831 ·

126 905 345 997 perlongum
367 912 501 993 tempus
522 899 699 982 acerrimo,
723 898 781 990 qui
801 909 928 990 praeter
949 921 1058 991 spem,
1087 921 1191 991 supra

127 1027 382 1116 sexagesimum
403 1023 514 1096 aetatis
536 1043 662 1091 anuum
681 1043 736 1090 me
753 1021 922 1107 destituit,
944 1032 983 1091 ut
1003 1023 1190 1113 indignanti

127 1147 210 1216 mihi
230 1147 275 1218 ad
294 1146 481 1218 ocularium
505 1142 769 1232 confugiendum
793 1153 888 1214 esset
910 1145 1087 1214 auxilium.
1109 1145 1193 1214 Tota

127 1278 229 1340 aetate
262 1268 482 1338 sanissimum
514 1286 639 1354 eorpus
672 1273 829 1334 senectus
859 1265 1001 1349 invasit,
1031 1273 1066 1335 et
1095 1266 1193 1336 solita

127 1390 324 1461 morborum
344 1389 414 1458 acie
433 1385 668 1456 circumvenit.
695 1386 856 1457 Honestis
877 1386 1092 1479 parentibuS,
1117 1388 1194 1457 Plo-

128 1513 268 1584 rentinis
288 1510 430 1600 origine,
453 1509 589 1578 fortuna
609 1508 771 1579 mediocri
791 1518 826 1578 et
847 1507 903 1602 (ut
927 1532 1047 1579 verum
1068 1511 1192 1603 fatear)

127 1634 171 1705 ad
190 1634 338 1725 inopiam
358 1639 536 1721 vergente,
560 1631 621 1701 sed
642 1631 751 1723 patria
771 1632 894 1723 pulsis
917 1630 1024 1701 Aretii
1041 1632 1074 1700 in
1090 1633 1195 1702 exilio

126 1765 227 1826 natus
249 1776 340 1838 sum,
361 1774 450 1823 anno
472 1752 576 1823 buius
603 1753 715 1823 aetatis
742 1753 885 1838 ultimae,
907 1774 988 1846 quae
1013 1776 1033 1823 a
1058 1753 1195 1824 Christo

126 1876 249 1971 incipit,
262 1893 429 1946 ucceuu.
443 1875 499 1947 die
512 1875 633 1959 Luuae,
648 1876 693 1945 ad
706 1898 864 1946 auroram
878 1894 945 1945 xru.
957 1876 1026 1945 Cal.
1035 1873 1194 1966 Augusti.

127 1997 329 2071 Divitiarum
349 2005 562 2090 contemptor
581 1996 747 2081 eximius,
765 2020 834 2067 uon
854 1997 947 2089 quod
967 1997 1107 2068 divitias
1128 2020 1195 2069 nou

127 2131 294 2213 optarem,
317 2119 379 2190 sed
399 2118 535 2191 labores
560 2140 731 2211 curasque
751 2119 906 2204 oderam,
928 2144 1032 2212 opum
1053 2121 1195 2191 comites

127 2239 382 2336 inseparabiles.
412 2242 488 2313 Non
513 2250 551 2312 ut
576 2242 643 2312 ista
666 2264 750 2312 eura
782 2250 875 2311 esset
910 2239 995 2335 (sic),
1026 2244 1196 2312 lautarum

128 2367 269 2437 facultas
289 2366 484 2456 epularum:
505 2386 570 2455 ego
591 2372 703 2432 autem
731 2364 822 2432 tenui
843 2363 934 2433 victu
955 2373 989 2433 et
1009 2364 1095 2434 cibis
1121 2367 1197 2436 vul-

128 2486 269 2578 garibus
287 2486 394 2557 vitam
411 2486 467 2575 egi
484 2486 598 2555 laetius
617 2506 721 2579 quam
738 2506 816 2553 eum
833 2486 1116 2577 exquisitissimis
1136 2488 1197 2559 da-

127 2607 230 2703 pibus
246 2629 365 2678 omues
382 2605 492 2698 Apicii
513 2628 742 2677 successores.
758 2606 923 2679 Convivia
940 2629 1019 2698 quae
1037 2609 1197 2679 dicuntur

130 2731 225 2825 (eum
247 2731 315 2800 sint
334 2729 638 2801 commessationes
663 2728 841 2799 modestice
865 2739 900 2798 et
922 2729 1021 2801 bonis
1043 2731 1196 2803 moribus

128 2851 292 2945 inimioae)
313 2874 447 2944 semper
464 2851 548 2921 mibi
564 2851 828 2944 displicuerunt;
846 2851 1055 2923 laboriosum
1071 2863 1106 2922 et
1122 2855 1197 2925 inu-

129 2977 186 3047 tile
206 2985 301 3047 ratus
324 2997 402 3045 sum
424 2974 580 3045 adhunc
606 2971 709 3045 finem
734 2996 858 3044 vocare
878 2974 978 3059 alios,
1001 2997 1063 3045 nec
1083 2976 1196 3046 minus

129 3097 174 3168 ab
193 3098 268 3169 aliis
289 3097 416 3169 vocari.
440 3097 630 3168 Convivere
655 3107 868 3168 autemeam
896 3098 1014 3168 amicis
1035 3099 1121 3169 adeo
1146 3100 1198 3168 iu-

129 3220 295 3303 cundum,
322 3230 361 3291 ut
385 3242 504 3289 eorum
535 3228 747 3311 superventu
772 3222 819 3290 nil
844 3221 976 3311 gratius
1002 3220 1194 3299 habuerim,

129 3363 192 3411 neo
207 3363 359 3431 unquam
377 3343 513 3424 volens
534 3341 608 3410 sine
629 3342 722 3413 socio
737 3342 852 3412 cibum
874 3342 1091 3434 sumpserim.
1107 3341 1198 3411 Nihil

130 3461 213 3530 mihi
242 3463 352 3552 magis
382 3484 484 3552 quam
516 3486 640 3554 pompa
670 3463 846 3554 displicet,
879 3487 946 3533 uon
980 3466 1089 3534 solum
1118 3464 1199 3555 quia

131 3584 220 3652 mala
238 3593 273 3652 et
292 3584 474 3654 humilitati
495 3586 677 3669 contraria,
702 3586 763 3656 sed
783 3586 864 3678 quia
881 3585 1026 3656 difficilis
1043 3596 1077 3655 et
1094 3585 1198 3677 quieti

130 3705 279 3776 adversa
298 3715 362 3777 est.
384 3706 510 3777 Amore
528 3708 707 3791 acerrimo,
728 3707 789 3778 sed
810 3708 910 3778 unico
930 3720 964 3779 el
984 3709 1144 3792 honesto,
1166 3707 1200 3775 in

130 3826 359 3900 adolescentia
384 3828 551 3911 laboravi,
574 3840 608 3898 et
641 3830 772 3901 diutius
790 3830 1013 3914 laborassem,
1040 3831 1105 3901 nisi
1133 3832 1198 3902 iam

131 3957 360 4042 tepescentem
385 3953 498 4043 ignem
532 3974 624 4022 mors
650 3952 789 4037 acerba,
813 3955 875 4024 sed
898 3955 1003 4038 utilis,
1030 3954 1200 4024 extinxis-

131 4083 193 4142 set.
212 4071 410 4146 Libidinum
427 4097 481 4145 me
500 4096 642 4168 prorsus
659 4087 836 4169 expertem
854 4077 966 4147 dicere
984 4097 1086 4168 posse
1103 4083 1201 4165 opta-

132 4216 203 4264 rem
218 4197 373 4287 quidem;
389 4199 458 4283 sed,
476 4198 505 4270 si
522 4199 642 4283 dicam,
657 4200 817 4282 mentiar3
831 4201 895 4271 boc
910 4221 1029 4270 secure
1042 4196 1197 4279 dixerim,

130 4339 198 4402 me,
221 4342 416 4412 quanquam
443 4324 577 4393 fervore
606 4323 726 4395 aetatis
755 4332 789 4392 et
818 4321 1062 4414 complexionis
1092 4318 1135 4390 ad
1166 4318 1200 4388 id

132 4453 276 4536 raptum,
294 4443 456 4514 vilitatem
474 4445 564 4515 illam
584 4456 694 4517 tamen
713 4468 847 4536 semper
864 4445 977 4515 animo
989 4451 1198 4513 execratum.
