2692 5024
175 632 268 717 '228
326 640 330 655 '
478 698 482 705 .
544 664 587 715 ns
607 662 708 714 nsum
729 662 950 715 semiannus

207 815 347 911 poterit,
373 814 442 886 nisi
464 812 525 907 qui
550 834 696 885 menum
721 812 952 884 bumanorum
977 812 1119 887 omuino
1142 812 1292 887 nescius

204 939 353 1010 tormuae
371 936 445 1010 vim
464 943 569 1030 atque
592 934 856 1008 inconstantiam
881 956 951 1006 nou
976 933 1146 1009 attendit?
1169 937 1223 1009 lle
1248 958 1290 1009 se
1328 940 1335 954 ‘

205 1058 263 1130 alii
281 1058 442 1132 viderint.
467 1060 544 1152 Ego
567 1056 718 1152 quidem,
744 1078 792 1129 ex
815 1078 887 1152 quo
909 1056 967 1128 bic
987 1076 1082 1143 sum,
1102 1078 1288 1153 nunquam

65 1208 76 1225 ·
205 1202 359 1254 meorum
393 1182 527 1254 litteras
559 1180 627 1252 nisi
658 1192 812 1253 tremens
843 1189 880 1251 et
910 1177 1061 1273 pallidus
1084 1180 1217 1273 accepi.
1242 1180 1288 1253 Et

203 1312 387 1398 postquem
406 1325 528 1376 omues
546 1302 638 1375 bene
656 1304 774 1376 valere
792 1302 987 1375 nuntiatum
1003 1312 1072 1387 est,
1090 1302 1210 1377 adbuc
1224 1324 1288 1375 cu-

203 1422 253 1495 ris
269 1445 340 1519 uon
354 1444 537 1496 exoneror.
556 1422 643 1507 Quis
662 1422 755 1495 enim
776 1444 833 1494 me
851 1434 985 1496 certum
1002 1423 1094 1508 iacit,
1116 1444 1177 1527 ue,
1197 1424 1284 1499 dum

202 1566 265 1641 per
283 1544 390 1639 Alpes
413 1568 456 1618 ac
481 1546 590 1618 maria
615 1546 661 1618 ad
683 1565 810 1617 manus
834 1565 932 1617 meas
958 1543 1085 1642 scripta
1109 1566 1285 1641 perreue-

203 1669 285 1755 rint,
308 1669 438 1763 aliquid
455 1672 572 1743 forsan
591 1668 750 1742 inciderit
764 1667 921 1755 adversi,
939 1669 1036 1762 quod
1050 1667 1088 1740 iu
1102 1668 1176 1740 ictu
1192 1670 1283 1743 oculi

202 1789 279 1864 fieri
303 1792 421 1864 solet?
443 1793 513 1867 Nec
536 1791 680 1886 pudebit
703 1790 797 1886 apud
821 1800 856 1863 te
880 1790 1091 1865 familiariter
1122 1792 1280 1893 gloriari,

202 1916 349 1989 multum
368 1936 425 1989 me
444 1916 481 1988 in
499 1916 566 1989 hoc
585 1914 752 2012 temporis
772 1936 814 1988 ac
835 1912 941 1986 studii
964 1915 1140 2009 posuisse,
1162 1926 1204 1989 ut
1222 1916 1283 1991 ad-

201 2059 328 2112 versos
347 2040 545 2137 repentinos
563 2060 670 2111 casos
690 2046 863 2111 armatum
888 2058 929 2109 ac
954 2046 1190 2131 praeparatum
1209 2040 1283 2113 aui·

202 2184 296 2234 mum
331 2162 517 2246 baberem;
539 2170 647 2255 utque
677 2161 722 2235 ad
753 2158 805 2245 id,
841 2161 872 2233 si
900 2181 971 2254 quo
994 2160 1100 2234 modo
1123 2183 1279 2255 possem,

199 2284 435 2378 pervenirem,
469 2283 564 2377 quod
588 2283 638 2356 ait
672 2285 825 2357 Seneca:
854 2286 986 2378 sopiens
1004 2285 1066 2355 scit
1086 2284 1152 2355 ribi
1169 2287 1282 2357 amnuit

199 2417 340 2478 recture:
360 2405 516 2498 quu'dquid
529 2409 654 2498 suctum
678 2418 739 2491 est,
765 2405 860 2491 dicit,
880 2408 1042 2478 sciebam..
1071 2408 1148 2501 Ego
1178 2431 1278 2494 vero,

199 2549 279 2599 curu
296 2528 332 2598 in
349 2528 425 2599 aliis
443 2527 763 2614 innumerabilibus,
785 2538 858 2600 tum
871 2530 907 2600 in
918 2529 985 2602 hoc
1001 2529 1185 2624 praecipue,
1201 2552 1280 2603 sen-

200 2649 259 2732 tio,
279 2670 335 2719 mc
352 2671 421 2721 nou
437 2671 519 2722 esse
536 2649 848 2744 sapientemquod
865 2674 978 2746 usque
995 2652 1041 2724 ad
1057 2653 1124 2725 hoc
1141 2663 1279 2748 tempos

200 2770 289 2842 hanc
320 2793 426 2842 unam
459 2773 629 2844 sarcinam
661 2796 806 2868 prorsus
838 2775 1016 2869 deponere
1040 2778 1136 2849 nullo
1162 2777 1280 2851 studio

200 2898 381 2970 valuerim.
404 2900 509 2971 lstam
544 2899 794 2975 solicitudinem
816 2901 876 2975 tibi
902 2926 996 2981 mors
1020 2905 1194 3001 eripuisse
1218 2908 1280 2980 de·

199 3020 288 3092 buit:
311 3031 347 3093 et
367 3020 446 3117 (uisi
467 3021 704 3115 magnitudine
724 3026 829 3096 animi
850 3026 900 3097 tui
917 3026 1027 3121 iallor)
1046 3026 1185 3120 eripuit.
1204 3028 1278 3101 Scis

199 3144 259 3215 ubi
278 3144 384 3218 irater
401 3153 482 3217 tuus
503 3154 571 3231 est,
592 3156 628 3217 et
648 3147 795 3239 qualiter
815 3147 862 3218 ibi
882 3159 951 3231 est;
973 3171 1087 3242 neque
1112 3150 1182 3222 iam
1210 3162 1279 3223 sta-

199 3273 255 3334 tus
281 3264 336 3336 sui
360 3267 562 3339 varietatem
597 3266 732 3339 solitam
762 3268 988 3361 pertimescis.
1014 3270 1050 3341 Si
1074 3271 1222 3357 iustitia,
1249 3273 1277 3345 si

199 3382 301 3469 tides,
333 3387 363 3456 si
382 3386 506 3479 pietas,
542 3389 571 3459 si
604 3386 756 3459 charitas
781 3387 875 3460 viam
896 3391 1019 3461 sternit
1043 3390 1090 3462 ad
1115 3412 1276 3485 superos3

198 3507 229 3578 si
247 3509 393 3580 terrenis
411 3511 543 3603 laqueis
561 3510 725 3603 expeditu
739 3533 838 3583 mens
851 3512 1010 3585 liberiore
1030 3535 1172 3586 sursum
1191 3516 1276 3588 tolli-

198 3642 253 3702 tur
266 3633 393 3716 volato,
404 3632 543 3704 sibonis
555 3644 590 3704 et
602 3632 690 3705 bene
703 3633 828 3707 creatis
844 3635 1021 3731 spiritibus
1037 3636 1143 3709 sedes
1156 3639 1276 3709 ultima

197 3765 233 3824 et
256 3765 388 3828 aeterua
421 3757 547 3827 coelum
575 3768 652 3839 est;
678 3758 757 3830 illuc
782 3761 924 3831 fratrem
948 3770 1047 3831 tuum
1071 3760 1276 3835 ascendisse

196 3879 415 3952 confidimus.
442 3882 487 3950 Et
507 3880 537 3952 si
561 3902 642 3974 quae
658 3903 739 3954 eum
760 3882 978 3956 mortalitatis
1005 3891 1136 3956 nostrae
1157 3895 1277 3958 couta-

95 4030 99 4039 ·
196 4003 253 4095 gia
280 4003 290 4098 (
303 4005 396 4098 quod
417 4006 570 4098 prolecto
587 4027 656 4077 non
680 4006 856 4102 suspicor)
879 4007 1132 4091 retardassent,
1159 4008 1197 4079 in
1220 4009 1277 4081 via

196 4138 267 4212 est,
294 4138 330 4198 et
359 4129 426 4200 iam
454 4131 589 4201 solutus
609 4139 715 4223 atque
740 4132 853 4202 alacer
879 4130 1019 4202 festinat
1044 4131 1090 4203 ad
1115 4132 1275 4225 patriam.

197 4249 378 4333 Caeterum,
406 4251 618 4346 ubicumque
644 4262 708 4337 est
736 4273 830 4345 saepe
850 4253 895 4325 ad
914 4263 946 4325 te
971 4256 1091 4327 oculos
1116 4255 1275 4341 reflectit,

196 4382 340 4467 oratque
369 4397 413 4446 ne
442 4377 676 4450 felicissimam
709 4379 953 4475 profectionem
976 4381 1060 4451 eius
1085 4382 1278 4473 gemitibus

198 4493 266 4565 tuis
291 4494 468 4591 impedias.
495 4501 565 4572 Neo
597 4509 631 4572 te
660 4502 803 4575 videndi
823 4503 940 4573 fratris
966 4502 1182 4579 desiderium
1208 4516 1278 4579 tor-
