2692 5024
309 708 401 757 arnan
421 706 808 757 succinus-narsaeus
830 709 873 756 ru.
1093 696 1128 758 tt
1160 741 1162 745 -

52 858 176 928 collum
195 851 413 924 subduxisse
437 852 632 938 securibus
652 853 753 924 morti
774 865 981 946 praereptos,
1000 866 1037 927 et
1052 878 1133 949 pro-

54 974 207 1071 speritati
231 974 373 1045 eximiae
404 986 615 1047 reservatos.
644 975 754 1047 Nemo
785 998 938 1069 unquam
971 988 1040 1050 tam
1069 978 1135 1048 ini-

53 1122 122 1192 quo
142 1099 217 1169 loce
241 1096 360 1181 iacuit,
379 1107 418 1168 ut
434 1119 502 1168 nen
520 1098 552 1168 ei
569 1098 689 1169 liceret
704 1098 823 1170 oculos
841 1101 1012 1171 attollere:
1030 1123 1133 1173 neme

55 1231 123 1292 tam
140 1219 356 1312 deploratum
378 1239 494 1289 rerum
517 1241 659 1290 suarum
680 1218 769 1290 vidit
788 1219 939 1305 exitum,
961 1230 1001 1292 ut
1016 1220 1134 1313 prehi-

54 1342 196 1413 beretur
215 1361 356 1432 sperare
369 1339 522 1410 meliora.
541 1339 743 1411 Ciceronem
760 1339 807 1411 ab
822 1341 928 1412 exilio
953 1343 1063 1413 Roma
1079 1363 1135 1413 re-

56 1462 208 1537 vocavit:
228 1461 354 1533 diebus
381 1460 503 1554 paucis
527 1461 661 1553 egregii
684 1461 772 1534 civis
803 1465 990 1556 praesentia
1014 1486 1135 1536 carere

55 1587 118 1657 vix
131 1586 252 1680 potuit.
266 1584 459 1657 Revocavit
468 1594 504 1654 et
517 1585 707 1667 Metellum
724 1584 779 1657 eui
797 1608 876 1657 cum
890 1587 925 1657 in
939 1589 1135 1679 spectaculo

56 1705 226 1778 Trallibus
249 1705 385 1777 sedenti
406 1702 766 1777 honorificentissimae
782 1707 919 1792 litterae,
940 1720 1081 1781 senatus
1102 1720 1138 1780 et

56 1830 170 1923 populi
179 1830 324 1901 Romani
338 1828 486 1908 nomine,
495 1827 732 1914 redderentur,
746 1829 829 1900 nihil
844 1831 877 1900 in
892 1831 1044 1903 laetitiam
1058 1854 1139 1902 ver·

58 1972 134 2035 sus,
156 1951 278 2023 eedem
299 1952 398 2022 vultu
423 1949 500 2034 luit,
525 1970 596 2041 que
623 1951 751 2023 moenia
782 1952 878 2021 urbis
904 1954 1049 2024 exierat.
1076 1954 1138 2024 Vir

59 2095 123 2145 nee
148 2073 312 2165 digressu
338 2073 490 2156 fractior,
517 2094 582 2144 nee
607 2072 809 2146 insolentior
834 2074 960 2159 reditu,
987 2075 1055 2147 illie
1078 2098 1139 2169 pa-

59 2194 134 2266 triae
154 2196 262 2267 furori
282 2195 400 2280 cessit,
423 2193 480 2265 hic
500 2193 675 2265 desiderio
695 2194 825 2286 paruit;
847 2194 914 2267 illie
933 2198 1136 2280 modestus,

59 2316 116 2387 hie
133 2315 229 2406 pius:
247 2314 430 2409 utrobique
447 2314 693 2385 memorabilis.
712 2315 872 2386 lentavit
888 2317 961 2408 pari
978 2316 1139 2387 facilitate

60 2436 237 2517 Rutilium;
259 2436 324 2509 sed
343 2437 400 2508 ille
419 2436 539 2508 durior
559 2435 694 2521 mansit,
716 2448 751 2507 et
766 2437 911 2530 patriam
929 2436 1042 2508 reditu
1059 2458 1140 2507 cen-

10 2609 13 2620 .
61 2559 131 2630 suit
151 2559 329 2650 indignam
351 2581 425 2630 sue.
448 2560 579 2631 Eadem
599 2561 713 2631 fuerat
738 2581 815 2631 sors
840 2559 1009 2631 Marcelli:
1030 2580 1139 2630 even-

62 2690 117 2752 tus
134 2684 238 2773 longe
258 2681 364 2764 alius;
383 2680 459 2772 qui,
481 2681 565 2752 dum
586 2691 771 2753 revocatus
790 2703 811 2753 a
828 2682 979 2766 Caesare,
1003 2702 1140 2752 summe

61 2804 236 2877 desiderio
256 2804 426 2877 bonerum
447 2804 601 2874 omnium
619 2804 774 2889 rediens,
793 2804 828 2874 in
845 2805 982 2876 hostem
999 2803 1142 2876 incidis-

63 2939 126 3012 set,
144 2930 303 3000 ellectum
329 2938 399 3010 est,
422 2935 461 2999 ut
481 2926 517 2996 in
537 2930 649 2999 locum
675 2927 849 3020 perdulcis
869 2925 1137 3018 expectationis,

63 3051 223 3145 publicus
237 3052 348 3123 luctus
367 3049 555 3131 incederet;
572 3049 627 3119 eui
645 3059 790 3120 mertem
810 3059 922 3119 tamen
943 3048 1035 3118 illam
1052 3069 1143 3117 nun-

62 3196 168 3266 quam
200 3172 305 3244 exilio
336 3172 560 3244 difficiliorem
590 3169 700 3240 luisse
733 3168 949 3240 crediderim.
988 3169 1062 3239 Una
1086 3179 1141 3240 est

62 3294 154 3365 enim
175 3294 303 3377 virtus,
318 3314 412 3386 quae,
427 3292 535 3366 variis
553 3291 632 3362 lieet
649 3289 896 3384 asperitatibus
914 3287 1139 3383 perferendis

64 3415 196 3487 animos
217 3426 339 3500 armat,
360 3426 466 3508 atque
487 3413 636 3485 instruit.
656 3413 783 3485 Fuerat
802 3423 919 3484 autern
932 3413 989 3485 hic
1008 3413 1043 3485 in
1064 3413 1141 3485 exi-

64 3539 108 3611 lio
128 3539 219 3624 talis,
242 3548 281 3610 ut
300 3561 465 3630 magnum
484 3538 539 3609 sui
559 3536 734 3630 praeberet
753 3536 930 3621 indicium,
959 3536 1071 3629 qualis
1088 3537 1142 3604 lu-

65 3671 163 3732 turus
184 3672 279 3733 essct
298 3661 332 3729 in
352 3671 473 3732 morte.
492 3664 542 3733 De
561 3681 632 3754 que
653 3683 721 3731 nen
743 3659 864 3731 tacebo
881 3657 980 3750 quid,
1003 3657 1036 3725 in
1055 3655 1143 3726 libre

63 3784 107 3856 de
123 3785 252 3856 virtute
268 3785 314 3856 ad
334 3785 547 3869 Ciceronem,
567 3785 695 3854 Brutus
712 3785 831 3853 refert:
854 3779 988 3850 vidisse
1006 3798 1044 3846 se
1060 3797 1141 3845 eum

64 3905 225 3976 videlicet
243 3905 418 4000 Mitylenis
438 3906 578 3976 exulem
599 3915 669 3977 tam
689 3904 836 3974 infracto
856 3899 983 3980 anime,
1004 3907 1143 3987 tamque

64 4027 169 4098 avido
198 4027 367 4098 bonorum
399 4028 607 4111 studiorum,
635 4038 774 4118 tamque
813 4021 964 4113 denique
1002 4015 1143 4087 feliciter

67 4150 236 4243 beateque
256 4151 437 4245 disposite,
462 4161 588 4223 utnon
608 4149 665 4219 ille
686 4147 767 4229 sibi,
790 4142 951 4237 quamvis
970 4144 1072 4230 longe
1089 4161 1146 4210 re··

66 4273 214 4364 legatus,
231 4274 294 4345 sed
311 4274 385 4367 ipse
405 4272 520 4364 potius
541 4272 641 4352 exul,
663 4289 772 4359 quum
793 4264 838 4335 ab
853 4265 910 4334 ille
930 4263 1142 4346 discederet,

68 4393 257 4466 videretur.
290 4395 396 4469 Addit
426 4393 529 4464 etiam
564 4388 683 4461 Caium
711 4386 835 4458 lulium
860 4388 1057 4470 Caesarem,
1085 4385 1144 4478 qui

69 4515 185 4590 sibiet
205 4518 372 4590 exulandi
389 4526 510 4588 auctor
530 4515 654 4593 suerat,
676 4520 712 4582 et
732 4508 954 4602 postmodum
974 4507 1143 4580 redeundi
