<?xml version="1.0" encoding="UTF-8"?>
<!DOCTYPE html PUBLIC "-//W3C//DTD XHTML 1.0 Transitional//EN"
    "http://www.w3.org/TR/xhtml1/DTD/xhtml1-transitional.dtd">
<html xmlns="http://www.w3.org/1999/xhtml" xml:lang="en" lang="en">
 <head>
  <title>
</title>
<meta http-equiv="Content-Type" content="text/html;charset=utf-8" />
  <meta name='ocr-system' content='tesseract 3.04.00' />
  <meta name='ocr-capabilities' content='ocr_page ocr_carea ocr_par ocr_line ocrx_word'/>
</head>
<body>
  <div class='ocr_page' id='page_1' title='image "./epistolaederebu00fracgoog_0408.png"; bbox 0 0 2692 5024; ppageno 0'>
   <div class='ocr_carea' id='block_1_1' title="bbox 379 720 1204 790">
    <p class='ocr_par' dir='ltr' id='par_1_1' title="bbox 379 720 1204 790">
     <span class='ocr_line' id='line_1_1' title="bbox 379 720 1204 790; baseline 0.006 -11"><span class='ocrx_word' id='word_1_1' title='bbox 379 730 472 779; x_wconf 75' lang='lat' dir='ltr'><strong>arnan</strong></span> <span class='ocrx_word' id='word_1_2' title='bbox 492 730 861 790; x_wconf 76' lang='lat' dir='ltr'><strong>colorus-nrtsrona</strong></span> <span class='ocrx_word' id='word_1_3' title='bbox 883 733 944 783; x_wconf 79' lang='lat' dir='ltr'>xv1.</span> <span class='ocrx_word' id='word_1_4' title='bbox 1144 720 1204 785; x_wconf 70' lang='lat' dir='ltr'><strong>tto</strong></span> 
     </span>
    </p>
   </div>
   <div class='ocr_carea' id='block_1_2' title="bbox 130 875 1206 1097">
    <p class='ocr_par' dir='ltr' id='par_1_2' title="bbox 130 875 1206 1097">
     <span class='ocr_line' id='line_1_2' title="bbox 130 875 1204 973; baseline 0.005 -25"><span class='ocrx_word' id='word_1_5' title='bbox 130 878 208 948; x_wconf 81' lang='lat' dir='ltr'><strong>est?</strong></span> <span class='ocrx_word' id='word_1_6' title='bbox 223 875 361 960; x_wconf 89' lang='lat' dir='ltr'><strong>Sumus,</strong></span> <span class='ocrx_word' id='word_1_7' title='bbox 382 877 501 962; x_wconf 78' lang='lat' dir='ltr'><strong>fateor,</strong></span> <span class='ocrx_word' id='word_1_8' title='bbox 520 897 589 949; x_wconf 95' lang='lat' dir='ltr'><strong>non</strong></span> <span class='ocrx_word' id='word_1_9' title='bbox 609 898 694 969; x_wconf 80' lang='lat' dir='ltr'><strong>erga</strong></span> <span class='ocrx_word' id='word_1_10' title='bbox 714 885 853 950; x_wconf 88' lang='lat' dir='ltr'><strong>sanctes</strong></span> <span class='ocrx_word' id='word_1_11' title='bbox 874 886 1015 963; x_wconf 90' lang='lat' dir='ltr'><strong>tantum,</strong></span> <span class='ocrx_word' id='word_1_12' title='bbox 1038 877 1102 951; x_wconf 88' lang='lat' dir='ltr'><strong>sed</strong></span> <span class='ocrx_word' id='word_1_13' title='bbox 1120 901 1204 973; x_wconf 79' lang='lat' dir='ltr'><strong>erga</strong></span> 
     </span>
     <span class='ocr_line' id='line_1_3' title="bbox 131 996 1206 1097; baseline -0.001 -26"><span class='ocrx_word' id='word_1_14' title='bbox 131 1007 331 1071; x_wconf 85' lang='lat' dir='ltr'><strong>sanctorum</strong></span> <span class='ocrx_word' id='word_1_15' title='bbox 350 996 528 1070; x_wconf 89' lang='lat' dir='ltr'><strong>dominum</strong></span> <span class='ocrx_word' id='word_1_16' title='bbox 553 998 689 1091; x_wconf 79' lang='lat' dir='ltr'><strong>ingrati.</strong></span> <span class='ocrx_word' id='word_1_17' title='bbox 717 998 885 1084; x_wconf 88' lang='lat' dir='ltr'><strong>Quaenam</strong></span> <span class='ocrx_word' id='word_1_18' title='bbox 906 999 1115 1097; x_wconf 82' lang='lat' dir='ltr'>Hieronymo</span> <span class='ocrx_word' id='word_1_19' title='bbox 1134 1001 1206 1072; x_wconf 93' lang='lat' dir='ltr'><strong>sin-</strong></span> 
     </span>
    </p>
   </div>
   <div class='ocr_carea' id='block_1_3' title="bbox 127 1119 1265 4659">
    <p class='ocr_par' dir='ltr' id='par_1_3' title="bbox 127 1119 1265 4659">
     <span class='ocr_line' id='line_1_4' title="bbox 129 1119 1207 1215; baseline 0.005 -25"><span class='ocrx_word' id='word_1_20' title='bbox 129 1119 295 1213; x_wconf 76' lang='lat' dir='ltr'><strong>gularior,</strong></span> <span class='ocrx_word' id='word_1_21' title='bbox 327 1141 431 1212; x_wconf 89' lang='lat' dir='ltr'><strong>quam</strong></span> <span class='ocrx_word' id='word_1_22' title='bbox 462 1120 599 1192; x_wconf 81' lang='lat' dir='ltr'><strong>caeteris</strong></span> <span class='ocrx_word' id='word_1_23' title='bbox 629 1120 856 1215; x_wconf 74' lang='lat' dir='ltr'><strong>querimoniae</strong></span> <span class='ocrx_word' id='word_1_24' title='bbox 889 1142 996 1194; x_wconf 86' lang='lat' dir='ltr'><strong>causa</strong></span> <span class='ocrx_word' id='word_1_25' title='bbox 1028 1125 1107 1194; x_wconf 79' lang='lat' dir='ltr'><strong>est?</strong></span> <span class='ocrx_word' id='word_1_26' title='bbox 1135 1122 1207 1195; x_wconf 84' lang='lat' dir='ltr'><strong>Aut</strong></span> 
     </span>
     <span class='ocr_line' id='line_1_5' title="bbox 128 1243 1204 1339; baseline 0 -22"><span class='ocrx_word' id='word_1_27' title='bbox 128 1264 292 1337; x_wconf 74' lang='lat' dir='ltr'><strong>quaenam</strong></span> <span class='ocrx_word' id='word_1_28' title='bbox 314 1243 427 1337; x_wconf 93' lang='lat' dir='ltr'><strong>potius</strong></span> <span class='ocrx_word' id='word_1_29' title='bbox 453 1244 616 1316; x_wconf 90' lang='lat' dir='ltr'><strong>italorum</strong></span> <span class='ocrx_word' id='word_1_30' title='bbox 636 1244 752 1336; x_wconf 90' lang='lat' dir='ltr'><strong>culpa,</strong></span> <span class='ocrx_word' id='word_1_31' title='bbox 779 1244 1099 1339; x_wconf 17' lang='lat' dir='ltr'><strong>quamflhominum‘l</strong></span> <span class='ocrx_word' id='word_1_32' title='bbox 1118 1246 1204 1318; x_wconf 90' lang='lat' dir='ltr'><strong>Cum</strong></span> 
     </span>
     <span class='ocr_line' id='line_1_6' title="bbox 129 1365 1204 1462; baseline 0.004 -23"><span class='ocrx_word' id='word_1_33' title='bbox 129 1388 193 1439; x_wconf 86' lang='lat' dir='ltr'><strong>nec</strong></span> <span class='ocrx_word' id='word_1_34' title='bbox 212 1367 287 1459; x_wconf 89' lang='lat' dir='ltr'><strong>ipse</strong></span> <span class='ocrx_word' id='word_1_35' title='bbox 307 1367 413 1438; x_wconf 88' lang='lat' dir='ltr'><strong>ltalus</strong></span> <span class='ocrx_word' id='word_1_36' title='bbox 438 1365 586 1459; x_wconf 80' lang='lat' dir='ltr'><strong>origine,</strong></span> <span class='ocrx_word' id='word_1_37' title='bbox 608 1375 644 1438; x_wconf 86' lang='lat' dir='ltr'><strong>et</strong></span> <span class='ocrx_word' id='word_1_38' title='bbox 665 1367 795 1462; x_wconf 84' lang='lat' dir='ltr'><strong>saepius</strong></span> <span class='ocrx_word' id='word_1_39' title='bbox 821 1367 857 1439; x_wconf 94' lang='lat' dir='ltr'><strong>in</strong></span> <span class='ocrx_word' id='word_1_40' title='bbox 877 1367 1017 1442; x_wconf 86' lang='lat' dir='ltr'><strong>Oriente</strong></span> <span class='ocrx_word' id='word_1_41' title='bbox 1041 1379 1204 1443; x_wconf 87' lang='lat' dir='ltr'><strong>versatus</strong></span> 
     </span>
     <span class='ocr_line' id='line_1_7' title="bbox 129 1489 1207 1582; baseline 0.004 -21"><span class='ocrx_word' id='word_1_42' title='bbox 129 1490 198 1561; x_wconf 80' lang='lat' dir='ltr'><strong>sit?</strong></span> <span class='ocrx_word' id='word_1_43' title='bbox 221 1489 333 1561; x_wconf 85' lang='lat' dir='ltr'><strong>Versa</strong></span> <span class='ocrx_word' id='word_1_44' title='bbox 359 1498 403 1574; x_wconf 83' lang='lat' dir='ltr'><strong>te,</strong></span> <span class='ocrx_word' id='word_1_45' title='bbox 422 1499 528 1582; x_wconf 88' lang='lat' dir='ltr'><strong>pater,</strong></span> <span class='ocrx_word' id='word_1_46' title='bbox 546 1489 612 1563; x_wconf 91' lang='lat' dir='ltr'><strong>hac</strong></span> <span class='ocrx_word' id='word_1_47' title='bbox 636 1489 735 1576; x_wconf 84' lang='lat' dir='ltr'><strong>illao;</strong></span> <span class='ocrx_word' id='word_1_48' title='bbox 762 1491 863 1577; x_wconf 87' lang='lat' dir='ltr'><strong>ratio,</strong></span> <span class='ocrx_word' id='word_1_49' title='bbox 885 1502 926 1564; x_wconf 92' lang='lat' dir='ltr'><strong>ut</strong></span> <span class='ocrx_word' id='word_1_50' title='bbox 948 1490 1108 1579; x_wconf 80' lang='lat' dir='ltr'>arbitror,</span> <span class='ocrx_word' id='word_1_51' title='bbox 1135 1515 1207 1566; x_wconf 93' lang='lat' dir='ltr'><strong>non</strong></span> 
     </span>
     <span class='ocr_line' id='line_1_8' title="bbox 128 1612 1206 1710; baseline 0.002 -25"><span class='ocrx_word' id='word_1_52' title='bbox 128 1613 196 1685; x_wconf 87' lang='lat' dir='ltr'><strong>erit</strong></span> <span class='ocrx_word' id='word_1_53' title='bbox 215 1612 390 1685; x_wconf 89' lang='lat' dir='ltr'><strong>sufficiens</strong></span> <span class='ocrx_word' id='word_1_54' title='bbox 411 1612 559 1708; x_wconf 86' lang='lat' dir='ltr'><strong>probare</strong></span> <span class='ocrx_word' id='word_1_55' title='bbox 578 1614 674 1707; x_wconf 88' lang='lat' dir='ltr'><strong>quod</strong></span> <span class='ocrx_word' id='word_1_56' title='bbox 691 1614 852 1700; x_wconf 88' lang='lat' dir='ltr'><strong>intendis,</strong></span> <span class='ocrx_word' id='word_1_57' title='bbox 871 1614 939 1687; x_wconf 90' lang='lat' dir='ltr'><strong>nisi</strong></span> <span class='ocrx_word' id='word_1_58' title='bbox 958 1618 1060 1702; x_wconf 79' lang='lat' dir='ltr'><strong>sorte,</strong></span> <span class='ocrx_word' id='word_1_59' title='bbox 1077 1617 1137 1710; x_wconf 87' lang='lat' dir='ltr'><strong>qui</strong></span> <span class='ocrx_word' id='word_1_60' title='bbox 1150 1638 1206 1688; x_wconf 94' lang='lat' dir='ltr'><strong>ra-</strong></span> 
     </span>
     <span class='ocr_line' id='line_1_9' title="bbox 129 1722 1206 1834; baseline 0.004 -26"><span class='ocrx_word' id='word_1_61' title='bbox 129 1737 231 1809; x_wconf 88' lang='lat' dir='ltr'><strong>tionis</strong></span> <span class='ocrx_word' id='word_1_62' title='bbox 251 1738 329 1808; x_wconf 83' lang='lat' dir='ltr'><strong>vice</strong></span> <span class='ocrx_word' id='word_1_63' title='bbox 348 1738 517 1829; x_wconf 80' lang='lat' dir='ltr'><strong>iungitur,</strong></span> <span class='ocrx_word' id='word_1_64' title='bbox 535 1735 717 1810; x_wconf 89' lang='lat' dir='ltr'><strong>instinctus</strong></span> <span class='ocrx_word' id='word_1_65' title='bbox 739 1737 845 1810; x_wconf 90' lang='lat' dir='ltr'><strong>animi</strong></span> <span class='ocrx_word' id='word_1_66' title='bbox 859 1722 993 1825; x_wconf 80' lang='lat' dir='ltr'><strong>tacitus,</strong></span> <span class='ocrx_word' id='word_1_67' title='bbox 1012 1748 1048 1812; x_wconf 88' lang='lat' dir='ltr'><strong>et</strong></span> <span class='ocrx_word' id='word_1_68' title='bbox 1064 1740 1120 1834; x_wconf 91' lang='lat' dir='ltr'><strong>pia</strong></span> <span class='ocrx_word' id='word_1_69' title='bbox 1132 1763 1206 1812; x_wconf 90' lang='lat' dir='ltr'><strong>ma-</strong></span> 
     </span>
     <span class='ocr_line' id='line_1_10' title="bbox 129 1859 1207 1953; baseline 0.004 -22"><span class='ocrx_word' id='word_1_70' title='bbox 129 1860 184 1951; x_wconf 81' lang='lat' dir='ltr'><strong>gis</strong></span> <span class='ocrx_word' id='word_1_71' title='bbox 215 1882 320 1953; x_wconf 89' lang='lat' dir='ltr'><strong>quam</strong></span> <span class='ocrx_word' id='word_1_72' title='bbox 353 1859 569 1932; x_wconf 84' lang='lat' dir='ltr'><strong>examussim</strong></span> <span class='ocrx_word' id='word_1_73' title='bbox 602 1860 766 1932; x_wconf 88' lang='lat' dir='ltr'><strong>trutinata</strong></span> <span class='ocrx_word' id='word_1_74' title='bbox 794 1861 944 1934; x_wconf 89' lang='lat' dir='ltr'><strong>devotio.</strong></span> <span class='ocrx_word' id='word_1_75' title='bbox 977 1864 1108 1935; x_wconf 86' lang='lat' dir='ltr'><strong>Verum</strong></span> <span class='ocrx_word' id='word_1_76' title='bbox 1139 1862 1207 1935; x_wconf 89' lang='lat' dir='ltr'><strong>ista</strong></span> 
     </span>
     <span class='ocr_line' id='line_1_11' title="bbox 127 1982 1204 2078; baseline 0.004 -25"><span class='ocrx_word' id='word_1_77' title='bbox 127 1982 389 2077; x_wconf 74' lang='lat' dir='ltr'><strong>praetervehor:</strong></span> <span class='ocrx_word' id='word_1_78' title='bbox 410 1992 481 2053; x_wconf 89' lang='lat' dir='ltr'><strong>tam</strong></span> <span class='ocrx_word' id='word_1_79' title='bbox 502 2003 602 2054; x_wconf 94' lang='lat' dir='ltr'><strong>sacra</strong></span> <span class='ocrx_word' id='word_1_80' title='bbox 622 1984 715 2055; x_wconf 87' lang='lat' dir='ltr'><strong>anim</strong></span> <span class='ocrx_word' id='word_1_81' title='bbox 740 1984 880 2056; x_wconf 89' lang='lat' dir='ltr'><strong>nomina</strong></span> <span class='ocrx_word' id='word_1_82' title='bbox 900 1984 1204 2078; x_wconf 84' lang='lat' dir='ltr'><strong>disputatiunculis</strong></span> 
     </span>
     <span class='ocr_line' id='line_1_12' title="bbox 128 2102 1205 2201; baseline 0.001 -26"><span class='ocrx_word' id='word_1_83' title='bbox 128 2102 321 2197; x_wconf 85' lang='lat' dir='ltr'><strong>peccatoris</strong></span> <span class='ocrx_word' id='word_1_84' title='bbox 345 2102 541 2177; x_wconf 82' lang='lat' dir='ltr'><strong>obsolefieri</strong></span> <span class='ocrx_word' id='word_1_85' title='bbox 561 2129 602 2178; x_wconf 93' lang='lat' dir='ltr'><strong>ac</strong></span> <span class='ocrx_word' id='word_1_86' title='bbox 626 2104 883 2198; x_wconf 89' lang='lat' dir='ltr'><strong>quodammodo</strong></span> <span class='ocrx_word' id='word_1_87' title='bbox 899 2108 1079 2201; x_wconf 84' lang='lat' dir='ltr'><strong>profanari,</strong></span> <span class='ocrx_word' id='word_1_88' title='bbox 1099 2107 1205 2179; x_wconf 88' lang='lat' dir='ltr'><strong>sacri-</strong></span> 
     </span>
     <span class='ocr_line' id='line_1_13' title="bbox 127 2226 1206 2321; baseline 0.006 -25"><span class='ocrx_word' id='word_1_89' title='bbox 127 2226 219 2319; x_wconf 78' lang='lat' dir='ltr'><strong>legio</strong></span> <span class='ocrx_word' id='word_1_90' title='bbox 240 2226 451 2299; x_wconf 91' lang='lat' dir='ltr'><strong>simillimum</strong></span> <span class='ocrx_word' id='word_1_91' title='bbox 467 2249 557 2299; x_wconf 85' lang='lat' dir='ltr'><strong>reor.</strong></span> <span class='ocrx_word' id='word_1_92' title='bbox 576 2229 697 2321; x_wconf 88' lang='lat' dir='ltr'><strong>ltaque</strong></span> <span class='ocrx_word' id='word_1_93' title='bbox 714 2238 829 2300; x_wconf 87' lang='lat' dir='ltr'><strong>tacere</strong></span> <span class='ocrx_word' id='word_1_94' title='bbox 846 2229 913 2301; x_wconf 87' lang='lat' dir='ltr'><strong>ianr</strong></span> <span class='ocrx_word' id='word_1_95' title='bbox 932 2229 976 2302; x_wconf 88' lang='lat' dir='ltr'><strong>da</strong></span> <span class='ocrx_word' id='word_1_96' title='bbox 992 2229 1047 2302; x_wconf 90' lang='lat' dir='ltr'><strong>his</strong></span> <span class='ocrx_word' id='word_1_97' title='bbox 1067 2232 1206 2303; x_wconf 86' lang='lat' dir='ltr'><strong>oonsul-</strong></span> 
     </span>
     <span class='ocr_line' id='line_1_14' title="bbox 129 2348 1204 2447; baseline 0.003 -26"><span class='ocrx_word' id='word_1_98' title='bbox 129 2348 198 2422; x_wconf 93' lang='lat' dir='ltr'><strong>tius</strong></span> <span class='ocrx_word' id='word_1_99' title='bbox 231 2349 355 2421; x_wconf 87' lang='lat' dir='ltr'><strong>luerit:</strong></span> <span class='ocrx_word' id='word_1_100' title='bbox 380 2371 461 2422; x_wconf 91' lang='lat' dir='ltr'><strong>nam</strong></span> <span class='ocrx_word' id='word_1_101' title='bbox 486 2350 717 2444; x_wconf 89' lang='lat' dir='ltr'><strong>pretiosarum</strong></span> <span class='ocrx_word' id='word_1_102' title='bbox 737 2372 851 2423; x_wconf 86' lang='lat' dir='ltr'><strong>rorum</strong></span> <span class='ocrx_word' id='word_1_103' title='bbox 878 2351 1076 2425; x_wconf 82' lang='lat' dir='ltr'><strong>confricatio</strong></span> <span class='ocrx_word' id='word_1_104' title='bbox 1101 2364 1204 2447; x_wconf 86' lang='lat' dir='ltr'><strong>atque</strong></span> 
     </span>
     <span class='ocr_line' id='line_1_15' title="bbox 128 2473 1205 2568; baseline 0.002 -22"><span class='ocrx_word' id='word_1_105' title='bbox 128 2473 260 2546; x_wconf 86' lang='lat' dir='ltr'><strong>collisio</strong></span> <span class='ocrx_word' id='word_1_106' title='bbox 291 2473 486 2568; x_wconf 89' lang='lat' dir='ltr'><strong>periculosa</strong></span> <span class='ocrx_word' id='word_1_107' title='bbox 518 2482 583 2544; x_wconf 89' lang='lat' dir='ltr'><strong>est.</strong></span> <span class='ocrx_word' id='word_1_108' title='bbox 623 2473 678 2547; x_wconf 83' lang='lat' dir='ltr'><strong>Ad</strong></span> <span class='ocrx_word' id='word_1_109' title='bbox 709 2475 887 2547; x_wconf 86' lang='lat' dir='ltr'><strong>Platonem</strong></span> <span class='ocrx_word' id='word_1_110' title='bbox 925 2496 967 2548; x_wconf 89' lang='lat' dir='ltr'><strong>ao</strong></span> <span class='ocrx_word' id='word_1_111' title='bbox 1004 2476 1205 2548; x_wconf 88' lang='lat' dir='ltr'><strong>Ciceronem</strong></span> 
     </span>
     <span class='ocr_line' id='line_1_16' title="bbox 128 2595 1208 2693; baseline 0.004 -27"><span class='ocrx_word' id='word_1_112' title='bbox 128 2605 283 2679; x_wconf 89' lang='lat' dir='ltr'><strong>transeo;</strong></span> <span class='ocrx_word' id='word_1_113' title='bbox 295 2617 384 2689; x_wconf 87' lang='lat' dir='ltr'><strong>quos</strong></span> <span class='ocrx_word' id='word_1_114' title='bbox 398 2605 434 2667; x_wconf 92' lang='lat' dir='ltr'><strong>tu</strong></span> <span class='ocrx_word' id='word_1_115' title='bbox 448 2595 493 2666; x_wconf 93' lang='lat' dir='ltr'><strong>ob</strong></span> <span class='ocrx_word' id='word_1_116' title='bbox 505 2595 595 2668; x_wconf 88' lang='lat' dir='ltr'><strong>duas</strong></span> <span class='ocrx_word' id='word_1_117' title='bbox 613 2595 760 2683; x_wconf 80' lang='lat' dir='ltr'><strong>tabulas,</strong></span> <span class='ocrx_word' id='word_1_118' title='bbox 780 2619 915 2670; x_wconf 90' lang='lat' dir='ltr'><strong>morum</strong></span> <span class='ocrx_word' id='word_1_119' title='bbox 931 2597 1086 2671; x_wconf 86' lang='lat' dir='ltr'><strong>doctrina</strong></span> <span class='ocrx_word' id='word_1_120' title='bbox 1102 2607 1138 2669; x_wconf 90' lang='lat' dir='ltr'><strong>et</strong></span> <span class='ocrx_word' id='word_1_121' title='bbox 1156 2597 1208 2693; x_wconf 89' lang='lat' dir='ltr'><strong>(ut</strong></span> 
     </span>
     <span class='ocr_line' id='line_1_17' title="bbox 127 2698 1207 2818; baseline 0.002 -26"><span class='ocrx_word' id='word_1_122' title='bbox 127 2719 292 2792; x_wconf 62' lang='lat' dir='ltr'><strong>aeneia</strong></span> <span class='ocrx_word' id='word_1_123' title='bbox 305 2718 501 2791; x_wconf 71' lang='lat' dir='ltr'><strong>Macrobius</strong></span> <span class='ocrx_word' id='word_1_124' title='bbox 514 2698 1103 2818; x_wconf 75' lang='lat' dir='ltr'><strong>testaturltripartitaephilosophia</strong></span> <span class='ocrx_word' id='word_1_125' title='bbox 1117 2722 1207 2794; x_wconf 66' lang='lat' dir='ltr'><strong>ne</strong></span> 
     </span>
     <span class='ocr_line' id='line_1_18' title="bbox 131 2840 1207 2938; baseline 0.006 -27"><span class='ocrx_word' id='word_1_126' title='bbox 131 2840 255 2932; x_wconf 81' lang='lat' dir='ltr'><strong>gritate</strong></span> <span class='ocrx_word' id='word_1_127' title='bbox 266 2843 445 2934; x_wconf 86' lang='lat' dir='ltr'><strong>periectas,</strong></span> <span class='ocrx_word' id='word_1_128' title='bbox 455 2865 496 2915; x_wconf 91' lang='lat' dir='ltr'><strong>ao</strong></span> <span class='ocrx_word' id='word_1_129' title='bbox 508 2845 627 2937; x_wconf 82' lang='lat' dir='ltr'><strong>procul</strong></span> <span class='ocrx_word' id='word_1_130' title='bbox 635 2841 681 2917; x_wconf 93' lang='lat' dir='ltr'><strong>ab</strong></span> <span class='ocrx_word' id='word_1_131' title='bbox 692 2844 787 2916; x_wconf 91' lang='lat' dir='ltr'><strong>omni</strong></span> <span class='ocrx_word' id='word_1_132' title='bbox 799 2854 986 2918; x_wconf 86' lang='lat' dir='ltr'><strong>metrorum</strong></span> <span class='ocrx_word' id='word_1_133' title='bbox 995 2848 1074 2938; x_wconf 80' lang='lat' dir='ltr'><strong>lege</strong></span> <span class='ocrx_word' id='word_1_134' title='bbox 1087 2846 1122 2916; x_wconf 96' lang='lat' dir='ltr'><strong>in</strong></span> <span class='ocrx_word' id='word_1_135' title='bbox 1131 2866 1207 2917; x_wconf 88' lang='lat' dir='ltr'><strong>rne-</strong></span> 
     </span>
     <span class='ocr_line' id='line_1_19' title="bbox 131 2962 1204 3062; baseline 0.005 -28"><span class='ocrx_word' id='word_1_136' title='bbox 131 2962 197 3034; x_wconf 89' lang='lat' dir='ltr'><strong>diis</strong></span> <span class='ocrx_word' id='word_1_137' title='bbox 215 2963 361 3057; x_wconf 83' lang='lat' dir='ltr'><strong>politicae</strong></span> <span class='ocrx_word' id='word_1_138' title='bbox 374 2987 415 3036; x_wconf 88' lang='lat' dir='ltr'><strong>ac</strong></span> <span class='ocrx_word' id='word_1_139' title='bbox 428 2986 542 3037; x_wconf 89' lang='lat' dir='ltr'><strong>rerum</strong></span> <span class='ocrx_word' id='word_1_140' title='bbox 559 2966 777 3060; x_wconf 89' lang='lat' dir='ltr'><strong>publicarum</strong></span> <span class='ocrx_word' id='word_1_141' title='bbox 793 2966 891 3039; x_wconf 93' lang='lat' dir='ltr'><strong>libris</strong></span> <span class='ocrx_word' id='word_1_142' title='bbox 908 2969 1067 3053; x_wconf 86' lang='lat' dir='ltr'><strong>insertas,</strong></span> <span class='ocrx_word' id='word_1_143' title='bbox 1083 2982 1204 3062; x_wconf 86' lang='lat' dir='ltr'><strong>poetas</strong></span> 
     </span>
     <span class='ocr_line' id='line_1_20' title="bbox 130 3088 1206 3162; baseline 0.006 -6"><span class='ocrx_word' id='word_1_144' title='bbox 130 3088 244 3159; x_wconf 86' lang='lat' dir='ltr'><strong>lacere</strong></span> <span class='ocrx_word' id='word_1_145' title='bbox 263 3088 392 3160; x_wconf 84' lang='lat' dir='ltr'><strong>nitoris.</strong></span> <span class='ocrx_word' id='word_1_146' title='bbox 414 3089 558 3160; x_wconf 83' lang='lat' dir='ltr'><strong>Frustra</strong></span> <span class='ocrx_word' id='word_1_147' title='bbox 577 3089 773 3161; x_wconf 87' lang='lat' dir='ltr'><strong>Macrobius</strong></span> <span class='ocrx_word' id='word_1_148' title='bbox 795 3089 887 3161; x_wconf 88' lang='lat' dir='ltr'><strong>idem</strong></span> <span class='ocrx_word' id='word_1_149' title='bbox 912 3089 1034 3161; x_wconf 90' lang='lat' dir='ltr'><strong>ambos</strong></span> <span class='ocrx_word' id='word_1_150' title='bbox 1057 3100 1206 3162; x_wconf 86' lang='lat' dir='ltr'><strong>excusat</strong></span> 
     </span>
     <span class='ocr_line' id='line_1_21' title="bbox 133 3207 1205 3304; baseline 0.001 -22"><span class='ocrx_word' id='word_1_151' title='bbox 133 3209 304 3282; x_wconf 87' lang='lat' dir='ltr'><strong>adversus</strong></span> <span class='ocrx_word' id='word_1_152' title='bbox 329 3211 544 3295; x_wconf 85' lang='lat' dir='ltr'><strong>insultantes,</strong></span> <span class='ocrx_word' id='word_1_153' title='bbox 559 3231 627 3281; x_wconf 96' lang='lat' dir='ltr'><strong>non</strong></span> <span class='ocrx_word' id='word_1_154' title='bbox 647 3209 778 3282; x_wconf 86' lang='lat' dir='ltr'><strong>debere</strong></span> <span class='ocrx_word' id='word_1_155' title='bbox 794 3207 943 3281; x_wconf 82' lang='lat' dir='ltr'><strong>fabulam</strong></span> <span class='ocrx_word' id='word_1_156' title='bbox 961 3231 982 3282; x_wconf 93' lang='lat' dir='ltr'><strong>a</strong></span> <span class='ocrx_word' id='word_1_157' title='bbox 999 3207 1205 3304; x_wconf 87' lang='lat' dir='ltr'><strong>philosopho</strong></span> 
     </span>
     <span class='ocr_line' id='line_1_22' title="bbox 132 3328 1205 3424; baseline 0.001 -21"><span class='ocrx_word' id='word_1_158' title='bbox 132 3328 293 3424; x_wconf 81' lang='lat' dir='ltr'><strong>confingi.</strong></span> <span class='ocrx_word' id='word_1_159' title='bbox 312 3331 388 3423; x_wconf 81' lang='lat' dir='ltr'><strong>Ego</strong></span> <span class='ocrx_word' id='word_1_160' title='bbox 407 3330 548 3423; x_wconf 86' lang='lat' dir='ltr'><strong>quidem</strong></span> <span class='ocrx_word' id='word_1_161' title='bbox 572 3334 741 3424; x_wconf 79' lang='lat' dir='ltr'><strong>gratulor,</strong></span> <span class='ocrx_word' id='word_1_162' title='bbox 769 3342 805 3404; x_wconf 89' lang='lat' dir='ltr'><strong>et</strong></span> <span class='ocrx_word' id='word_1_163' title='bbox 828 3331 893 3404; x_wconf 91' lang='lat' dir='ltr'><strong>hos</strong></span> <span class='ocrx_word' id='word_1_164' title='bbox 919 3342 955 3404; x_wconf 89' lang='lat' dir='ltr'><strong>et</strong></span> <span class='ocrx_word' id='word_1_165' title='bbox 980 3330 1205 3405; x_wconf 74' lang='lat' dir='ltr'><strong>Aristotelem</strong></span> 
     </span>
     <span class='ocr_line' id='line_1_23' title="bbox 128 3453 1207 3551; baseline 0.004 -27"><span class='ocrx_word' id='word_1_166' title='bbox 128 3462 165 3525; x_wconf 87' lang='lat' dir='ltr'><strong>et</strong></span> <span class='ocrx_word' id='word_1_167' title='bbox 184 3454 349 3526; x_wconf 89' lang='lat' dir='ltr'><strong>Senecam</strong></span> <span class='ocrx_word' id='word_1_168' title='bbox 368 3465 402 3526; x_wconf 86' lang='lat' dir='ltr'><strong>et</strong></span> <span class='ocrx_word' id='word_1_169' title='bbox 418 3453 609 3527; x_wconf 88' lang='lat' dir='ltr'><strong>Varronem</strong></span> <span class='ocrx_word' id='word_1_170' title='bbox 627 3454 672 3551; x_wconf 80' lang='lat' dir='ltr'><strong>(si</strong></span> <span class='ocrx_word' id='word_1_171' title='bbox 689 3453 765 3528; x_wconf 87' lang='lat' dir='ltr'><strong>fieri</strong></span> <span class='ocrx_word' id='word_1_172' title='bbox 782 3453 905 3551; x_wconf 80' lang='lat' dir='ltr'><strong>possit)</strong></span> <span class='ocrx_word' id='word_1_173' title='bbox 920 3455 956 3527; x_wconf 94' lang='lat' dir='ltr'><strong>in</strong></span> <span class='ocrx_word' id='word_1_174' title='bbox 972 3456 1110 3550; x_wconf 77' lang='lat' dir='ltr'><strong>agmine</strong></span> <span class='ocrx_word' id='word_1_175' title='bbox 1122 3476 1207 3550; x_wconf 91' lang='lat' dir='ltr'><strong>poe·</strong></span> 
     </span>
     <span class='ocr_line' id='line_1_24' title="bbox 129 3578 1206 3679; baseline -0.001 -28"><span class='ocrx_word' id='word_1_176' title='bbox 129 3587 241 3651; x_wconf 88' lang='lat' dir='ltr'><strong>tarum</strong></span> <span class='ocrx_word' id='word_1_177' title='bbox 258 3599 426 3679; x_wconf 83' lang='lat' dir='ltr'><strong>¹cernere:</strong></span> <span class='ocrx_word' id='word_1_178' title='bbox 444 3578 540 3674; x_wconf 91' lang='lat' dir='ltr'><strong>quod</strong></span> <span class='ocrx_word' id='word_1_179' title='bbox 555 3581 642 3652; x_wconf 89' lang='lat' dir='ltr'><strong>lorte</strong></span> <span class='ocrx_word' id='word_1_180' title='bbox 659 3601 729 3651; x_wconf 95' lang='lat' dir='ltr'><strong>non</strong></span> <span class='ocrx_word' id='word_1_181' title='bbox 746 3579 898 3675; x_wconf 88' lang='lat' dir='ltr'><strong>ineptius</strong></span> <span class='ocrx_word' id='word_1_182' title='bbox 915 3580 960 3652; x_wconf 90' lang='lat' dir='ltr'><strong>de</strong></span> <span class='ocrx_word' id='word_1_183' title='bbox 976 3579 1102 3652; x_wconf 92' lang='lat' dir='ltr'><strong>horum</strong></span> <span class='ocrx_word' id='word_1_184' title='bbox 1118 3598 1206 3671; x_wconf 87' lang='lat' dir='ltr'><strong>quo-</strong></span> 
     </span>
     <span class='ocr_line' id='line_1_25' title="bbox 129 3700 1206 3797; baseline -0.003 -25"><span class='ocrx_word' id='word_1_185' title='bbox 129 3701 225 3787; x_wconf 88' lang='lat' dir='ltr'><strong>libet,</strong></span> <span class='ocrx_word' id='word_1_186' title='bbox 252 3723 358 3796; x_wconf 90' lang='lat' dir='ltr'><strong>quarn</strong></span> <span class='ocrx_word' id='word_1_187' title='bbox 383 3702 428 3774; x_wconf 86' lang='lat' dir='ltr'><strong>de</strong></span> <span class='ocrx_word' id='word_1_188' title='bbox 451 3703 591 3776; x_wconf 87' lang='lat' dir='ltr'><strong>Platone</strong></span> <span class='ocrx_word' id='word_1_189' title='bbox 616 3712 652 3774; x_wconf 89' lang='lat' dir='ltr'><strong>et</strong></span> <span class='ocrx_word' id='word_1_190' title='bbox 677 3702 788 3775; x_wconf 85' lang='lat' dir='ltr'><strong>Tullio</strong></span> <span class='ocrx_word' id='word_1_191' title='bbox 812 3703 880 3776; x_wconf 89' lang='lat' dir='ltr'><strong>dici</strong></span> <span class='ocrx_word' id='word_1_192' title='bbox 903 3711 1033 3797; x_wconf 86' lang='lat' dir='ltr'><strong>posset.</strong></span> <span class='ocrx_word' id='word_1_193' title='bbox 1058 3700 1145 3771; x_wconf 83' lang='lat' dir='ltr'><strong>Nam</strong></span> <span class='ocrx_word' id='word_1_194' title='bbox 1171 3707 1206 3773; x_wconf 86' lang='lat' dir='ltr'><strong>et</strong></span> 
     </span>
     <span class='ocr_line' id='line_1_26' title="bbox 128 3818 1206 3921; baseline -0.003 -27"><span class='ocrx_word' id='word_1_195' title='bbox 128 3822 333 3897; x_wconf 77' lang='lat' dir='ltr'><strong>Aristoteles</strong></span> <span class='ocrx_word' id='word_1_196' title='bbox 346 3824 515 3918; x_wconf 89' lang='lat' dir='ltr'><strong>poeticam</strong></span> <span class='ocrx_word' id='word_1_197' title='bbox 528 3826 573 3899; x_wconf 90' lang='lat' dir='ltr'><strong>de</strong></span> <span class='ocrx_word' id='word_1_198' title='bbox 582 3827 705 3921; x_wconf 89' lang='lat' dir='ltr'><strong>poetis,</strong></span> <span class='ocrx_word' id='word_1_199' title='bbox 719 3834 755 3898; x_wconf 88' lang='lat' dir='ltr'><strong>et</strong></span> <span class='ocrx_word' id='word_1_200' title='bbox 767 3826 878 3899; x_wconf 89' lang='lat' dir='ltr'><strong>Varro</strong></span> <span class='ocrx_word' id='word_1_201' title='bbox 891 3836 1086 3920; x_wconf 80' lang='lat' dir='ltr'><strong>satyrarum</strong></span> <span class='ocrx_word' id='word_1_202' title='bbox 1099 3818 1206 3892; x_wconf 91' lang='lat' dir='ltr'><strong>libros</strong></span> 
     </span>
     <span class='ocr_line' id='line_1_27' title="bbox 129 3946 1208 4044; baseline -0.006 -24"><span class='ocrx_word' id='word_1_203' title='bbox 129 3946 248 4020; x_wconf 87' lang='lat' dir='ltr'><strong>edidit.</strong></span> <span class='ocrx_word' id='word_1_204' title='bbox 262 3948 393 4022; x_wconf 88' lang='lat' dir='ltr'><strong>Seneca</strong></span> <span class='ocrx_word' id='word_1_205' title='bbox 412 3960 543 4037; x_wconf 88' lang='lat' dir='ltr'><strong>autern,</strong></span> <span class='ocrx_word' id='word_1_206' title='bbox 566 3949 771 4043; x_wconf 78' lang='lat' dir='ltr'><strong>tragoedias3</strong></span> <span class='ocrx_word' id='word_1_207' title='bbox 789 3971 870 4044; x_wconf 85' lang='lat' dir='ltr'><strong>quae</strong></span> <span class='ocrx_word' id='word_1_208' title='bbox 886 3947 980 4043; x_wconf 89' lang='lat' dir='ltr'><strong>apud</strong></span> <span class='ocrx_word' id='word_1_209' title='bbox 990 3952 1110 4039; x_wconf 88' lang='lat' dir='ltr'><strong>poetas</strong></span> <span class='ocrx_word' id='word_1_210' title='bbox 1126 3963 1208 4037; x_wconf 91' lang='lat' dir='ltr'><strong>pro-</strong></span> 
     </span>
     <span class='ocr_line' id='line_1_28' title="bbox 128 4070 1205 4167; baseline -0.004 -26"><span class='ocrx_word' id='word_1_211' title='bbox 128 4070 219 4144; x_wconf 86' lang='lat' dir='ltr'><strong>iecto</strong></span> <span class='ocrx_word' id='word_1_212' title='bbox 244 4074 300 4145; x_wconf 87' lang='lat' dir='ltr'><strong>vel</strong></span> <span class='ocrx_word' id='word_1_213' title='bbox 327 4073 475 4165; x_wconf 90' lang='lat' dir='ltr'><strong>primurn</strong></span> <span class='ocrx_word' id='word_1_214' title='bbox 500 4074 558 4145; x_wconf 89' lang='lat' dir='ltr'><strong>vel</strong></span> <span class='ocrx_word' id='word_1_215' title='bbox 577 4071 689 4165; x_wconf 90' lang='lat' dir='ltr'><strong>primo</strong></span> <span class='ocrx_word' id='word_1_216' title='bbox 713 4071 913 4167; x_wconf 82' lang='lat' dir='ltr'><strong>proximum</strong></span> <span class='ocrx_word' id='word_1_217' title='bbox 938 4072 1051 4141; x_wconf 91' lang='lat' dir='ltr'><strong>locum</strong></span> <span class='ocrx_word' id='word_1_218' title='bbox 1076 4076 1205 4138; x_wconf 90' lang='lat' dir='ltr'><strong>tenent.</strong></span> 
     </span>
     <span class='ocr_line' id='line_1_29' title="bbox 128 4187 1209 4290; baseline -0.008 -22"><span class='ocrx_word' id='word_1_219' title='bbox 128 4193 200 4268; x_wconf 84' lang='lat' dir='ltr'><strong>Sed</strong></span> <span class='ocrx_word' id='word_1_220' title='bbox 220 4216 292 4282; x_wconf 80' lang='lat' dir='ltr'><strong>cur,</strong></span> <span class='ocrx_word' id='word_1_221' title='bbox 311 4217 441 4290; x_wconf 84' lang='lat' dir='ltr'><strong>quaeso,</strong></span> <span class='ocrx_word' id='word_1_222' title='bbox 460 4216 530 4267; x_wconf 93' lang='lat' dir='ltr'><strong>non</strong></span> <span class='ocrx_word' id='word_1_223' title='bbox 542 4203 579 4266; x_wconf 87' lang='lat' dir='ltr'><strong>ct</strong></span> <span class='ocrx_word' id='word_1_224' title='bbox 597 4193 781 4267; x_wconf 80' lang='lat' dir='ltr'><strong>histriones</strong></span> <span class='ocrx_word' id='word_1_225' title='bbox 807 4193 940 4276; x_wconf 85' lang='lat' dir='ltr'><strong>iecisti;</strong></span> <span class='ocrx_word' id='word_1_226' title='bbox 957 4189 1120 4285; x_wconf 90' lang='lat' dir='ltr'><strong>quoniam</strong></span> <span class='ocrx_word' id='word_1_227' title='bbox 1145 4187 1209 4260; x_wconf 87' lang='lat' dir='ltr'><strong>ali-</strong></span> 
     </span>
     <span class='ocr_line' id='line_1_30' title="bbox 128 4295 1209 4413; baseline -0.006 -23"><span class='ocrx_word' id='word_1_228' title='bbox 128 4318 215 4413; x_wconf 90' lang='lat' dir='ltr'><strong>quid</strong></span> <span class='ocrx_word' id='word_1_229' title='bbox 246 4320 365 4393; x_wconf 83' lang='lat' dir='ltr'><strong>forsan</strong></span> <span class='ocrx_word' id='word_1_230' title='bbox 389 4318 425 4389; x_wconf 96' lang='lat' dir='ltr'><strong>in</strong></span> <span class='ocrx_word' id='word_1_231' title='bbox 450 4316 522 4389; x_wconf 93' lang='lat' dir='ltr'><strong>vita</strong></span> <span class='ocrx_word' id='word_1_232' title='bbox 547 4295 721 4388; x_wconf 53' lang='lat' dir='ltr'><strong>ludicrum¹</strong></span> <span class='ocrx_word' id='word_1_233' title='bbox 742 4314 909 4388; x_wconf 81' lang='lat' dir='ltr'><strong>dixerunt</strong></span> <span class='ocrx_word' id='word_1_234' title='bbox 940 4322 1000 4387; x_wconf 91' lang='lat' dir='ltr'><strong>aut</strong></span> <span class='ocrx_word' id='word_1_235' title='bbox 1031 4314 1209 4386; x_wconf 76' lang='lat' dir='ltr'><strong>iecerunt?</strong></span> 
     </span>
     <span class='ocr_line' id='line_1_31' title="bbox 128 4424 1265 4536; baseline -0.004 -24"><span class='ocrx_word' id='word_1_236' title='bbox 128 4442 325 4536; x_wconf 77' lang='lat' dir='ltr'><strong>prasertim</strong></span> <span class='ocrx_word' id='word_1_237' title='bbox 343 4439 484 4527; x_wconf 86' lang='lat' dir='ltr'><strong>Tullius,</strong></span> <span class='ocrx_word' id='word_1_238' title='bbox 498 4438 599 4511; x_wconf 91' lang='lat' dir='ltr'><strong>ouius</strong></span> <span class='ocrx_word' id='word_1_239' title='bbox 616 4447 688 4510; x_wconf 90' lang='lat' dir='ltr'><strong>tam</strong></span> <span class='ocrx_word' id='word_1_240' title='bbox 703 4439 812 4512; x_wconf 91' lang='lat' dir='ltr'><strong>multa</strong></span> <span class='ocrx_word' id='word_1_241' title='bbox 823 4458 905 4534; x_wconf 77' lang='lat' dir='ltr'><strong>quaa</strong></span> <span class='ocrx_word' id='word_1_242' title='bbox 917 4437 1027 4513; x_wconf 91' lang='lat' dir='ltr'><strong>risum</strong></span> <span class='ocrx_word' id='word_1_243' title='bbox 1043 4445 1210 4511; x_wconf 81' lang='lat' dir='ltr'><strong>moveant</strong></span> <span class='ocrx_word' id='word_1_244' title='bbox 1262 4424 1265 4428; x_wconf 39' lang='lat'><strong>⁴</strong></span> 
     </span>
     <span class='ocr_line' id='line_1_32' title="bbox 131 4558 1208 4659; baseline -0.004 -22"><span class='ocrx_word' id='word_1_245' title='bbox 131 4565 258 4659; x_wconf 85' lang='lat' dir='ltr'><strong>scripta</strong></span> <span class='ocrx_word' id='word_1_246' title='bbox 279 4562 415 4639; x_wconf 91' lang='lat' dir='ltr'><strong>suntin</strong></span> <span class='ocrx_word' id='word_1_247' title='bbox 435 4559 691 4649; x_wconf 84' lang='lat' dir='ltr'><strong>Saturnalibus,</strong></span> <span class='ocrx_word' id='word_1_248' title='bbox 707 4584 789 4638; x_wconf 86' lang='lat' dir='ltr'><strong>oum</strong></span> <span class='ocrx_word' id='word_1_249' title='bbox 808 4572 845 4637; x_wconf 86' lang='lat' dir='ltr'><strong>at</strong></span> <span class='ocrx_word' id='word_1_250' title='bbox 864 4561 945 4639; x_wconf 84' lang='lat' dir='ltr'><strong>liro</strong></span> <span class='ocrx_word' id='word_1_251' title='bbox 962 4560 1108 4638; x_wconf 83' lang='lat' dir='ltr'><strong>libertus</strong></span> <span class='ocrx_word' id='word_1_252' title='bbox 1131 4558 1208 4635; x_wconf 85' lang='lat' dir='ltr'><strong>aius</strong></span> 
     </span>
    </p>
   </div>
   <div class='ocr_carea' id='block_1_4' title="bbox 0 0 1351 5024">
    <p class='ocr_par' dir='ltr' id='par_1_4' title="bbox 0 0 1351 5024">
     <span class='ocr_line' id='line_1_33' title="bbox 0 0 1351 5024; baseline 0 0"><span class='ocrx_word' id='word_1_253' title='bbox 0 0 1351 5024; x_wconf 95' lang='lat' dir='ltr'><strong> </strong></span> 
     </span>
    </p>
   </div>
  </div>
 </body>
</html>
