2692 5024
210 688 271 751 360
543 692 587 743 Μ
606 690 709 743 mu!
728 686 954 741 tammus
1029 686 1032 691 ’

209 852 345 943 partem
364 841 433 915 iste
450 849 568 913 tantas
586 836 650 911 Dei
668 836 770 909 lavor
787 836 898 907 multo
921 831 1134 929 propensior
1158 834 1297 909 futurus

209 966 337 1042 esset?
354 962 481 1037 Confer
498 960 593 1034 enim
611 980 691 1033 enm
711 956 770 1031 bis
788 954 902 1029 tribus
922 954 1070 1029 senibus
1092 966 1167 1029 tam
1190 958 1299 1033 lamo·

211 1091 275 1177 sis,
294 1084 447 1180 eamque
465 1081 628 1157 omnibus
652 1082 789 1153 illorum
815 1078 984 1174 gregibus
1009 1086 1120 1175 atqtm
1143 1080 1298 1175 ooniugi·

210 1213 295 1299 bus,
320 1220 393 1283 tres
412 1205 593 1280 immensis
621 1202 839 1277 exercitibus
861 1201 1036 1276 subnixos
1060 1202 1298 1277 Romanorum

209 1336 335 1419 duoes3
347 1329 544 1427 Scipionem
563 1326 762 1401 Alsiensem
778 1324 981 1399 Hannibalis
994 1346 1130 1399 oomua
1149 1326 1299 1399 oonlrin·

211 1465 365 1552 gentem,
385 1461 424 1524 et
441 1450 624 1523 ermanno
642 1450 727 1544 ingo
750 1448 948 1544 imperiosae
966 1446 1201 1561 Carthaginis
1219 1450 1297 1524 oulb

212 1576 443 1658 subdentem
468 1573 635 1667 Magnum
655 1570 860 1666 Pompeium
877 1571 914 1643 in
935 1572 1183 1668 septentrione
1202 1582 1295 1671 atqar

212 1698 297 1772 Asia
317 1703 510 1781 mirantem,
544 1704 581 1768 et
604 1716 676 1769 non
695 1696 785 1768 laete
810 1694 876 1769 sed
898 1714 987 1767 auro
1011 1694 1150 1789 repleta
1177 1695 1295 1791 pubis,

211 1820 394 1919 nuptisque
407 1841 479 1893 non
494 1818 614 1891 ovium
629 1816 694 1891 sed
705 1840 830 1913 regum
841 1816 1021 1911 gregibus,
1040 1839 1064 1890 a
1083 1819 1183 1891 mari
1203 1818 1297 1893 rubro

214 1946 261 2021 ad
281 1942 465 2018 Meotidas
495 1938 640 2039 putueo
669 1939 929 2035 Rhipbrsosqne
960 1948 1099 2011 montes
1133 1942 1296 2015 univesa

214 2070 421 2151 caleantem3
447 2064 569 2139 lulium
590 2065 765 2137 Caesarem
790 2062 826 2133 in
849 2058 968 2134 Galliis
988 2060 1097 2155 atqn'e
1116 2061 1297 2137 Germania

214 2192 465 2277 fulminantem,
482 2188 757 2284 perrlomitisque
777 2185 954 2273 hostibus,
971 2184 1017 2259 nd
1032 2186 1299 2279 postremnmin

216 2317 354 2387 viscera
372 2312 497 2409 putris
515 2312 671 2385 victricia
691 2310 761 2409 pilu
779 2308 986 2393 vertentem,
1020 2306 1217 2404 ipsamque
1234 2318 1298 2383 tun

81 2518 87 2531 ,
217 2436 381 2532 gentibus
399 2436 625 2537 imperantem
638 2436 797 2517 Romam,
818 2441 855 2504 et
874 2432 908 2502 in
928 2452 972 2502 ea
991 2439 1175 2504 terrarum
1188 2433 1298 2507 orben

218 2562 320 2633 unioo
340 2558 543 2630 Thessalico
555 2556 674 2651 praelio
695 2556 903 2628 vincentem.
917 2556 1054 2640 Quanta
1066 2557 1222 2650 quidem
1234 2559 1299 2629 bet

220 2684 266 2756 sit
283 2681 461 2775 imparitas
474 2702 592 2753 rerum
609 2680 722 2752 vides.
735 2681 875 2751 Poterat
885 2678 1087 2751 nasciturus
1100 2702 1152 2751 ex
1168 2681 1300 2755 bomine

220 2807 282 2880 Ilei
302 2805 424 2887 Filius,
446 2804 502 2875 vel
522 2824 571 2873 ex
603 2802 659 2873 bis
692 2802 803 2888 nasei,
838 2804 895 2873 vel
919 2822 981 2875 eos
1007 2800 1106 2894 ipsos
1131 2824 1157 2874 e
1178 2804 1300 2899 quibus

219 2931 316 3003 nasei
342 2927 562 3012 decreverat,
596 2927 682 2998 tales
715 2928 838 2999 laoere.
871 2926 1006 3019 Quippe
1038 2926 1101 3019 qui
1135 2937 1300 3024 utrosque

219 3060 413 3135 creaverat,
427 3060 562 3148 poterat
574 3071 643 3122 non
654 3048 769 3121 David
781 3049 816 3119 in
833 3048 995 3140 angustis
1012 3048 1148 3122 ludaeae
1166 3050 1297 3133 linibus

222 3176 285 3248 sed
307 3175 506 3268 Augustum
531 3175 568 3244 in
592 3183 663 3245 toto
687 3171 771 3245 orbe
795 3181 998 3266 regnantem
1023 3171 1160 3245 habere
1189 3175 1299 3271 stirpis

221 3308 418 3381 auctorem3
443 3300 500 3370 vel
525 3296 637 3368 David
663 3297 776 3391 ipsum
802 3305 934 3366 tantum
966 3294 1161 3391 prinoipem
1195 3300 1300 3371 lsoee

220 3430 391 3514 quantum
404 3421 483 3492 feeit
496 3419 706 3512 Augustum.
724 3420 863 3490 Poterat
878 3440 946 3489 non
966 3416 1002 3487 in
1021 3417 1208 3493 Bethleem
1229 3422 1300 3493 vieo

220 3542 366 3635 exiguo,
389 3543 451 3615 sed
471 3545 604 3625 Romae,
624 3542 679 3613 oui
697 3541 815 3614 ludaea
836 3540 926 3612 inter
942 3549 1091 3613 oaeteras
1112 3544 1298 3626 serviebat

222 3676 258 3737 et
275 3667 311 3736 in
328 3666 483 3737 thalamo
503 3686 609 3736 aureo
628 3663 740 3748 nasei,
767 3685 836 3735 non
859 3662 897 3733 in
915 3662 1062 3735 stabulo.
1080 3664 1228 3740 Poterat
1244 3688 1300 3739 na·

223 3798 289 3874 tus,
304 3788 360 3861 cui
372 3789 499 3860 eoelum
519 3786 622 3858 sedes
638 3798 711 3871 est,
730 3787 822 3856 cuins
835 3796 866 3857 et
879 3797 968 3856 terro
984 3796 1016 3854 et
1031 3786 1210 3877 plenitudo
1226 3792 1299 3870 eiru,

223 3934 293 3984 non
312 3911 347 3983 in
369 3933 508 3984 summa
529 3911 706 4004 pauperie,
722 3909 834 3982 sedin
848 3908 993 4012 summis
1013 3908 1150 3982 deliciis
1171 3911 1300 3985 enutri

222 4037 274 4118 ri;
297 4035 365 4107 nisi
389 4035 483 4129 quod
508 4025 721 4105 nobilitatem
753 4041 790 4104 et
817 4031 959 4104 delicias
993 4040 1136 4105 nostras
1158 4036 1298 4130 spernit

223 4157 359 4230 Utinam
371 4166 408 4229 et
418 4180 487 4229 non
504 4157 633 4229 oderit!
653 4157 834 4230 Postremo
851 4165 998 4250 poterat,
1017 4155 1078 4249 qai
1089 4157 1123 4228 ei
1138 4160 1300 4233 suoeede

223 4292 301 4353 rent
318 4302 491 4373 suumque
509 4302 635 4352 nomen
655 4278 819 4373 gentibus
844 4276 1088 4373 predicarent,
1110 4279 1300 4377 discipulos

223 4399 289 4471 eibi
307 4400 491 4489 litteratos,
514 4425 556 4477 ae
571 4400 736 4499 potentes
751 4422 866 4494 reges,
887 4410 1117 4494 oratoresque
1136 4410 1175 4474 et
1194 4403 1301 4498 pbilo-

224 4520 368 4614 sophos3
380 4546 450 4596 non
468 4525 673 4620 pisentores,
694 4525 857 4609 mstioos,
876 4524 997 4618 inopes
1011 4535 1050 4597 et
1066 4523 1302 4603 indoctosot'r
