2692 5024
127 677 156 723 ll'
538 675 801 726 Puouueolllluorv.

127 832 202 894 quas
221 814 294 876 Sim
312 813 402 874 titulo
422 812 545 893 reliquit
562 820 592 876 et
612 816 785 895 complures
807 816 872 880 aliae
900 818 1063 882 Variacum
1083 823 1206 885 nomine

126 925 193 1003 plus
210 922 277 982 vice
294 918 425 998 simplici
443 918 473 979 iu
491 919 601 996 vulqus
621 919 807 998 prodierint:
835 937 943 984 earum
962 940 1054 1001 vero,
1071 942 1141 1004 quae
1162 929 1207 988 lie

126 1027 216 1089 rebus
236 1023 440 1101 familiaribus
457 1030 543 1100 sunt,
560 1023 695 1087 maxima
712 1041 782 1103 pars
798 1025 879 1089 inter
897 1027 1023 1093 ineditas
1041 1031 1207 1110 scripturas

127 1130 157 1191 in
175 1127 364 1193 bibuntuecis
381 1128 477 1191 adhuc
494 1129 592 1193 abdita
609 1126 769 1192 delitescat.
788 1128 846 1192 Sed
859 1131 896 1193 de
909 1130 964 1193 hac
978 1132 1129 1195 editarum
1146 1134 1206 1196 ine-

127 1235 321 1312 ditarumque
342 1232 531 1297 distinctione
556 1249 656 1311 opcrae
683 1233 819 1312 pretium
841 1241 887 1295 est
908 1236 1080 1300 accuratius
1107 1254 1206 1316 agere.

127 1341 224 1420 thue
244 1355 284 1402 ex
304 1338 410 1400 ordine
430 1352 479 1399 res
499 1336 645 1399 universa
663 1336 848 1415 explicetur,
869 1339 901 1401 id
922 1339 1059 1418 primum
1077 1347 1207 1404 statuen-

127 1447 201 1508 dum
216 1444 304 1507 uobis
320 1443 393 1519 erit,
415 1447 490 1519 quot
511 1440 542 1502 in
564 1441 683 1520 singula
704 1442 861 1506 volumina
889 1443 1087 1523 epistolarum
1114 1446 1208 1510 libros

127 1555 233 1611 auctor
248 1547 312 1626 ipse
327 1544 575 1608 coacervaverit:
598 1553 673 1624 quot
694 1547 803 1611 deinde
819 1563 859 1610 ox
880 1547 919 1610 iis
941 1549 1109 1628 prodierint
1129 1552 1208 1631 typis

128 1651 159 1712 in
175 1650 285 1728 vulgus
302 1649 393 1713 editi:
412 1650 533 1714 taudem
550 1650 604 1729 qui
619 1650 690 1727 sint,
703 1651 816 1729 ubique
826 1661 1024 1717 asserventur
1032 1655 1151 1720 codices
1161 1672 1207 1719 ce-

126 1755 272 1818 lebriores
289 1754 454 1833 exquibus
471 1754 568 1818 adhuc
584 1755 705 1820 medita
720 1771 738 1819 a
754 1756 843 1821 nobis
860 1759 975 1822 luerint
996 1755 1207 1841 depromptae.¹

206 1857 368 1935 unumque
383 1857 470 1920 nobis
487 1858 526 1920 sit
542 1859 579 1922 de
596 1858 634 1922 iis
652 1861 840 1924 enucleatius
856 1864 1008 1940 agendum
1024 1881 1094 1943 quae
1106 1865 1206 1927 llere-

126 1966 179 2029 bus
195 1964 400 2046 familiaribus
417 1964 640 2043 inscribuntur,
656 1967 808 2044 breviter,
825 1968 1012 2048 inversoque
1034 1971 1142 2036 ordine
1158 1987 1206 2033 su·

125 2068 255 2148 periuri,
272 2070 309 2133 de
325 2068 423 2131 tribus
440 2070 507 2132 aliis
524 2071 722 2148 epistolarum
738 2073 896 2151 speciebus
913 2080 958 2134 sat
980 2076 1038 2134 erit
1058 2076 1205 2136 innuere:

125 2175 274 2239 Seruilium
288 2192 350 2252 non
362 2176 491 2255 amplius
508 2178 723 2256 septemdecim
739 2178 833 2242 libros
849 2180 898 2240 rei
914 2178 1070 2242 litteraria
1087 2180 1206 2242 histori-

126 2282 170 2344 cis
186 2280 371 2355 innotuisse,
389 2294 503 2357 eosque
522 2280 657 2357 integros
674 2280 790 2359 pluries
807 2281 922 2344 iamdiu
940 2280 1019 2359 typis
1031 2283 1127 2346 fuisse
1141 2285 1206 2347 vul·

126 2395 225 2464 gatos:
249 2385 413 2448 Variacum
428 2383 553 2446 nomine
570 2385 663 2448 modo
680 2401 810 2447 numero
822 2387 935 2465 plures,
946 2387 1037 2449 modo
1047 2389 1207 2466 pauciores

127 2490 222 2553 editas
239 2489 352 2551 luisse:
380 2503 490 2550 earum
516 2495 617 2551 tamen
638 2490 796 2551 nonnullas
816 2504 977 2568 perperam
999 2490 1077 2553 inter
1099 2492 1207 2554 Varius

127 2589 292 2670 recenseri,
309 2608 407 2672 quum
427 2592 459 2654 in
480 2592 641 2657 Codicibus
663 2592 742 2655 inter
762 2609 813 2656 eas
833 2594 1029 2656 inveniantur
1048 2612 1118 2674 quae
1138 2605 1208 2658 sunt

128 2702 171 2763 De
199 2700 289 2762 rebus
317 2697 524 2779 familiaribus
533 2721 545 2772 ,·
571 2697 702 2785 ideoque
727 2713 784 2760 suo
813 2699 874 2762 sint
905 2699 970 2761 loco
1002 2701 1206 2765 restituendae.

127 2806 236 2868 Extant
252 2809 352 2866 tamen
370 2809 400 2865 et
416 2808 541 2864 manent
556 2802 653 2864 adbuc
665 2801 787 2865 inedita
798 2801 902 2880 plures
914 2803 1062 2882 epistolae,
1075 2822 1208 2884 quarum

128 2911 193 2973 aliae
209 2908 309 2971 habita
326 2907 444 2970 ratione
461 2907 608 2987 temporis
625 2923 686 2985 quo
705 2907 824 2984 scriptae
841 2908 929 2969 luere
946 2908 1025 2971 inter
1037 2909 1153 2974 Seailes
1166 2911 1206 2974 lo-

127 3031 200 3078 cum
221 3011 333 3076 merito
354 3010 539 3086 obtinerent,
560 3010 625 3073 aliae
651 3011 760 3073 eodem
777 3018 916 3091 respectu
933 3012 1011 3075 inter
1027 3014 1208 3077 Familiares

129 3124 231 3182 essent
259 3117 460 3179 recensendae.
494 3114 596 3186 Quum
629 3131 704 3178 vero
739 3116 819 3178 inter
850 3116 905 3180 bas
935 3118 1029 3180 locari
1058 3125 1209 3196 nequeant

131 3223 228 3284 invito
245 3228 383 3295 auctore,
406 3219 460 3297 qui
480 3221 583 3283 locum
604 3220 684 3281 inter
705 3236 756 3282 eas
778 3237 912 3294 vacuum
933 3222 1049 3284 nullum
1070 3220 1207 3299 reliquit,

192 3469 199 3500 ¹
216 3465 478 3516 mancaepammus
499 3467 600 3526 littera,
620 3471 744 3529 quotquot
764 3466 797 3515 ab
815 3477 846 3514 eo
864 3475 924 3513 vere
942 3461 1048 3512 dictatas
1058 3460 1150 3512 eruditi
1162 3461 1209 3510 viri

129 3551 300 3611 agnoverunt,
313 3557 402 3596 omues
414 3545 491 3595 latino
503 3558 621 3596 sermone
633 3553 692 3596 sunt
704 3552 820 3596 exaratae.
834 3545 861 3594 Si
871 3557 935 3607 quas
951 3543 1046 3606 vulgari
1057 3543 1141 3606 lingua
1154 3543 1209 3605 ipse

130 3627 286 3691 composuit,
303 3639 389 3677 earum
401 3640 452 3675 nou
464 3625 545 3676 solum
556 3628 711 3691 autographa
724 3626 854 3690 quaelibet,
867 3625 912 3675 sed
925 3631 951 3675 et
962 3624 1102 3688 apographa
1116 3623 1165 3674 lide
1173 3622 1210 3672 di·

129 3722 177 3772 gna
189 3708 262 3759 uobis
272 3707 362 3758 invidit
373 3712 442 3756 atas.
456 3706 497 3755 Sic
508 3719 583 3756 nemo
595 3719 645 3755 non
659 3706 826 3769 apocrypham
839 3706 910 3756 durit
922 3705 1057 3756 litterulam
1069 3704 1138 3754 illam
1154 3712 1210 3765 quae

130 3788 229 3838 cuidam
238 3787 371 3838 Leonardo
383 3786 560 3837 Beccamuccio
571 3786 691 3849 inscripta
702 3786 794 3849 legitur
804 3787 831 3836 in
844 3785 893 3836 line
906 3785 1018 3850 Operum
1034 3785 1095 3835 edit.
1108 3780 1210 3830 Badiam

130 3879 196 3917 anuo
208 3869 281 3926 1554,
297 3867 369 3918 cuius
379 3868 400 3917 si
412 3867 497 3916 stilum
517 3866 677 3928 consideres,
694 3879 750 3916 eam
769 3866 846 3918 dubio
865 3866 951 3930 procul
968 3865 1044 3929 longe
1060 3867 1118 3926 post
1134 3872 1211 3909 saecu·

129 3947 182 3997 lum
193 3946 247 3996 xlv
258 3947 378 4012 scriptam
389 3947 521 3998 iudicabis.
535 3947 601 3997 lluas
617 3947 681 3998 alias
693 3951 768 3997 aetate
782 3947 830 3997 bac
842 3953 929 3998 nostra
943 3945 1046 4009 protulit
1057 3943 1083 3992 iu
1100 3940 1211 3991 medium

130 4028 184 4092 Upo
193 4026 325 4088 Foscolus;
339 4035 472 4092 utramque
488 4034 573 4077 umen
592 4026 776 4091 supposititiam
789 4032 815 4076 et
828 4026 915 4076 lalsam
929 4025 1052 4075 Antonius
1067 4020 1212 4085 lisnegbel-

130 4104 180 4157 lius
191 4104 387 4167 demonstravit,
398 4107 470 4156 ouius
482 4104 684 4156 ineluctabilibus
699 4105 856 4169 argumentis
869 4117 926 4154 cum
935 4103 1075 4153 rationibus
1086 4099 1210 4164 nequiret,

130 4185 250 4237 convicds
257 4185 353 4237 obstitit
361 4185 490 4245 Foscolus‚
501 4187 561 4249 quin
569 4191 652 4236 umen
661 4185 788 4235 educeret
798 4184 897 4234 litteras
908 4184 965 4235 illas
972 4197 1022 4234 nou
1030 4181 1128 4245 vulgari
1136 4180 1211 4230 modo

130 4267 177 4317 sed
188 4266 247 4317 rudi
258 4271 284 4317 et
296 4267 438 4318 incorrecto
450 4279 567 4318 sermone
578 4265 731 4330 compositas
741 4278 756 4316 a
770 4265 886 4316 Peirsrca
898 4264 990 4314 missas
999 4261 1077 4311 luisse
1088 4259 1211 4322 Episcopo

131 4347 305 4399 Lomberieusl
315 4349 355 4399 vel
371 4349 526 4399 lveuiouem
540 4361 606 4399 anno
617 4347 689 4409 ¹338,
702 4358 754 4410 quo
768 4352 837 4396 certo
849 4344 944 4395 certius
960 4338 1055 4390 Praesul
1070 4338 1113 4388 illa
1127 4338 1212 4387 Roma

130 4427 261 4489 manebat,
275 4429 316 4479 vel
328 4428 434 4479 Romam
446 4442 514 4479 anno
528 4427 597 4488 lali,
611 4425 678 4478 unde
697 4427 740 4478 ille
755 4426 850 4477 iamdiu
866 4425 1018 4475 discesserat
1028 4418 1211 4471 reversurusiu

130 4509 285 4561 vasconiam.
300 4510 469 4574 (Memabelli,
483 4509 570 4574 Opere.
584 4508 700 4568 Paricea,
715 4505 793 4564 luel,
811 4504 863 4556 l'ol.
877 4504 906 4564 6,
917 4515 974 4564 pap.
990 4498 1057 4562 loe.)
