2692 5024
418 703 511 753 urana
533 704 890 755 neamus-arrarum
914 710 944 756 x.
970 738 974 748 .
1155 696 1208 757 tot

132 846 289 939 cogimur
313 848 350 917 in
374 847 517 932 nostris,
546 869 626 941 quae
649 870 713 921 nos
740 847 861 920 beatos
887 870 1061 922 essenon
1087 852 1211 924 sinant.

131 971 229 1041 Felix
249 969 330 1040 hinc
350 968 495 1042 abiisset
515 970 687 1055 Priamus,
711 973 794 1043 lelix
814 973 952 1058 Peleus,
974 974 1055 1045 felix
1075 975 1211 1059 Nestor,

131 1094 161 1163 si
181 1091 271 1162 filios
293 1092 566 1185 praecessissent.
592 1094 638 1165 Et
659 1093 710 1189 (ut
729 1094 871 1166 alterins
893 1096 1031 1187 generis
1053 1101 1213 1192 exempla

129 1237 200 1286 uon
220 1215 349 1309 desint)
370 1238 440 1287 non
462 1216 636 1288 Socratem
657 1229 852 1291 venenatus
866 1219 969 1305 calix,
989 1243 1059 1293 non
1076 1221 1213 1314 Euripi-

129 1337 211 1409 dem
225 1358 345 1421 canes,
363 1360 434 1409 non
450 1339 719 1410 Demosthenem
737 1362 778 1411 ac
794 1340 994 1413 Ciceronem
1013 1342 1120 1434 gladii
1132 1365 1215 1414 con-

130 1471 322 1545 sumerent,
350 1482 419 1532 non
446 1459 574 1532 oblivio
600 1463 801 1547 Messalam,
829 1487 898 1536 non
923 1464 1093 1538 Plotinum
1118 1467 1213 1558 lepra

128 1583 350 1676 pervaderet,
374 1583 404 1654 si
424 1560 617 1678 opportuna
638 1608 731 1658 mors
751 1586 921 1660 instantes
943 1588 1104 1660 miserias
1122 1609 1214 1683 prae-

128 1707 303 1779 vertisset.
325 1706 574 1800 Exemplorum
587 1732 671 1781 vero
684 1707 752 1781 iam
772 1711 857 1782 satis
869 1722 938 1797 est,
957 1712 992 1783 in
1010 1735 1047 1786 re
1064 1733 1214 1807 praeser-

130 1829 190 1900 tim
211 1851 281 1901 non
302 1828 475 1921 ambigua.
498 1831 607 1904 Vides
632 1832 739 1925 igitur
758 1846 798 1905 ut
817 1835 984 1926 longioris
1009 1835 1092 1907 vitae
1117 1835 1214 1930 cupi-

128 1954 221 2026 ditas
253 1954 348 2026 caeca
380 1963 445 2025 est.
481 1956 577 2028 Bona
601 1980 696 2029 mors
721 1958 872 2051 optanda
896 1967 962 2042 est,
989 1959 1024 2029 in
1049 1980 1119 2051 qua
1144 1959 1211 2031 fatti

128 2078 301 2150 neminem
322 2099 428 2171 posse
453 2089 601 2165 constat,
629 2080 800 2152 neminem
826 2081 1003 2175 poenitere.
1032 2082 1103 2153 Sed
1126 2103 1213 2174 qno-

128 2200 221 2271 niam
239 2222 327 2272 usus
344 2201 503 2284 obtinuit,
523 2203 677 2275 nocitura
695 2203 827 2296 passim
840 2205 923 2275 etin
936 2213 1040 2298 caput
1052 2212 1210 2276 nostrum

129 2343 300 2415 recasura⁴
321 2324 579 2418 concupiscere,
614 2327 714 2397 liceat
745 2335 865 2419 optare
890 2349 969 2399 cum
996 2329 1137 2422 populo:
1165 2350 1210 2398 an

129 2458 246 2519 tamen
259 2447 411 2539 ignaviae
425 2449 547 2522 semita
561 2470 681 2543 speras
696 2450 742 2522 ad
754 2460 907 2543 optatum
918 2453 1086 2544 provehi‘l
1097 2453 1211 2544 Largo

129 2569 271 2662 quidem
290 2570 429 2640 falleris.
447 2571 559 2654 Quam
577 2573 705 2643 multos
723 2593 828 2667 sopor
844 2571 1049 2645 immodicus
1066 2595 1213 2668 oppres-

129 2694 186 2777 sit,
209 2715 298 2788 quos
319 2693 417 2766 labor
436 2704 471 2766 et
491 2695 622 2786 vigiliae
639 2698 937 2791 praeservassent!
957 2698 1069 2782 Quam
1083 2700 1210 2769 multos

130 2817 188 2886 vel
207 2816 343 2888 necavit
362 2818 517 2911 crapula,
541 2821 596 2889 vel
617 2818 801 2891 suffocavit
818 2818 981 2905 ebriatae,
1004 2821 1064 2913 qui
1083 2820 1212 2893 ieiunio

130 2938 220 3010 salvi
233 2939 342 3010 soient
352 2941 358 3008 l
370 2940 558 3032 Vulgatum
571 2952 634 3026 est,
646 2945 764 3036 plures
777 2964 912 3014 coenam
925 2940 1089 3024 occidere,
1104 2962 1210 3033 quam

130 3060 292 3152 gladium.
307 3063 533 3157 Quocumque
545 3063 701 3136 ciborum
716 3085 844 3155 genere
861 3063 1024 3146 nutritos,
1044 3082 1211 3155 quocum-

130 3206 199 3278 que
219 3195 387 3256 terrarum
408 3188 536 3278 angulo
556 3186 728 3257 latitantes
747 3205 841 3255 mors
862 3185 1029 3270 inveniet,
1048 3193 1084 3255 ct
1100 3182 1212 3255 tribu-

130 3319 202 3378 tum
235 3330 338 3380 suum
371 3307 597 3380 inexorabilis
630 3317 775 3401 repetet,
808 3309 940 3400 exiget,
974 3305 1210 3403 extorquebit.

128 3435 274 3504 Frustra
294 3433 581 3524 tergiversamur3
603 3430 633 3503 si
653 3431 698 3504 ad
718 3439 864 3502 mortem
884 3454 954 3504 non
974 3431 1132 3518 ierimus,
1155 3431 1213 3502 illa

128 3579 193 3629 nos
227 3556 395 3650 sequitur.
430 3556 552 3649 Cogita
582 3578 667 3648 ergo
693 3555 778 3649 quid
802 3555 999 3642 honestius,
1026 3554 1111 3649 quid
1136 3553 1213 3624 viro

128 3678 286 3771 dignius:
305 3701 349 3750 an
366 3680 588 3766 delitescere,
602 3689 637 3749 et
653 3679 772 3770 lugere
789 3679 884 3773 quod
899 3678 1033 3749 evitare
1045 3695 1212 3768 nequeas;

129 3824 174 3873 an
207 3824 388 3876 occurrere
420 3802 586 3889 venienti,
613 3812 648 3874 et
672 3801 795 3874 offerre
820 3802 914 3896 quod
938 3800 1081 3882 debona,
1108 3808 1213 3890 atque

129 3928 221 3997 ultro
239 3928 410 3999 fortunam
428 3928 537 4021 sequi,
556 3949 608 4011 ne,
629 3927 659 3997 si
676 3926 854 4009 restiteris,
870 3925 906 3995 vi
924 3921 1083 3996 traharis.
1103 3921 1131 3991 Ο
1148 3919 1213 3989 mi-

129 4050 280 4122 seranda
292 4049 515 4123 brevissimae
531 4052 687 4122 suavitas
701 4049 825 4121 morae!
846 4047 1084 4140 Quisquamne
1101 4065 1213 4138 usque

128 4174 217 4247 adeo
237 4174 380 4246 vivendi
401 4173 564 4267 cupidae,
587 4182 715 4243 utnon
737 4170 854 4242 statim
876 4170 962 4241 mori
983 4167 1087 4253 malit,
1106 4188 1212 4262 quam

129 4296 233 4369 unius
255 4299 336 4368 anni
358 4296 469 4390 spatio
488 4295 597 4367 vitam
619 4315 697 4365 cum
719 4293 889 4366 dedecore
906 4313 1102 4386 prorogare,
1121 4312 1213 4387 prae-

128 4420 308 4492 teritorum
321 4419 475 4500 omnium
488 4438 657 4489 annorum
671 4416 798 4488 decora
814 4419 1061 4511 corrumpens?
1076 4415 1212 4501 Quanto

127 4541 194 4613 erit
213 4542 414 4616 obscoenius
440 4552 535 4614 metu
560 4540 681 4613 mortis
706 4538 908 4614 indecorum
934 4538 1065 4635 aliquid
1089 4561 1209 4634 agere,

288 4679 295 4716 r
1056 4663 1081 4712 ll
