2692 5024
385 682 479 731 tmaa
499 682 723 731 suesanus-
736 682 889 731 arissam
911 684 943 732 ιι.
1168 678 1204 737 at

128 830 162 899 in
179 824 397 920 opinionibus
418 847 487 895 non
508 823 542 894 in
564 824 670 895 rebus
692 847 787 897 esse:
809 827 913 920 inque
940 831 996 900 his
1021 832 1206 923 gignendis

127 946 306 1021 alendisve
342 945 632 1018 consuetudinem
668 967 773 1038 posse
806 951 1109 1042 quamplurimum.
1148 957 1208 1026 llla

127 1070 243 1142 virum
263 1090 368 1160 quem
385 1079 563 1139 amaverat
582 1069 812 1161 consumpsit:
834 1080 883 1155 tu,
907 1071 937 1141 si
957 1095 1063 1165 quam
1080 1097 1128 1147 ex
1146 1100 1209 1148 no

129 1191 211 1264 stris
229 1190 432 1262 mulieribus
458 1189 548 1262 idem
575 1190 755 1263 facientem
782 1191 929 1281 videris,
956 1194 1203 1289 obstupesoeS,

129 1324 164 1384 et
196 1311 448 1384 abominatione
477 1312 662 1404 spectaculi
695 1313 814 1383 oculos
839 1325 988 1387 avertes.
1016 1315 1091 1389 Fiat
1114 1318 1207 1391 idem

130 1433 191 1504 ubi
208 1431 282 1504 lieri
295 1430 433 1503 solitum
450 1440 520 1515 est,
540 1444 604 1503 neo
622 1431 834 1519 humanitas
854 1457 917 1506 nec
933 1435 1082 1530 insignis
1094 1463 1207 1528 amor,

131 1555 193 1627 sed
212 1557 358 1645 vulgare
377 1553 585 1646 obsequium
605 1554 748 1626 dicetur.
774 1555 850 1628 Non
875 1570 1008 1652 oportet
1027 1564 1209 1655 peregrina

130 1679 349 1771 conquirere:
363 1677 553 1749 maioribus
567 1677 696 1749 nostris
714 1678 749 1748 in
763 1680 829 1752 hac
844 1681 921 1774 ipsa
938 1685 1034 1759 ltalia
1045 1709 1123 1760 mos
1135 1689 1210 1760 fue-

132 1812 185 1873 rat
202 1822 344 1873 suorum
366 1820 512 1892 corpora
528 1798 676 1871 flammis
702 1822 865 1885 exurere3
891 1827 994 1896 quem
1020 1828 1150 1880 morem
1175 1819 1210 1881 et

133 1922 353 1995 historiarum
372 1922 472 2006 fides,
490 1932 526 1994 et
542 1944 656 2015 usque
672 1923 718 1994 ad
734 1935 888 1996 nostram
906 1936 1044 1999 aetatem
1058 1931 1210 2005 inventae

134 2045 312 2117 subterra
330 2066 432 2117 urnae
451 2068 530 2116 cum
552 2044 728 2116 cineribus
749 2056 929 2118 testantur.
951 2048 1071 2142 Neque
1097 2061 1209 2126 tamen

133 2189 175 2240 ea
194 2178 395 2260 pervetusta
413 2168 629 2239 consuetudo
648 2177 713 2237 est.
735 2165 824 2239 Ante
839 2170 947 2253 enim,
973 2182 1010 2242 ut
1024 2195 1128 2259 nunc,
1148 2177 1210 2248 toti

134 2289 379 2374 humabantur,
400 2288 512 2361 donec
530 2289 566 2360 id
586 2287 729 2360 remedii
761 2311 886 2381 genus,
909 2290 1106 2384 inexplebili
1130 2296 1210 2367 odio

135 2408 302 2481 bellorum
314 2408 467 2481 civilium
481 2410 516 2479 in
530 2409 826 2503 sepulchraetiam
840 2411 1017 2497 saeviente,
1026 2416 1210 2487 commenti

135 2541 234 2612 sunt3
256 2552 365 2622 seque
381 2553 446 2625 ope
462 2531 678 2604 flammarum
695 2533 812 2605 hostili
827 2532 977 2604 ludibrio
995 2534 1210 2608 subduxere.

135 2653 253 2746 ltaque
274 2654 467 2746 Scipiones,
482 2654 592 2748 utqui
612 2655 734 2727 merito
756 2678 794 2728 se
810 2654 1008 2746 reipublice
1021 2661 1127 2729 'caros
1146 2659 1214 2730 sci-

136 2786 221 2861 rent,
239 2796 361 2846 omnes
376 2776 500 2866 integri
514 2777 663 2860 iacuere;
685 2801 749 2850 nec
774 2778 913 2850 omnino
939 2780 1030 2850 ullus
1054 2779 1091 2849 in
1111 2764 1214 2872 gente

136 2899 294 2972 Cornelia
322 2911 425 2970 ustus
453 2910 519 2984 est,
551 2912 631 2972 ante
661 2901 806 2972 Lucium
839 2903 969 2996 Syllam
1000 2901 1211 2973 dictatorem.

137 3023 171 3092 ls
191 3022 323 3115 primus
343 3021 509 3105 omnium,
531 3034 651 3094 contra
672 3023 810 3094 familiae
829 3044 904 3093 suae
925 3042 1069 3104 morem,
1089 3023 1214 3092 multo-

137 3168 213 3215 rum
228 3144 295 3215 sibi
306 3145 468 3217 conscius
486 3145 659 3228 odiorum,
674 3166 801 3236 eorpus
814 3143 960 3214 cremari
975 3165 1078 3213 suum
1090 3144 1212 3228 voluit,

137 3267 337 3340 nominatim
356 3269 490 3340 veritus
513 3267 567 3360 (ut
587 3267 719 3361 serunt)
747 3288 791 3337 ne
816 3266 851 3335 in
873 3288 911 3338 se
936 3266 1090 3338 llariana
1114 3267 1215 3339 factio

138 3401 216 3482 post
227 3390 358 3462 obitum
372 3391 527 3475 auderet,
541 3390 636 3483 quod
654 3389 728 3482 ipse
741 3411 850 3461 ausus
864 3388 988 3461 luisset
1005 3389 1040 3460 in
1056 3389 1214 3463 Marium.

138 3511 255 3582 Valuit
273 3515 486 3606 exemplum:
508 3512 686 3605 secutique
708 3523 789 3583 sunt
813 3514 955 3597 lactum,
982 3513 1110 3605 quibus
1135 3512 1215 3582 facti

138 3634 227 3705 ratio
266 3637 360 3706 nulla
377 3646 460 3706 erat.
484 3636 552 3707 Sed
572 3646 755 3727 postquam
775 3635 953 3706 cremandi
966 3657 1041 3704 mos
1063 3632 1214 3713 invaluit,

139 3756 286 3847 usuique
312 3779 375 3827 sua
394 3779 474 3829 esse
498 3757 602 3851 eoepit
626 3757 831 3841 auctoritaS,
859 3766 932 3825 tum
958 3754 1097 3824 demum
1123 3754 1217 3845 quod

139 3878 328 3949 remedium
350 3881 475 3963 luerat,
498 3880 605 3951 decus
625 3880 702 3962 fuit,
723 3890 817 3950 etex
835 3878 892 3948 illo
910 3876 1074 3969 probrum
1092 3874 1216 3965 ingens

138 3999 267 4084 visum,
288 4001 461 4093 supremis
483 4001 623 4094 ignibus
641 4001 809 4074 caruisse.
829 3999 915 4069 Hinc
936 3996 1073 4067 laudata
1090 3995 1215 4089 pietas,

139 4141 231 4211 quae,
245 4123 402 4213 pauculis
416 4123 519 4214 lignis
537 4123 687 4195 collectis
705 4123 740 4191 in
757 4122 856 4190 litore
870 4119 1006 4201 Niliaco
1022 4127 1216 4187 truncatum

140 4241 242 4335 impie
263 4243 378 4335 Magni
399 4245 549 4337 Pompeii
568 4264 695 4334 corpus
715 4263 883 4323 cremare,
906 4262 976 4309 non
997 4250 1065 4310 tam
1086 4240 1215 4332 potuit,

139 4387 244 4456 quam
265 4367 385 4436 voluit.
414 4368 498 4438 lnde
519 4365 584 4435 sibi
607 4373 744 4455 partum
765 4382 901 4431 nomen.
929 4363 1015 4447 Quis
1040 4362 1132 4433 euim
1154 4363 1219 4433 Co-

139 4485 242 4556 drum
263 4486 356 4560 buno
376 4499 507 4571 nosset,
530 4485 595 4557 nisi
617 4481 770 4576 Pompeii
791 4484 958 4557 membris
979 4488 1109 4559 faculas
1134 4486 1219 4555 infe-
