2692 5024
394 703 487 752 uultu
509 701 897 752 succubus-ltebrose
917 705 937 752 1.
1168 694 1206 754 79

128 855 189 934 ait,
216 852 274 919 boc
294 869 411 941 corpus
428 850 642 940 ubicumque:
663 849 747 918 nibil
766 872 823 920 vos
844 852 913 921 eius
931 872 1011 921 cura
1025 841 1204 923 conturbet.

128 975 426 1064 lntemogataque,
454 969 624 1064 numquid
644 992 713 1042 non
739 974 857 1064 procul
882 994 904 1043 a
928 974 1040 1065 patria
1059 985 1206 1047 mortem

128 1094 343 1178 formidaret,
375 1093 457 1165 vide
494 1093 580 1187 qnid
617 1092 818 1188 respondit:
852 1094 946 1166 Nibil
977 1107 1046 1182 est,
1075 1099 1205 1191 inquit,

129 1220 224 1306 lonpe
244 1217 323 1300 Deo,
349 1237 453 1306 neque
479 1214 661 1286 timentum
686 1228 732 1286 est
758 1238 800 1286 ne
824 1218 969 1305 illebon
989 1230 1146 1308 opnoscat
1171 1222 1208 1289 in

126 1340 193 1430 fine
212 1337 339 1420 soeculi,
364 1334 452 1406 unde
476 1357 528 1406 me
551 1336 729 1407 resuscitet.
757 1336 839 1408 Haec
864 1338 988 1409 mulier
1012 1337 1069 1409 illa
1089 1339 1208 1411 catho-

128 1461 203 1532 lica.
230 1459 316 1544 Nos,
331 1459 390 1552 qui
411 1469 446 1529 et
471 1457 628 1530 catholici
656 1479 779 1530 sumus
805 1468 840 1528 et
864 1458 961 1531 viros
985 1461 1205 1555 pollicemur,

129 1579 298 1673 numquid
323 1579 527 1651 muliebrins
553 1579 776 1651 sentiemus?
807 1581 876 1652 Sed
901 1582 973 1652 scio
1003 1583 1088 1674 qnid
1112 1603 1209 1654 acer-

130 1703 216 1773 rime
240 1703 381 1793 lugeant
402 1701 610 1794 superstites
635 1701 670 1770 in
696 1700 867 1773 mortibus
887 1703 1093 1775 amicorum:
1114 1705 1210 1799 quod

131 1823 292 1895 videlicet
327 1844 505 1916 nunquam
542 1842 604 1894 eos
636 1822 786 1893 revisuri
823 1824 913 1908 sint,
952 1846 1041 1916 quos
1073 1846 1210 1898 summo

130 1966 249 2016 amore
267 1945 477 2018 dilexerunt.
498 1946 715 2035 Paganorum
738 1946 783 2016 sit
802 1945 870 2016 ista
887 1946 1082 2031 credulitas,
1097 1968 1210 2038 eaque

131 2088 200 2139 non
224 2069 393 2153 omnium,
421 2065 486 2138 sed
510 2086 631 2137 eorum
664 2077 798 2138 tantum
828 2068 888 2161 qni
920 2068 1054 2139 animas
1086 2075 1210 2160 putant

131 2211 208 2260 cum
229 2189 432 2281 corporibus
452 2188 603 2260 interire.
626 2187 727 2259 Certe
748 2189 793 2259 Μ.
812 2190 958 2272 Tulliae,
978 2212 1084 2282 quem
1103 2211 1211 2283 paga-

132 2334 216 2381 num
241 2311 364 2394 luisse,
392 2310 481 2381 sicut
506 2309 743 2395 notissimum,
766 2310 812 2382 ita
833 2309 1020 2382 dolendum
1040 2321 1113 2394 est,
1136 2333 1211 2381 cre-

132 2433 221 2504 dens
245 2432 394 2503 auimam
421 2432 663 2516 immortalem,
691 2442 727 2503 et
751 2432 912 2524 gloriosis
931 2430 1110 2526 spiritibus
1131 2442 1210 2525 post

133 2555 221 2626 banc
256 2555 364 2626 vitam
401 2556 543 2628 coeleste
580 2554 815 2627 habitaculum
848 2565 988 2649 patere,
1027 2576 1097 2626 non
1135 2554 1210 2624 haec

131 2678 348 2773 opinabatur.
374 2678 559 2770 Nunquam
585 2676 676 2748 enim
702 2679 747 2749 M.
775 2678 941 2749 Catonem
968 2677 1064 2750 illum
1090 2697 1209 2748 senem

135 2800 328 2885 induceret,
355 2801 390 2870 in
414 2820 456 2871 eo
481 2799 569 2869 libro
594 2799 654 2892 qni
680 2799 881 2871 inscribitur
909 2798 1024 2870 «Cato
1049 2801 1208 2895 moiorpl

133 2933 350 3017 sperantem,
385 2932 420 2993 et
448 2921 567 2994 verbis
596 2922 724 2994 talibus
759 2933 935 2994 utentem:
966 2923 1211 3013 Oproeclcrum

131 3044 334 3135 diem‚quum
346 3046 382 3114 in
394 3043 477 3114 illuct
493 3043 682 3115 divinorum
695 3047 882 3116 animorum
895 3044 1212 3113 conciliumcoetum-

132 3187 193 3258 que
209 3167 410 3260 proficiscar,
428 3189 588 3259 mumque
606 3189 651 3236 etc
664 3168 724 3236 boc
746 3168 840 3236 turbo
861 3177 891 3234 et
911 3167 1094 3234 colluvione
1110 3164 1213 3235 disce-

132 3289 216 3361 dam.
239 3288 433 3383 Proficbcor
453 3291 550 3371 euim,
571 3312 638 3358 non
658 3285 702 3357 cd
730 3309 783 3358 eos
802 3289 908 3359 solum
927 3290 1015 3358 viros
1036 3285 1212 3380 dequibus

132 3412 313 3496 colodici,
343 3409 519 3483 sedetiam
539 3410 582 3482 od
604 3409 763 3483 Catonem
793 3434 927 3497 mum,
953 3435 1015 3506 quo
1044 3434 1141 3482 nemo
1161 3412 1215 3482 vir

132 3537 247 3606 melior
272 3545 371 3604 natus
404 3544 465 3617 est,
500 3556 596 3604 nemo
616 3536 740 3627 pietate
761 3538 984 3627 prestantior.
1012 3537 1056 3607 Et
1088 3554 1213 3606 rursus

135 3658 257 3730 eodem
271 3659 346 3728 loco
366 3655 522 3750 quidem,
538 3656 665 3751 inquit:
678 3654 807 3750 Efferor
826 3658 932 3729 studio
948 3670 1060 3750 potres
1072 3666 1212 3739 vestros,

87 3758 95 3775 ⁸
131 3801 212 3870 qnos
233 3781 322 3850 colui
340 3791 371 3849 et
390 3777 511 3863 dilecti,
530 3778 685 3852 videndi:
705 3803 812 3875 neque
835 3805 887 3852 cos
909 3781 1013 3850 solum
1037 3778 1214 3846 convenire

132 3923 216 3971 aveo
233 3922 311 3992 quos
330 3903 400 3994 ipse
412 3902 566 3992 copnooi,
588 3901 645 3973 sed
664 3904 736 3975 illos
757 3905 856 3973 etiam
875 3901 1042 3990 dequibus
1055 3897 1214 3968 audieict

133 4025 200 4115 lepi
221 4033 252 4092 et
279 4024 348 4116 ipse
375 4025 564 4118 conscripsi.
591 4026 687 4110 Haec,
711 4036 746 4097 et
773 4025 829 4096 his
860 4023 999 4106 similia,
1021 4040 1102 4114 qnae
1122 4021 1215 4112 apud

134 4145 334 4219 Ciceronem
355 4148 441 4219 Cato
464 4149 633 4241 loquitur,
662 4148 748 4220 satis
778 4147 863 4239 quid
892 4153 1038 4234 uterque
1058 4140 1215 4212 crederet

133 4276 317 4339 testantur.
353 4269 403 4339 llli
438 4279 552 4342 tamen
584 4279 774 4360 utcumque
807 4263 1033 4348 crediderint,
1067 4283 1215 4354 quornm

133 4411 261 4480 magna
273 4413 321 4461 ex
334 4401 433 4483 parte
446 4413 529 4484 spes
543 4391 665 4461 inanes
678 4411 719 4461 ac
730 4390 869 4461 fallaces
882 4389 1040 4469 luerunt;
1057 4384 1157 4457 nobis
1171 4386 1216 4456 ab

135 4511 195 4583 lllo
207 4511 268 4603 qui
281 4521 316 4584 et
328 4511 397 4583 lalli
411 4534 479 4585 non
494 4521 623 4607 potest,
640 4521 676 4584 et
688 4513 806 4584 fallere
819 4529 888 4581 non
901 4509 1013 4596 novit,
1029 4531 1110 4605 spes
1123 4515 1215 4579 certa
