2692 5024
426 398 435 417 Ι

459 662 505 714 Μ·
520 662 623 713 fflllss
643 662 890 715 limitamus·
924 674 938 735 ,ζ
995 674 1007 697 ·“

538 930 716 999 mntem
738 933 783 997 ill

187 1190 190 1199 Ι
217 1118 409 1171 FMNGlSCUS
426 1118 595 1171 turnines
611 1120 745 1171 IOHANNI
762 1120 919 1171 COLUHNAE
938 1120 1109 1173 ctltmttttn
1180 1088 1186 1096 Ι

601 1224 671 1276 8.l'.
689 1224 720 1275 1).

292 1379 403 1437 amco
416 1378 800 1451 poqsmeomenmoo.
814 1377 923 1435 nauca
936 1376 1031 1433 tutio.
1168 1342 1171 1347 ’

464 1466 576 1525 Fabella
587 1468 623 1524 de
636 1464 734 1525 Gmolo
747 1468 857 1541 Magno.

222 1676 350 1748 Gallias
366 1694 434 1767 ego
451 1688 573 1769 nuper,
591 1676 686 1745 nullo
700 1674 842 1769 quidem
860 1672 999 1766 negotio
1016 1671 1068 1768 (ut
1083 1672 1198 1771 nosti),

126 1798 192 1873 sed
209 1797 348 1870 visendi
367 1806 501 1869 tautum
522 1793 651 1883 staffilo,
678 1806 715 1867 et
736 1796 880 1874 iuvenili
903 1794 1055 1890 quodam
1074 1794 1202 1867 ardore

125 1900 568 2018 namucensem
585 1918 727 1992 onnam
745 1918 928 2013 suesque
961 1917 1055 2012 spus
1079 1916 1198 2010 augo,

126 2044 377 2137 contemplatus
394 2042 539 2115 sollicite
556 2063 673 2114 mores
689 2041 882 2127 bominum,
909 2051 944 2112 et
968 2049 1112 2135 aspectu
1136 2039 1203 2111 tel-

127 2167 212 2238 luris
225 2164 411 2259 incognitas
424 2165 631 2252 delectatus,
644 2186 686 2238 uc
697 2163 835 2257 singula
846 2186 926 2236 oum
938 2163 1068 2236 nostris
1083 2164 1202 2235 conic-

127 2310 224 2361 rens:
249 2298 286 2361 et
308 2287 388 2360 licet
406 2292 515 2361 multa
538 2287 723 2381 utrobique
747 2286 931 2379 magnifica
954 2285 1118 2371 viderim,
1144 2308 1202 2357 me

128 2424 244 2484 tamen
260 2412 387 2485 ltalioae
410 2411 553 2503 originis
571 2433 639 2483 non
658 2410 817 2504 poenitct3
839 2411 907 2482 imo
934 2410 985 2505 (ut
1003 2431 1128 2481 verum
1151 2412 1203 2483 ia·

128 2533 213 2629 tear)
231 2557 301 2627 quo
316 2533 420 2607 latim
436 2533 648 2626 peregrinor,
667 2554 711 2605 eo
727 2532 837 2607 maior
853 2533 928 2605 Itali
948 2532 1012 2604 soli
1029 2529 1124 2603 subit
1140 2533 1202 2606 atl-

129 2657 274 2729 miratio.
288 2656 390 2741 Quod
407 2656 438 2727 si
455 2654 584 2747 gratias
602 2655 728 2748 agebat
741 2658 838 2729 Plato
849 2656 922 2726 Diis
938 2654 988 2751 (nt
999 2655 1111 2727 verbo
1124 2655 1200 2727 eius

127 2777 217 2873 utar)
235 2777 495 2865 immortalibus,
517 2777 606 2849 inter
626 2781 745 2864 multa,
765 2778 859 2873 quod
874 2778 1035 2850 Graccum
1052 2798 1148 2863 eum,
1166 2785 1202 2850 et

128 2922 198 2973 non
223 2900 454 2994 alienigenam
473 2899 681 2985 edidissent3
702 2900 787 2994 qnid
807 2924 870 2973 nos
891 2899 1051 2995 probibet
1066 2921 1130 2994 pro
1143 2922 1200 2972 eo

128 3025 209 3098 dem
233 3047 373 3120 quoqne
398 3025 528 3119 gratias
553 3000 680 3119 agere,
700 3035 868 3118 ortusque
887 3021 996 3094 nostri
1011 3023 1125 3093 Deum
1141 3043 1203 3095 au-

129 3158 258 3220 ctorem
271 3150 544 3240 recognoscere?
556 3147 623 3220 nisi
635 3149 723 3220 forte
738 3146 887 3219 nobilius
901 3156 956 3216 est
966 3144 1127 3216 Graccum
1141 3167 1202 3217 na-

131 3269 192 3352 sci,
211 3291 314 3360 quam
335 3271 502 3342 Italicum:
529 3271 622 3365 quod
643 3269 674 3341 si
693 3270 773 3364 quis
791 3269 931 3355 dixerit,
951 3267 1043 3339 dicat
1058 3267 1150 3340 idem
1165 3276 1202 3337 et

131 3410 273 3460 servum
294 3412 376 3461 esse
395 3392 596 3463 nobiliorem
617 3400 720 3487 Qum
747 3391 934 3464 dominum.
956 3389 1060 3484 Atqui
1084 3390 1202 3461 nullus

131 3512 197 3584 hoo
211 3512 391 3583 Graeculus
408 3514 661 3606 quantumlibet
671 3537 800 3608 procax
814 3515 1068 3607 impudensque
1084 3513 1201 3585 dicere

131 3632 284 3720 audebit,
298 3633 381 3706 dum
399 3632 593 3704 meminerit
608 3635 668 3707 diu
681 3646 761 3707 ante
775 3636 903 3707 Urbem
918 3634 1106 3720 conditam,
1122 3645 1202 3706 ante

131 3770 267 3853 partum
286 3767 322 3829 ct
341 3766 479 3828 auctum
498 3754 684 3828 virtutibus
705 3758 900 3854 imperium,
923 3758 1075 3851 denique
1094 3770 1176 3831 ante

288 3936 439 4001 Romanos
455 3953 560 4000 rerum
577 3938 715 4003 dominos
732 3948 914 4020 gentemque
930 3946 1077 4019 togatam,

133 4140 201 4188 non
220 4119 364 4206 ltaliam,
385 4120 448 4193 sed
465 4132 622 4215 quartam
639 4122 746 4194 ltaliae
762 4134 894 4217 partem
911 4146 954 4195 eo
972 4134 1126 4214 tempore
1142 4123 1203 4194 de-

134 4248 261 4307 sertam
282 4254 317 4312 et
341 4265 499 4329 vacuam,
533 4244 663 4316 Graecis
696 4245 947 4318 habitatoribus
978 4267 1200 4340 possessam,

133 4359 363 4455 Magnamque
381 4367 552 4440 Graeciam
564 4382 804 4464 nuncupatam.
823 4373 910 4454 Quae
924 4370 1016 4440 enim
1030 4379 1112 4442 tunc
1130 4394 1204 4442 ma-

135 4502 204 4574 gna
222 4480 299 4551 visa
316 4496 385 4568 cst,
404 4509 507 4577 quam
526 4492 690 4573 maxima,
710 4513 814 4582 quam
832 4491 1000 4563 immensa
1016 4492 1128 4564 videri
1142 4517 1203 4587 po
