2692 5024
162 648 223 723 120
499 668 542 719 ns
562 666 665 719 assus
685 666 909 719 ruminamus
1041 648 1051 665 '·
1120 658 1123 663 '

161 817 294 891 malitia
312 826 349 889 et
367 818 481 905 haus,
500 825 539 890 et
553 815 724 912 quidquid
748 812 946 910 prudentiae
964 809 1169 906 proximum
1193 809 1258 883 vi-

161 938 276 1023 detur,
291 934 360 1011 sub
375 936 505 1011 amictu
524 935 682 1010 finitimae
699 936 844 1010 virtutis
862 936 1022 1008 infatuat.
1041 933 1104 1006 Ille
1120 952 1161 1005 se
1176 934 1256 1007 tor-

162 1072 234 1137 tem
250 1069 359 1156 putat,
380 1060 592 1171 inhumanus
608 1070 645 1133 et
659 1062 776 1145 ierom
795 1060 854 1132 hic
873 1080 912 1132 ee
931 1057 1100 1131 humilem
1119 1065 1250 1147 vocat,

163 1183 306 1259 timidus
325 1193 362 1256 et
380 1181 539 1256 imbellis.
561 1185 627 1256 llst
639 1193 676 1256 et
691 1205 798 1279 quern
815 1182 915 1255 titulo
930 1179 1144 1275 frugalitatis
1160 1202 1254 1255 ara-

163 1300 444 1391 ritia'sollicitet‚
477 1317 514 1379 et
542 1328 648 1400 quern
673 1305 899 1400 prodigalitas
913 1304 1044 1411 ‘specie
1073 1303 1251 1397 largitatis

165 1428 363 1500 exhauriat.
388 1429 579 1500 Personata
604 1438 688 1500 sunt
712 1428 814 1512 vitia;
838 1436 875 1499 ct
898 1426 1064 1498 immania
1087 1435 1252 1499 monstra

163 1549 327 1624 formosis
345 1547 413 1622 sub
424 1548 574 1643 pellibus
586 1548 805 1623 delitescunt
818 1546 962 1622 Accedit
972 1546 1248 1635 delectabilium,

164 1672 231 1745 sed
250 1669 535 1758 transiturarum,
562 1671 633 1743 imo
656 1693 745 1745 vcro
762 1671 1019 1745 transeuntium
1043 1692 1086 1744 ao
1108 1669 1250 1763 lugien-

163 1793 251 1868 tium
263 1814 384 1866 rerum
397 1791 509 1867 turba.
531 1792 688 1867 Ambitio
706 1793 875 1867 hunniam
894 1793 996 1866 nobis
1016 1801 1054 1866 et
1071 1796 1247 1889 plausum,

163 1938 339 2013 aurasque
357 1919 542 2013 vulgarem
564 1917 705 1992 luxuria
725 1916 873 1993 blandas
892 1925 929 1990 et
948 1917 1066 1990 varias
1086 1919 1249 2014 volupta-

164 2051 233 2125 tes;
254 2040 404 2135 pecunia
424 2041 651 2135 plurimarum
675 2062 792 2115 rerum
813 2038 1057 2113 sufficientiam
1080 2048 1246 2113 ostentat

161 2164 286 2236 Nullus
298 2163 425 2237 hamus
437 2164 514 2237 sine
525 2186 624 2249 esea3
638 2166 756 2238 nullus
769 2164 845 2237 sine
862 2162 961 2237 visco
976 2183 1114 2248 ramus;
1127 2164 1247 2236 nullus

162 2289 310 2381 laqueus
331 2280 407 2362 ‘sine
427 2310 500 2383 spe.
524 2286 669 2361 Accedit
699 2286 853 2360 humana
884 2285 1058 2381 cupiditas
1084 2306 1245 2381 praeceps

162 2410 333 2506 inopsque
353 2410 502 2495 consilii,
520 2419 557 2481 et
571 2411 642 2481 falli
658 2409 783 2494 facilis,
801 2417 837 2481 et
852 2408 989 2501 insidiis
1005 2417 1188 2503 oportuna.
1206 2410 1245 2480 ln

162 2532 230 2603 hoc
257 2531 363 2624 igitur
388 2531 543 2626 ancipiti,
565 2541 601 2604 et
619 2530 766 2618 lubrico,
793 2541 831 2604 et
855 2544 1022 2627 suspecto
1052 2533 1177 2604 itinere
1214 2532 1245 2604 si

161 2674 267 2745 quern
295 2654 383 2723 forte
408 2664 479 2723 tam
499 2662 641 2724 cautum
667 2656 724 2726 vel
743 2665 867 2726 natura
886 2657 946 2726 vel
967 2653 1121 2727 studium
1140 2653 1245 2726 fecis-

164 2784 229 2858 set,
244 2784 291 2859 ut
306 2775 426 2848 mundi
440 2775 621 2847 fraudibus
638 2775 758 2863 elusis,
774 2778 943 2850 mundum
960 2779 1036 2872 ipse
1051 2759 1243 2871 deciperet,

162 2897 313 2971 frontem
340 2898 471 2972 scilicet
494 2899 684 2972 ostendens
710 2903 837 2997 populo
864 2900 1028 2987 similem,
1056 2908 1128 2973 tota
1147 2899 1245 2971 intus

162 3033 280 3094 mente
295 3021 493 3108 dissimilis;
513 3044 619 3115 quem
646 3030 684 3096 tu
709 3021 802 3095 hunc
826 3023 942 3094 virum
969 3022 1127 3095 dioeras‘l
1145 3023 1246 3095 Hunc

162 3154 279 3216 tamen
299 3145 360 3217 ubi
379 3146 592 3238 quaerimus?
612 3147 657 3216 Et
675 3155 802 3218 natura
825 3145 970 3238 optima,
997 3154 1033 3216 et
1056 3155 1162 3217 aetate
1187 3167 1247 3219 so-

162 3265 232 3335 lida
253 3265 357 3337 simul
380 3288 422 3338 aa
449 3267 566 3341 sobria
592 3290 680 3362 opus
708 3279 777 3355 est,
811 3279 847 3341 et
878 3269 1070 3341 alienorum
1097 3290 1245 3341 casuum

162 3385 406 3460 observatione
427 3389 571 3461 solicita.
591 3392 642 3462 Tu
659 3401 776 3463 tamen
795 3390 862 3463 hoc
884 3390 969 3462 mihi
987 3413 1113 3463 nomen
1133 3390 1246 3485 impo-

160 3507 232 3583 nis:
256 3509 467 3582 immensum
491 3513 649 3605 quidem,
676 3514 781 3586 modo
805 3536 875 3585 non
901 3513 1058 3586 irrideas.
1085 3514 1189 3597 Quod
1214 3515 1245 3586 si

161 3631 265 3704 hodie
284 3654 408 3704 verum
429 3655 499 3705 non
520 3646 589 3720 est,
611 3638 721 3708 Deum
743 3658 820 3722 oro,
842 3638 903 3732 qui
923 3647 1047 3731 potens
1067 3649 1123 3710 est
1139 3638 1244 3711 etiam

162 3754 207 3827 ab
233 3755 353 3827 inseris
380 3756 546 3843 excitare,
569 3768 607 3830 ut
627 3780 752 3831 verum
785 3758 846 3831 liat
886 3770 1075 3854 antequam
1102 3760 1242 3832 moriar.

161 3879 231 3950 Sed
256 3901 327 3972 quo
348 3880 429 3952 bino
450 3880 594 3953 iocando
614 3882 851 3977 progrederis
874 3886 1016 3968 mullos,
1044 3882 1242 3956 fictionibus

161 4000 261 4085 meis,
284 4001 464 4096 opiniones
484 4002 529 4075 de
549 4027 606 4076 me
625 4005 829 4099 concepisse
850 4006 1080 4098 magnificas?
1092 4007 1172 4079 Fuit
1182 4028 1242 4079 ars

160 4118 252 4206 haec,
267 4125 391 4208 fateor,
407 4125 617 4218 quibusdam
636 4150 684 4200 ex
704 4128 897 4200 illustribus
915 4127 1018 4215 viris,
1033 4138 1086 4215 ut,
1101 4129 1243 4221 ingenio

160 4245 324 4332 quodam,
344 4268 448 4319 veras
469 4247 617 4321 virtutes
634 4251 842 4324 mirantibus
862 4254 1078 4346 imponerent.
1100 4252 1187 4323 Hinc
1206 4260 1243 4323 et

160 4362 284 4435 Numae
296 4367 462 4461 Pompilio
477 4371 588 4442 divini
600 4374 775 4468 colloquii,
789 4385 825 4446 et
836 4375 959 4447 Publio
970 4373 1134 4447 Africano
1149 4374 1242 4447 divi-

159 4506 216 4557 nae
235 4486 340 4557 etiam
361 4491 478 4585 stirpis
503 4496 594 4567 lama
614 4497 764 4590 quaesita
787 4507 852 4571 est.
887 4496 971 4571 Mihi
1004 4521 1063 4573 ars
1095 4519 1138 4571 ea
1170 4518 1241 4568 non
