2692 5024
400 633 492 681 einen
515 634 885 686 omarus—erismae
909 639 948 685 rr.
1154 625 1213 686 fass

130 781 187 850 cui
208 800 275 849 non
295 780 402 849 semel
424 777 457 846 in
479 800 570 850 anno
587 780 688 851 dulce
711 782 754 852 sit
776 784 831 852 vel
858 782 891 850 in
918 783 1079 853 herbosis
1106 806 1213 876 agge-

132 904 228 975 ribus
251 902 432 988 subdivo,
453 903 561 974 vefin
587 905 687 975 amici
715 903 865 996 pastoris
893 903 1031 994 tugurio
1058 905 1212 976 discum-

130 1025 225 1110 bere,
241 1025 403 1117 quamvis
418 1036 550 1096 auratae
568 1024 686 1095 trabes
708 1047 776 1096 non
794 1023 1029 1116 impendeant,
1050 1027 1212 1119 quamvis

130 1169 271 1218 mensas
297 1157 476 1238 argentum
504 1168 614 1236 grave
646 1166 715 1215 non
742 1156 875 1226 oneret,
905 1167 1093 1237 murosque
1119 1168 1213 1216 mar-

130 1289 269 1339 moreos
290 1288 465 1363 purpurea
486 1268 599 1336 aufaea
621 1288 689 1337 non
712 1266 888 1338 vestiant?
910 1266 1017 1337 Cuius
1044 1277 1112 1337 tam
1139 1290 1211 1338 arn-

129 1389 257 1460 bitiosa
278 1388 353 1459 sitis
373 1398 442 1472 est,
466 1398 517 1472 ut,
541 1400 665 1482 praeter
691 1391 841 1479 patulam
869 1411 1042 1481 gemmam
1062 1410 1123 1460 seu
1140 1391 1212 1459 feo

129 1534 192 1584 nes
213 1535 322 1584 aureo
343 1533 484 1582 nemore
496 1511 730 1594 decertantes
752 1511 916 1606 Polycleti
930 1515 1032 1606 opus,
1048 1514 1210 1606 poculum

127 1654 230 1704 omne
267 1628 445 1709 fa'stidiat‘f
478 1630 549 1702 Aut
573 1631 673 1702 euius
700 1642 768 1703 tam
796 1633 948 1724 superba
974 1634 1098 1718 fameS,
1133 1653 1213 1726 qum

129 1777 198 1825 non
219 1751 391 1824 interdum
418 1753 548 1824 rustico
574 1753 735 1826 convivio
761 1756 876 1827 sedari
902 1766 1020 1848 queat,
1049 1757 1212 1851 quamvis

130 1876 323 1969 peregrinae
344 1875 550 1946 Colchorum
572 1879 734 1948 volucres
755 1900 825 1949 non
846 1877 976 1962 adsint,
999 1901 1063 1950 nec
1084 1880 1212 1972 ignotis

130 1998 287 2070 litoribus
307 1999 455 2070 iactatus
474 1996 654 2082 rhombus,
670 1998 828 2091 interque
841 2000 931 2071 dues
950 2009 1072 2092 pontes
1089 2013 1211 2095 eaptus

130 2121 296 2191 tiberinus
322 2122 443 2212 lupus,
466 2119 522 2190 eui
544 2130 707 2191 veterum
727 2122 841 2214 opinio
867 2124 1019 2213 palmam
1046 2123 1135 2194 inter
1161 2124 1212 2216 pi-

130 2266 208 2315 sces
230 2242 375 2314 tribuit?
393 2244 475 2315 Haec
492 2264 578 2335 erge
594 2243 723 2336 quibus
744 2244 780 2313 hi
801 2258 1029 2316 nauseatores
1051 2267 1210 2316 nonnun-

128 2390 233 2460 quam
247 2366 396 2438 raritatis
409 2367 579 2439 lenocinio
594 2374 777 2450 tentantur,
793 2365 877 2455 mibi
891 2374 1027 2437 naturae
1044 2365 1209 2438 beneficio

130 2512 270 2584 semper
295 2499 436 2584 accepta
463 2499 555 2562 sunt.
579 2493 622 2560 Et
648 2489 843 2582 siquando
869 2489 1011 2560 forsitan
1038 2491 1211 2561 afternare

130 2614 281 2700 libuerit,
304 2637 368 2686 nec
391 2614 473 2684 mihi
496 2615 587 2706 iugis
608 2604 751 2684 uiuendi
773 2621 872 2684 tenor
893 2614 1036 2706 placeat,
1064 2613 1211 2684 lautiora

130 2758 198 2808 non
228 2759 407 2831 respuam,
435 2739 499 2809 sed
524 2757 605 2831 quae
631 2735 810 2807 rarissime
840 2745 876 2806 et
908 2756 1035 2828 magno
1069 2735 1212 2807 redeant

130 2859 319 2931 intervaffe.
337 2861 433 2931 Neve
446 2882 502 2929 me
517 2861 645 2931 frustra
663 2858 756 2950 ioqui
774 2870 978 2951 putescum
997 2861 1099 2950 lenge
1116 2859 1210 2929 atiud

130 2983 195 3053 sim
213 2984 387 3065 dicturum
409 2981 474 3053 ista
494 2982 544 3055 sic
562 2981 724 3073 accipies,
745 3004 788 3052 ne
806 2981 966 3051 fortassis
992 2980 1210 3052 incommodo

130 3127 208 3177 meo
228 3107 429 3189 consulens,
451 3128 600 3198 coquum
636 3127 752 3176 meum
780 3103 867 3185 ¹mihi
904 3113 984 3172 ante
1016 3101 1207 3187 remiseris

128 3251 233 3320 quam
258 3230 356 3321 plene
377 3228 560 3299 consilium
585 3227 760 3321 coeperitis
781 3227 825 3299 de
847 3248 984 3298 summa
1004 3247 1120 3296 rerum
1147 3247 1209 3297 no-

130 3360 294 3434 strarum,
310 3372 391 3443 quae
408 3375 500 3422 nunc
517 3351 642 3442 agitur.
665 3352 703 3420 ln
721 3372 836 3443 quam,
851 3371 985 3442 quaeso,
999 3350 1130 3443 aperite
1147 3347 1217 3422 au-'

130 3495 186 3544 res
210 3486 246 3546 et
269 3494 338 3544 non
365 3484 601 3566 repugnantes
627 3474 761 3546 animos
791 3474 963 3545 adhibete.
991 3474 1093 3557 Quod
1116 3473 1208 3545 enim

129 3597 187 3666 uni
212 3596 303 3680 dico,
331 3597 492 3668 omnibus
518 3597 611 3681 dico,
638 3608 674 3668 et
699 3597 812 3690 cupio,
833 3596 896 3668 has
919 3598 1064 3678 litteras,
1085 3595 1113 3664 si
1133 3593 1208 3664 fieri

128 3718 248 3811 possit,
276 3742 338 3811 per
370 3741 431 3791 ora
463 3722 654 3792 amicorum
681 3721 836 3792 omnium
862 3716 1090 3801 circumferri,
1116 3725 1151 3788 et
1177 3717 1206 3787 si

127 3841 206 3931 quis
232 3840 294 3912 ibit
318 3840 419 3913 istinc
445 3842 489 3912 ad
514 3843 729 3914 occidentem
755 3842 912 3926 nuntius,
936 3839 1068 3912 Socrati
1087 3850 1206 3910 nostro
1295 3826 1297 3833 ’

129 3962 329 4034 nominatim
348 3964 464 4056 dirigi,
485 3975 523 4035 nt
539 3987 660 4037 omnes
682 3976 873 4057 agnoscant
890 3965 947 4034 vel
966 3983 1091 4034 sensus
1109 3981 1206 4031 meos

130 4087 185 4155 vel
205 4086 363 4179 ineptias.
385 4089 492 4160 Multa
513 4089 654 4181 quidem
676 4089 778 4159 altius
799 4086 866 4160 diei
888 4093 1054 4178 possunt;
1077 4093 1111 4155 at
1138 4105 1205 4154 non

128 4207 247 4289 multa,
271 4208 337 4278 nisi
358 4211 469 4294 failor,
493 4211 621 4281 utilius
644 4213 692 4280 De
713 4210 778 4280 boc
803 4219 918 4279 tamen
945 4230 1008 4278 vos
1035 4204 1203 4277 videritis

128 4331 204 4420 Ego
225 4329 418 4403 institutum
441 4355 577 4425 sequar.
602 4333 772 4424 Equidem
794 4342 854 4401 aut
872 4328 1012 4401 omnino
1032 4328 1117 4398 nibif
1138 4329 1207 4398 eaf-

129 4452 197 4538 feo,
220 4464 295 4538 aut,
317 4454 383 4525 nisi
405 4454 472 4526 iam
501 4455 565 4527 viri
585 4473 720 4539 sumne,
740 4474 914 4545 nunqnam
933 4449 1085 4522 erimus:
1106 4472 1205 4522 nemo
