2692 5024
185 647 204 705 4
518 648 670 701 EPISTULA
692 650 733 698 All
755 648 925 701 Posrssaos.

186 802 269 872 mihi
290 819 424 894 semper
448 805 534 867 aetas
553 797 621 866 ista
643 795 827 888 displicuit,
850 806 889 866 ut
913 797 980 865 nisi
1005 817 1060 865 me
1080 817 1178 866 amor
1198 820 1255 867 ca-

186 946 302 995 rorum
322 921 357 991 in
377 920 555 991 diversum
577 918 738 1000 traheret,
759 917 912 1010 qualibet
932 926 1035 989 aetate
1054 927 1157 1009 uatus
1178 940 1256 990 esse

188 1067 322 1138 semper
348 1041 553 1136 optaverim,
574 1049 609 1110 et
632 1039 722 1108 hane
745 1037 916 1124 oblivisci,
939 1038 1037 1110 nisus
1063 1040 1176 1110 animo
1201 1062 1256 1110 me

187 1169 262 1239 aliis
283 1188 417 1259 semper
436 1165 598 1235 inserere.
620 1160 799 1232 Historieis
818 1160 934 1252 itaque
953 1159 1141 1231 delectatus
1163 1181 1256 1245 sum,

187 1312 255 1361 non
279 1290 393 1359 minus
426 1296 539 1357 tamen
570 1283 722 1354 offensus
752 1303 872 1353 eorurn
904 1281 1091 1365 discordia3
1119 1293 1258 1354 secutus

188 1409 344 1482 indubio
365 1429 433 1501 quo
454 1428 508 1476 me
529 1407 582 1475 vel
605 1405 866 1476 verisimilitudo
887 1428 1012 1491 rerum,
1031 1408 1087 1476 vel
1108 1406 1260 1476 seriben-

189 1532 274 1602 tium
288 1531 393 1602 traxit
406 1528 601 1600 auctoritas.
616 1527 770 1620 Eloquio,
778 1539 818 1598 ut
829 1528 970 1619 quidam
983 1528 1154 1613 dixerunt,
1169 1530 1261 1599 claro

190 1676 229 1724 ac
248 1652 392 1745 potenti;
411 1662 449 1722 ut
468 1650 551 1720 mihi
571 1649 687 1719 visum
703 1659 768 1735 est,
786 1651 898 1741 fragili
914 1660 950 1721 et
968 1650 1132 1722 obscuro:
1150 1673 1262 1743 neque

190 1797 273 1846 vero
294 1776 327 1844 in
348 1773 519 1844 communi
541 1793 699 1843 sermone
719 1794 799 1842 eum
819 1773 937 1845 amicis
958 1782 1018 1844 aut
1036 1772 1260 1844 familiaribus

190 1895 394 1988 eloquentiae
414 1917 566 1986 uuquam
587 1917 672 1965 eura
692 1916 747 1964 me
767 1894 894 1986 attigit3
915 1896 1088 1988 mirorque
1106 1916 1182 1965 eam
1202 1917 1263 1965 cu-

192 2041 267 2088 ram
299 2015 498 2109 Augustum
531 2018 704 2088 Caesarem
738 2018 920 2111 aooepisse.
957 2018 1021 2088 Uhi
1057 2027 1171 2089 autem
1205 2040 1261 2088 res

193 2141 267 2232 ipsa
285 2142 341 2211 vel
358 2142 453 2211 locus
467 2141 523 2211 vel
540 2139 676 2211 auditor
693 2140 789 2212 aliter
807 2163 948 2233 poscere
965 2141 1064 2211 visus
1081 2151 1146 2225 est,
1160 2142 1261 2235 paulo

193 2264 336 2336 annisus
359 2286 451 2348 sum,
474 2263 577 2355 idque
598 2287 702 2357 quam
722 2266 903 2336 efficaciter
923 2265 1054 2348 nesci0;
1076 2287 1194 2335 eorum
1216 2265 1260 2335 sit

193 2386 357 2457 iudicium
377 2408 492 2457 coram
509 2386 635 2477 quihus
653 2386 737 2457 dixi.
756 2388 841 2475 Ego,
860 2388 961 2457 modo
979 2387 1066 2456 bene
1082 2386 1260 2469 vixissem,

193 2510 339 2599 qualiter
355 2508 525 2578 dixissem
543 2507 641 2599 parvi
660 2510 816 2578 facerem.
838 2509 989 2578 Ventosa
1007 2507 1114 2598 gloria
1134 2518 1201 2591 est,
1221 2510 1262 2579 de

195 2634 267 2702 solo
288 2630 473 2701 verborum
495 2631 676 2721 splendore
694 2631 820 2699 famam
841 2652 1007 2722 quaerere.
1027 2630 1175 2720 Tempus
1194 2653 1264 2700 me

195 2776 273 2822 eum
307 2753 356 2821 sie
389 2753 442 2822 vel
477 2755 611 2822 fortuna
643 2754 700 2821 vel
732 2754 890 2823 voluntas
924 2773 999 2822 mea
1031 2775 1121 2821 nuno
1154 2774 1264 2844 usque

195 2876 319 2967 partita
335 2882 399 2945 est.
417 2874 568 2943 Primum
586 2873 681 2943 illum
699 2873 782 2945 vitae
800 2897 936 2959 annum,
955 2897 1065 2967 neque
1082 2874 1262 2965 integrum,

196 2996 302 3068 Aretii
321 2998 389 3088 egi,
413 2995 472 3067 ubi
493 2995 527 3065 in
548 2998 657 3066 lucem
681 3004 804 3068 natura
829 3021 883 3069 me
903 2999 1104 3089 protulerat;
1126 3019 1190 3067 sex
1212 2993 1265 3069 ser¹

196 3130 340 3212 quentes
358 3119 495 3190 Anoisae
516 3129 657 3212 paterno
677 3120 712 3189 in
733 3142 813 3190 rure
834 3143 940 3212 supra
956 3119 1159 3190 Florentiam
1180 3142 1267 3211 qua-

199 3242 385 3312 tuordeeim
399 3265 568 3334 passuum
576 3241 737 3312 millibus.
746 3244 919 3314 Revocata
932 3241 977 3311 ab
984 3241 1087 3312 exilio
1096 3242 1263 3331 genitrice,

198 3372 358 3434 octavum
374 3364 474 3447 Pisis,
494 3387 621 3435 nouum
640 3386 680 3434 ae
696 3365 856 3457 deinceps
877 3365 911 3432 in
924 3364 1031 3433 Gallia
1046 3362 1267 3455 Transalpina

199 3486 243 3556 ad
264 3486 388 3555 laevam
408 3485 565 3556 Rhodani
583 3488 708 3578 ripam;
726 3486 850 3557 Avinio
870 3485 947 3555 urbi
967 3508 1105 3569 nomen,
1126 3487 1183 3556 ubi
1201 3488 1268 3556 llo

199 3631 322 3678 manus
343 3608 498 3677 Pontifex
519 3609 608 3699 turpi
631 3610 665 3678 in
684 3607 787 3678 exilio
809 3607 935 3676 Christi
962 3617 1052 3677 tenet
1072 3610 1266 3691 ecelesiam,

198 3741 232 3800 et
251 3731 359 3800 tenuit
379 3731 454 3811 diu3
475 3732 551 3800 licet
572 3742 649 3800 ante
675 3752 802 3821 paucos
823 3752 930 3799 annos
958 3729 1116 3800 Urbanus
1137 3732 1166 3799 V
1192 3755 1267 3801 eam

199 3854 383 3923 reduxisse
403 3854 577 3924 videretur
599 3854 634 3921 in
656 3875 753 3922 suam
777 3853 902 3923 sedem.
926 3853 993 3924 Sed
1013 3876 1081 3939 res,
1105 3865 1141 3923 ut
1162 3865 1266 3946 patet,

199 3973 233 4042 in
253 3974 396 4044 nihilum
417 3975 528 4058 rediit,
552 3976 640 4067 ipso,
664 3976 757 4065 quod
779 3977 920 4065 gravius
947 3979 1032 4061 fere,
1062 3987 1140 4047 tune
1164 3979 1267 4046 etiarn

201 4097 397 4186 superstite,
420 4107 453 4166 et
477 4098 576 4188 quasi
601 4097 681 4167 boni
706 4099 819 4189 operis
845 4099 1037 4190 poenitento.
1060 4099 1123 4180 Qui
1146 4097 1175 4165 si
1196 4118 1269 4164 mo

201 4214 314 4284 dicum
342 4220 419 4307 plus
446 4219 608 4303 vixisset,
635 4220 729 4290 haud
754 4220 857 4291 dubie
883 4221 1050 4291 sensisset
1078 4219 1160 4314 quid
1185 4215 1268 4287 mihi

201 4337 244 4406 de
264 4338 339 4406 eius
360 4340 453 4409 abitu
474 4341 658 4412 videretur.
681 4344 751 4412 lam
772 4346 923 4414 calamus
944 4352 1018 4412 erat
1038 4343 1072 4410 in
1093 4341 1268 4422 manibus;

202 4457 262 4527 sed
289 4458 361 4547 ipse
390 4464 566 4533 confestim
593 4465 780 4553 gloriosum
813 4465 1014 4555 principium
1046 4465 1158 4553 ipsum
1189 4488 1266 4534 euni
