2692 5024
430 729 580 777 errsrom
602 729 643 777 ro
664 728 832 776 rosrmros.
1126 717 1157 776 11

99 871 286 945 sedetiam
316 872 437 965 patriae
468 872 594 942 arctius
626 872 842 961 astringeret,
875 893 929 939 me
954 870 1161 942 Canonicum

62 1033 64 1036 ·
98 994 225 1065 Paduae
252 990 325 1061 fieri
349 991 443 1062 fecit:
464 1002 498 1062 et
523 992 568 1063 ad
593 1013 764 1062 summam
792 990 821 1060 si
846 989 919 1060 vita
940 990 1004 1060 sibi
1030 992 1162 1082 longior

97 1116 231 1201 suisset,
262 1113 345 1184 mihi
375 1115 502 1185 erroris
531 1124 566 1184 et
597 1113 754 1184 itinerum
788 1113 939 1183 omnium
970 1111 1048 1183 finis
1076 1125 1160 1184 erat.

97 1239 161 1311 Sed
190 1239 260 1309 heu
291 1235 373 1306 nihil
403 1237 489 1306 inter
518 1238 679 1306 mortales
710 1236 922 1318 diuturnum,
953 1245 988 1305 et
1020 1236 1049 1305 si
1079 1235 1161 1326 quid

96 1362 193 1432 duloe
215 1382 252 1431 se
271 1358 443 1442 obtulerit,
467 1381 585 1429 amaro
610 1381 692 1430 mox
718 1357 786 1428 fine
810 1358 1039 1462 concluditur!
1062 1358 1162 1428 Bien-

95 1483 152 1552 nio
172 1502 240 1551 non
257 1479 389 1570 integro
409 1499 489 1548 eum
510 1479 593 1549 mihi
613 1489 648 1550 et
667 1480 787 1571 patriae
808 1489 844 1549 et
863 1479 992 1550 mundo
1012 1501 1090 1549 cum
1110 1477 1163 1548 di-

96 1600 259 1685 misisset,
287 1601 380 1669 Deus
407 1599 558 1684 abstulit,
583 1622 652 1692 quo
677 1621 741 1671 nec
764 1623 842 1692 ego,
864 1625 926 1673 nee
951 1603 1074 1695 patria,
1101 1624 1162 1673 nec

97 1723 246 1794 mundus
274 1721 359 1814 (non
385 1743 440 1791 me
462 1722 548 1791 fallit
573 1719 683 1814 amor)
710 1721 805 1812 digni
829 1743 980 1792 eramus.
1011 1724 1055 1794 Et
1086 1723 1164 1794 lieet

97 1843 186 1915 filius
205 1842 271 1914 sibi
288 1843 493 1913 successerit
510 1842 798 1937 prudentissimus
815 1854 850 1913 et
866 1845 1079 1916 clarissimus
1098 1845 1161 1930 vir,

96 1975 129 2036 et
153 1963 214 2055 qui
238 1985 298 2056 per
328 1975 471 2056 paterna
496 1964 643 2055 vestigia
669 1987 724 2035 me
753 1987 872 2036 carum
899 1987 1035 2058 semper
1060 1977 1163 2058 atque

97 2086 300 2157 honoratum
317 2084 447 2169 hahuit,
466 2108 531 2176 ego
549 2097 662 2156 tamen
682 2087 738 2157 iilo
759 2089 888 2158 amisso
905 2111 983 2158 eum
1000 2111 1070 2180 quo
1090 2110 1163 2158 ma-

98 2207 149 2297 gis
171 2205 254 2276 mihi
274 2206 467 2298 praesertim
487 2207 531 2277 de
554 2217 655 2277 aetate
679 2221 900 2294 convenerat,
928 2210 1013 2280 redii
1039 2232 1162 2280 rursus

98 2331 131 2401 in
147 2332 284 2417 Gallias,
299 2344 391 2405 stare
408 2333 558 2418 nescius,
577 2355 645 2403 non
665 2342 735 2402 tam
755 2331 926 2403 desiderio
943 2333 1019 2403 visa
1040 2331 1162 2401 millies

98 2455 280 2540 revisendi,
299 2479 404 2549 quem
423 2457 549 2540 studio,
570 2478 664 2527 more
683 2475 872 2546 aegrorum,
892 2453 954 2525 loci
975 2452 1162 2524 mutatione

99 2574 208 2647 taediis
229 2577 428 2648 consulendi
434 2627 1159 2646 .....................
