<?xml version="1.0" encoding="UTF-8"?>
<!DOCTYPE html PUBLIC "-//W3C//DTD XHTML 1.0 Transitional//EN"
    "http://www.w3.org/TR/xhtml1/DTD/xhtml1-transitional.dtd">
<html xmlns="http://www.w3.org/1999/xhtml" xml:lang="en" lang="en">
 <head>
  <title>
</title>
<meta http-equiv="Content-Type" content="text/html;charset=utf-8" />
  <meta name='ocr-system' content='tesseract 3.04.00' />
  <meta name='ocr-capabilities' content='ocr_page ocr_carea ocr_par ocr_line ocrx_word'/>
</head>
<body>
  <div class='ocr_page' id='page_1' title='image "./epistolaederebu00fracgoog_0286.png"; bbox 0 0 2692 5024; ppageno 0'>
   <div class='ocr_carea' id='block_1_1' title="bbox 362 702 1187 766">
    <p class='ocr_par' dir='ltr' id='par_1_1' title="bbox 362 702 1187 766">
     <span class='ocr_line' id='line_1_1' title="bbox 362 702 1187 766; baseline 0.011 -9"><span class='ocrx_word' id='word_1_1' title='bbox 362 708 455 758; x_wconf 84' lang='lat' dir='ltr'><strong>umnn</strong></span> <span class='ocrx_word' id='word_1_2' title='bbox 476 707 867 761; x_wconf 78' lang='lat' dir='ltr'><strong>susumus-mmmm</strong></span> <span class='ocrx_word' id='word_1_3' title='bbox 886 711 929 760; x_wconf 84' lang='lat' dir='ltr'><strong>rx.</strong></span> <span class='ocrx_word' id='word_1_4' title='bbox 1127 702 1187 766; x_wconf 78' lang='lat'><strong>123</strong></span> 
     </span>
    </p>
   </div>
   <div class='ocr_carea' id='block_1_2' title="bbox 98 852 1302 3891">
    <p class='ocr_par' dir='ltr' id='par_1_2' title="bbox 98 852 1302 3891">
     <span class='ocr_line' id='line_1_2' title="bbox 99 852 1184 951; baseline 0.006 -24"><span class='ocrx_word' id='word_1_5' title='bbox 99 855 168 928; x_wconf 83' lang='lat' dir='ltr'><strong>falli</strong></span> <span class='ocrx_word' id='word_1_6' title='bbox 181 862 306 948; x_wconf 74' lang='lat' dir='ltr'><strong>potest,</strong></span> <span class='ocrx_word' id='word_1_7' title='bbox 327 854 421 925; x_wconf 93' lang='lat' dir='ltr'><strong>unde</strong></span> <span class='ocrx_word' id='word_1_8' title='bbox 432 852 537 927; x_wconf 90' lang='lat' dir='ltr'><strong>devia</strong></span> <span class='ocrx_word' id='word_1_9' title='bbox 549 855 634 928; x_wconf 77' lang='lat' dir='ltr'><strong>vitae</strong></span> <span class='ocrx_word' id='word_1_10' title='bbox 647 875 736 926; x_wconf 85' lang='lat' dir='ltr'><strong>meae</strong></span> <span class='ocrx_word' id='word_1_11' title='bbox 748 877 958 951; x_wconf 83' lang='lat' dir='ltr'><strong>erroresque</strong></span> <span class='ocrx_word' id='word_1_12' title='bbox 976 873 1184 949; x_wconf 85' lang='lat' dir='ltr'><strong>comentem,</strong></span> 
     </span>
     <span class='ocr_line' id='line_1_3' title="bbox 98 976 1186 1073; baseline 0.007 -24"><span class='ocrx_word' id='word_1_13' title='bbox 98 977 258 1050; x_wconf 92' lang='lat' dir='ltr'><strong>misereri</strong></span> <span class='ocrx_word' id='word_1_14' title='bbox 276 976 426 1049; x_wconf 88' lang='lat' dir='ltr'><strong>arbitror</strong></span> <span class='ocrx_word' id='word_1_15' title='bbox 440 977 648 1073; x_wconf 86' lang='lat' dir='ltr'><strong>(praesertim</strong></span> <span class='ocrx_word' id='word_1_16' title='bbox 663 978 693 1050; x_wconf 96' lang='lat' dir='ltr'><strong>si</strong></span> <span class='ocrx_word' id='word_1_17' title='bbox 706 978 953 1053; x_wconf 85' lang='lat' dir='ltr'><strong>adolescentiae</strong></span> <span class='ocrx_word' id='word_1_18' title='bbox 972 1003 1047 1054; x_wconf 89' lang='lat' dir='ltr'><strong>suae</strong></span> <span class='ocrx_word' id='word_1_19' title='bbox 1063 986 1186 1057; x_wconf 91' lang='lat' dir='ltr'><strong>memi-</strong></span> 
     </span>
     <span class='ocr_line' id='line_1_4' title="bbox 99 1100 1184 1198; baseline 0.007 -27"><span class='ocrx_word' id='word_1_20' title='bbox 99 1101 163 1184; x_wconf 91' lang='lat' dir='ltr'><strong>nit,</strong></span> <span class='ocrx_word' id='word_1_21' title='bbox 185 1121 292 1194; x_wconf 91' lang='lat' dir='ltr'><strong>quam</strong></span> <span class='ocrx_word' id='word_1_22' title='bbox 312 1122 439 1193; x_wconf 92' lang='lat' dir='ltr'><strong>vagam</strong></span> <span class='ocrx_word' id='word_1_23' title='bbox 456 1110 492 1171; x_wconf 91' lang='lat' dir='ltr'><strong>et</strong></span> <span class='ocrx_word' id='word_1_24' title='bbox 511 1100 731 1173; x_wconf 88' lang='lat' dir='ltr'><strong>aberrantem</strong></span> <span class='ocrx_word' id='word_1_25' title='bbox 752 1101 940 1174; x_wconf 87' lang='lat' dir='ltr'><strong>miseratus</strong></span> <span class='ocrx_word' id='word_1_26' title='bbox 959 1105 1184 1198; x_wconf 72' lang='lat' dir='ltr'><strong>Omnipotens</strong></span> 
     </span>
     <span class='ocr_line' id='line_1_5' title="bbox 98 1221 1185 1316; baseline 0.005 -20"><span class='ocrx_word' id='word_1_27' title='bbox 98 1222 245 1296; x_wconf 83' lang='lat' dir='ltr'><strong>retraxit</strong></span> <span class='ocrx_word' id='word_1_28' title='bbox 260 1221 306 1294; x_wconf 88' lang='lat' dir='ltr'><strong>ad</strong></span> <span class='ocrx_word' id='word_1_29' title='bbox 319 1232 449 1294; x_wconf 89' lang='lat' dir='ltr'><strong>rectum</strong></span> <span class='ocrx_word' id='word_1_30' title='bbox 462 1222 536 1307; x_wconf 89' lang='lat' dir='ltr'><strong>iter,</strong></span> <span class='ocrx_word' id='word_1_31' title='bbox 550 1231 585 1295; x_wconf 90' lang='lat' dir='ltr'><strong>et</strong></span> <span class='ocrx_word' id='word_1_32' title='bbox 601 1245 706 1309; x_wconf 93' lang='lat' dir='ltr'><strong>nunc,</strong></span> <span class='ocrx_word' id='word_1_33' title='bbox 721 1245 784 1316; x_wconf 90' lang='lat' dir='ltr'><strong>pro</strong></span> <span class='ocrx_word' id='word_1_34' title='bbox 797 1227 955 1297; x_wconf 85' lang='lat' dir='ltr'><strong>arenosis</strong></span> <span class='ocrx_word' id='word_1_35' title='bbox 969 1224 1096 1299; x_wconf 81' lang='lat' dir='ltr'><strong>Africae</strong></span> <span class='ocrx_word' id='word_1_36' title='bbox 1109 1229 1185 1301; x_wconf 75' lang='lat' dir='ltr'><strong>lito</strong></span> 
     </span>
     <span class='ocr_line' id='line_1_6' title="bbox 100 1343 1185 1441; baseline 0.004 -23"><span class='ocrx_word' id='word_1_37' title='bbox 100 1346 212 1430; x_wconf 91' lang='lat' dir='ltr'><strong>ribus,</strong></span> <span class='ocrx_word' id='word_1_38' title='bbox 225 1343 285 1415; x_wconf 90' lang='lat' dir='ltr'><strong>ubi</strong></span> <span class='ocrx_word' id='word_1_39' title='bbox 299 1343 500 1438; x_wconf 85' lang='lat' dir='ltr'><strong>aliquandiu</strong></span> <span class='ocrx_word' id='word_1_40' title='bbox 512 1347 619 1418; x_wconf 82' lang='lat' dir='ltr'><strong>noxie</strong></span> <span class='ocrx_word' id='word_1_41' title='bbox 630 1345 823 1419; x_wconf 88' lang='lat' dir='ltr'><strong>delectatus</strong></span> <span class='ocrx_word' id='word_1_42' title='bbox 841 1349 1012 1441; x_wconf 87' lang='lat' dir='ltr'><strong>vergebat</strong></span> <span class='ocrx_word' id='word_1_43' title='bbox 1030 1350 1075 1421; x_wconf 90' lang='lat' dir='ltr'><strong>ad</strong></span> <span class='ocrx_word' id='word_1_44' title='bbox 1093 1372 1185 1422; x_wconf 92' lang='lat' dir='ltr'><strong>mor-</strong></span> 
     </span>
     <span class='ocr_line' id='line_1_7' title="bbox 101 1469 1184 1569; baseline 0.003 -28"><span class='ocrx_word' id='word_1_45' title='bbox 101 1479 184 1554; x_wconf 88' lang='lat' dir='ltr'><strong>tem,</strong></span> <span class='ocrx_word' id='word_1_46' title='bbox 206 1477 338 1569; x_wconf 77' lang='lat' dir='ltr'><strong>aeterne</strong></span> <span class='ocrx_word' id='word_1_47' title='bbox 357 1469 551 1540; x_wconf 82' lang='lat' dir='ltr'><strong>frondentis</strong></span> <span class='ocrx_word' id='word_1_48' title='bbox 576 1471 766 1542; x_wconf 85' lang='lat' dir='ltr'><strong>Ierusalem</strong></span> <span class='ocrx_word' id='word_1_49' title='bbox 788 1470 864 1543; x_wconf 92' lang='lat' dir='ltr'><strong>sine</strong></span> <span class='ocrx_word' id='word_1_50' title='bbox 885 1470 954 1543; x_wconf 89' lang='lat' dir='ltr'><strong>fine</strong></span> <span class='ocrx_word' id='word_1_51' title='bbox 974 1473 1184 1566; x_wconf 87' lang='lat' dir='ltr'><strong>municipem</strong></span> 
     </span>
     <span class='ocr_line' id='line_1_8' title="bbox 99 1588 1184 1686; baseline 0.003 -23"><span class='ocrx_word' id='word_1_52' title='bbox 99 1613 181 1664; x_wconf 88' lang='lat' dir='ltr'><strong>esse</strong></span> <span class='ocrx_word' id='word_1_53' title='bbox 197 1590 321 1686; x_wconf 84' lang='lat' dir='ltr'><strong>dedit),</strong></span> <span class='ocrx_word' id='word_1_54' title='bbox 340 1590 422 1663; x_wconf 91' lang='lat' dir='ltr'><strong>inde</strong></span> <span class='ocrx_word' id='word_1_55' title='bbox 439 1589 524 1661; x_wconf 92' lang='lat' dir='ltr'><strong>mihi</strong></span> <span class='ocrx_word' id='word_1_56' title='bbox 544 1593 654 1674; x_wconf 82' lang='lat' dir='ltr'><strong>lavet,</strong></span> <span class='ocrx_word' id='word_1_57' title='bbox 670 1591 752 1664; x_wconf 89' lang='lat' dir='ltr'><strong>inde</strong></span> <span class='ocrx_word' id='word_1_58' title='bbox 768 1616 825 1666; x_wconf 90' lang='lat' dir='ltr'><strong>me</strong></span> <span class='ocrx_word' id='word_1_59' title='bbox 841 1593 963 1686; x_wconf 77' lang='lat' dir='ltr'><strong>diligit.</strong></span> <span class='ocrx_word' id='word_1_60' title='bbox 982 1588 1075 1680; x_wconf 84' lang='lat' dir='ltr'><strong>Quid</strong></span> <span class='ocrx_word' id='word_1_61' title='bbox 1092 1596 1184 1666; x_wconf 93' lang='lat' dir='ltr'><strong>enim</strong></span> 
     </span>
     <span class='ocr_line' id='line_1_9' title="bbox 100 1711 1186 1809; baseline 0.006 -27"><span class='ocrx_word' id='word_1_62' title='bbox 100 1711 358 1796; x_wconf 90' lang='lat' dir='ltr'><strong>dubitem‚oum</strong></span> <span class='ocrx_word' id='word_1_63' title='bbox 371 1711 511 1784; x_wconf 84' lang='lat' dir='ltr'><strong>audiam</strong></span> <span class='ocrx_word' id='word_1_64' title='bbox 525 1711 615 1783; x_wconf 90' lang='lat' dir='ltr'><strong>ineo</strong></span> <span class='ocrx_word' id='word_1_65' title='bbox 628 1711 725 1800; x_wconf 91' lang='lat' dir='ltr'><strong>libro,</strong></span> <span class='ocrx_word' id='word_1_66' title='bbox 734 1735 840 1806; x_wconf 94' lang='lat' dir='ltr'><strong>quem</strong></span> <span class='ocrx_word' id='word_1_67' title='bbox 853 1715 898 1787; x_wconf 95' lang='lat' dir='ltr'><strong>de</strong></span> <span class='ocrx_word' id='word_1_68' title='bbox 906 1716 1186 1809; x_wconf 82' lang='lat' dir='ltr'><strong>Veralleligione</strong></span> 
     </span>
     <span class='ocr_line' id='line_1_10' title="bbox 101 1833 1187 1934; baseline 0.004 -27"><span class='ocrx_word' id='word_1_69' title='bbox 101 1833 325 1928; x_wconf 90' lang='lat' dir='ltr'><strong>conscripsit,</strong></span> <span class='ocrx_word' id='word_1_70' title='bbox 361 1856 443 1906; x_wconf 90' lang='lat' dir='ltr'><strong>eum</strong></span> <span class='ocrx_word' id='word_1_71' title='bbox 477 1855 538 1927; x_wconf 89' lang='lat' dir='ltr'><strong>spe</strong></span> <span class='ocrx_word' id='word_1_72' title='bbox 571 1833 773 1908; x_wconf 89' lang='lat' dir='ltr'><strong>firmissima</strong></span> <span class='ocrx_word' id='word_1_73' title='bbox 804 1837 993 1909; x_wconf 87' lang='lat' dir='ltr'><strong>dicentem:</strong></span> <span class='ocrx_word' id='word_1_74' title='bbox 1031 1836 1187 1934; x_wconf 71' lang='lat' dir='ltr'><strong>Quisquis</strong></span> 
     </span>
     <span class='ocr_line' id='line_1_11' title="bbox 101 1955 1185 2054; baseline 0.004 -25"><span class='ocrx_word' id='word_1_75' title='bbox 101 1955 302 2048; x_wconf 69' lang='lat' dir='ltr'><strong>Angelorum</strong></span> <span class='ocrx_word' id='word_1_76' title='bbox 322 1957 431 2027; x_wconf 79' lang='lat' dir='ltr'><strong>Deum</strong></span> <span class='ocrx_word' id='word_1_77' title='bbox 450 1955 575 2047; x_wconf 73' lang='lat' dir='ltr'><strong>diligit,</strong></span> <span class='ocrx_word' id='word_1_78' title='bbox 597 1968 703 2028; x_wconf 80' lang='lat' dir='ltr'><strong>certus</strong></span> <span class='ocrx_word' id='word_1_79' title='bbox 728 1983 801 2029; x_wconf 81' lang='lat' dir='ltr'><strong>sum</strong></span> <span class='ocrx_word' id='word_1_80' title='bbox 825 1959 911 2052; x_wconf 83' lang='lat' dir='ltr'><strong>qaod</strong></span> <span class='ocrx_word' id='word_1_81' title='bbox 929 1982 982 2030; x_wconf 86' lang='lat' dir='ltr'><strong>me</strong></span> <span class='ocrx_word' id='word_1_82' title='bbox 1000 1960 1130 2054; x_wconf 73' lang='lat' dir='ltr'><strong>diligit?</strong></span> <span class='ocrx_word' id='word_1_83' title='bbox 1149 1964 1185 2033; x_wconf 91' lang='lat' dir='ltr'><strong>Si</strong></span> 
     </span>
     <span class='ocr_line' id='line_1_12' title="bbox 100 2080 1186 2174; baseline 0.003 -21"><span class='ocrx_word' id='word_1_84' title='bbox 100 2080 192 2153; x_wconf 91' lang='lat' dir='ltr'><strong>enim</strong></span> <span class='ocrx_word' id='word_1_85' title='bbox 205 2081 272 2165; x_wconf 92' lang='lat' dir='ltr'><strong>ille,</strong></span> <span class='ocrx_word' id='word_1_86' title='bbox 286 2080 574 2172; x_wconf 87' lang='lat' dir='ltr'><strong>contemplatione</strong></span> <span class='ocrx_word' id='word_1_87' title='bbox 586 2081 780 2152; x_wconf 92' lang='lat' dir='ltr'><strong>communis</strong></span> <span class='ocrx_word' id='word_1_88' title='bbox 793 2082 866 2166; x_wconf 90' lang='lat' dir='ltr'><strong>Dei,</strong></span> <span class='ocrx_word' id='word_1_89' title='bbox 881 2081 1075 2174; x_wconf 89' lang='lat' dir='ltr'><strong>angelicum</strong></span> <span class='ocrx_word' id='word_1_90' title='bbox 1089 2106 1186 2156; x_wconf 92' lang='lat' dir='ltr'><strong>amo-</strong></span> 
     </span>
     <span class='ocr_line' id='line_1_13' title="bbox 102 2202 1184 2296; baseline 0.003 -21"><span class='ocrx_word' id='word_1_91' title='bbox 102 2225 176 2275; x_wconf 91' lang='lat' dir='ltr'><strong>rem</strong></span> <span class='ocrx_word' id='word_1_92' title='bbox 198 2202 264 2275; x_wconf 84' lang='lat' dir='ltr'><strong>sibi</strong></span> <span class='ocrx_word' id='word_1_93' title='bbox 286 2203 490 2296; x_wconf 89' lang='lat' dir='ltr'><strong>promittere</strong></span> <span class='ocrx_word' id='word_1_94' title='bbox 510 2224 580 2273; x_wconf 94' lang='lat' dir='ltr'><strong>non</strong></span> <span class='ocrx_word' id='word_1_95' title='bbox 600 2202 732 2288; x_wconf 87' lang='lat' dir='ltr'><strong>metuit,</strong></span> <span class='ocrx_word' id='word_1_96' title='bbox 747 2226 826 2275; x_wconf 90' lang='lat' dir='ltr'><strong>cum</strong></span> <span class='ocrx_word' id='word_1_97' title='bbox 842 2205 888 2276; x_wconf 87' lang='lat' dir='ltr'><strong>sit</strong></span> <span class='ocrx_word' id='word_1_98' title='bbox 907 2206 1024 2288; x_wconf 84' lang='lat' dir='ltr'><strong>hom03</strong></span> <span class='ocrx_word' id='word_1_99' title='bbox 1045 2205 1184 2278; x_wconf 87' lang='lat' dir='ltr'><strong>audebo</strong></span> 
     </span>
     <span class='ocr_line' id='line_1_14' title="bbox 102 2324 1302 2418; baseline 0 -21"><span class='ocrx_word' id='word_1_100' title='bbox 102 2336 137 2397; x_wconf 89' lang='lat' dir='ltr'><strong>et</strong></span> <span class='ocrx_word' id='word_1_101' title='bbox 157 2347 239 2417; x_wconf 88' lang='lat' dir='ltr'><strong>ego,</strong></span> <span class='ocrx_word' id='word_1_102' title='bbox 261 2324 321 2418; x_wconf 91' lang='lat' dir='ltr'><strong>qui</strong></span> <span class='ocrx_word' id='word_1_103' title='bbox 341 2326 446 2411; x_wconf 87' lang='lat' dir='ltr'><strong>homo</strong></span> <span class='ocrx_word' id='word_1_104' title='bbox 472 2348 566 2408; x_wconf 93' lang='lat' dir='ltr'><strong>sum,</strong></span> <span class='ocrx_word' id='word_1_105' title='bbox 595 2344 749 2396; x_wconf 92' lang='lat' dir='ltr'><strong>amorem</strong></span> <span class='ocrx_word' id='word_1_106' title='bbox 775 2325 968 2397; x_wconf 89' lang='lat' dir='ltr'><strong>humanum</strong></span> <span class='ocrx_word' id='word_1_107' title='bbox 994 2328 1121 2398; x_wconf 89' lang='lat' dir='ltr'><strong>animae</strong></span> <span class='ocrx_word' id='word_1_108' title='bbox 1145 2329 1187 2397; x_wconf 91' lang='lat' dir='ltr'><strong>il·</strong></span> <span class='ocrx_word' id='word_1_109' title='bbox 1298 2376 1302 2385; x_wconf 85' lang='lat'><em>·</em></span> 
     </span>
     <span class='ocr_line' id='line_1_15' title="bbox 102 2447 1185 2540; baseline 0.002 -21"><span class='ocrx_word' id='word_1_110' title='bbox 102 2448 168 2520; x_wconf 93' lang='lat' dir='ltr'><strong>lius</strong></span> <span class='ocrx_word' id='word_1_111' title='bbox 191 2449 452 2532; x_wconf 76' lang='lat' dir='ltr'><strong>sacratissimae,</strong></span> <span class='ocrx_word' id='word_1_112' title='bbox 474 2467 555 2539; x_wconf 87' lang='lat' dir='ltr'><strong>quae</strong></span> <span class='ocrx_word' id='word_1_113' title='bbox 573 2468 665 2518; x_wconf 91' lang='lat' dir='ltr'><strong>nunc</strong></span> <span class='ocrx_word' id='word_1_114' title='bbox 681 2449 769 2518; x_wconf 88' lang='lat' dir='ltr'><strong>coelo</strong></span> <span class='ocrx_word' id='word_1_115' title='bbox 786 2447 925 2532; x_wconf 81' lang='lat' dir='ltr'><strong>fruitur,</strong></span> <span class='ocrx_word' id='word_1_116' title='bbox 946 2470 1098 2540; x_wconf 89' lang='lat' dir='ltr'><strong>sperare.</strong></span> <span class='ocrx_word' id='word_1_117' title='bbox 1117 2449 1185 2521; x_wconf 91' lang='lat' dir='ltr'><strong>Sed</strong></span> 
     </span>
     <span class='ocr_line' id='line_1_16' title="bbox 101 2566 1184 2665; baseline -0.001 -23"><span class='ocrx_word' id='word_1_118' title='bbox 101 2571 192 2642; x_wconf 92' lang='lat' dir='ltr'><strong>enim</strong></span> <span class='ocrx_word' id='word_1_119' title='bbox 219 2569 323 2642; x_wconf 92' lang='lat' dir='ltr'><strong>novis</strong></span> <span class='ocrx_word' id='word_1_120' title='bbox 348 2568 405 2640; x_wconf 91' lang='lat' dir='ltr'><strong>hie</strong></span> <span class='ocrx_word' id='word_1_121' title='bbox 425 2566 558 2640; x_wconf 91' lang='lat' dir='ltr'><strong>salibus</strong></span> <span class='ocrx_word' id='word_1_122' title='bbox 580 2567 844 2662; x_wconf 76' lang='lat' dir='ltr'><strong>aspergendis</strong></span> <span class='ocrx_word' id='word_1_123' title='bbox 866 2569 973 2656; x_wconf 90' lang='lat' dir='ltr'><strong>enim,</strong></span> <span class='ocrx_word' id='word_1_124' title='bbox 992 2570 1077 2641; x_wconf 93' lang='lat' dir='ltr'><strong>mihi</strong></span> <span class='ocrx_word' id='word_1_125' title='bbox 1094 2571 1184 2665; x_wconf 77' lang='lat' dir='ltr'><strong>phy-</strong></span> 
     </span>
     <span class='ocr_line' id='line_1_17' title="bbox 102 2690 1182 2784; baseline 0 -20"><span class='ocrx_word' id='word_1_126' title='bbox 102 2693 173 2765; x_wconf 89' lang='lat' dir='ltr'><strong>sica</strong></span> <span class='ocrx_word' id='word_1_127' title='bbox 192 2692 299 2764; x_wconf 89' lang='lat' dir='ltr'><strong>etiam</strong></span> <span class='ocrx_word' id='word_1_128' title='bbox 320 2702 468 2763; x_wconf 91' lang='lat' dir='ltr'><strong>nuncet</strong></span> <span class='ocrx_word' id='word_1_129' title='bbox 488 2692 622 2784; x_wconf 89' lang='lat' dir='ltr'><strong>poetica</strong></span> <span class='ocrx_word' id='word_1_130' title='bbox 643 2690 829 2764; x_wconf 87' lang='lat' dir='ltr'><strong>ruminanti</strong></span> <span class='ocrx_word' id='word_1_131' title='bbox 854 2691 1042 2784; x_wconf 80' lang='lat' dir='ltr'><strong>Augustini</strong></span> <span class='ocrx_word' id='word_1_132' title='bbox 1066 2692 1182 2777; x_wconf 81' lang='lat' dir='ltr'><strong>dicta,</strong></span> 
     </span>
     <span class='ocr_line' id='line_1_18' title="bbox 103 2814 1186 2907; baseline 0.002 -22"><span class='ocrx_word' id='word_1_133' title='bbox 103 2815 203 2906; x_wconf 89' lang='lat' dir='ltr'><strong>quasi</strong></span> <span class='ocrx_word' id='word_1_134' title='bbox 226 2815 388 2907; x_wconf 80' lang='lat' dir='ltr'><strong>quaedam</strong></span> <span class='ocrx_word' id='word_1_135' title='bbox 411 2815 545 2886; x_wconf 92' lang='lat' dir='ltr'><strong>somnia</strong></span> <span class='ocrx_word' id='word_1_136' title='bbox 564 2814 688 2886; x_wconf 86' lang='lat' dir='ltr'><strong>videri.</strong></span> <span class='ocrx_word' id='word_1_137' title='bbox 710 2815 836 2888; x_wconf 91' lang='lat' dir='ltr'><strong>Melius</strong></span> <span class='ocrx_word' id='word_1_138' title='bbox 856 2815 1026 2889; x_wconf 88' lang='lat' dir='ltr'><strong>dixisses:</strong></span> <span class='ocrx_word' id='word_1_139' title='bbox 1048 2817 1105 2887; x_wconf 90' lang='lat' dir='ltr'><strong>illa</strong></span> <span class='ocrx_word' id='word_1_140' title='bbox 1129 2838 1186 2887; x_wconf 87' lang='lat' dir='ltr'><strong>ro-</strong></span> 
     </span>
     <span class='ocr_line' id='line_1_19' title="bbox 104 2937 1183 3030; baseline 0.001 -24"><span class='ocrx_word' id='word_1_141' title='bbox 104 2937 238 3028; x_wconf 89' lang='lat' dir='ltr'><strong>legenti,</strong></span> <span class='ocrx_word' id='word_1_142' title='bbox 263 2947 367 3011; x_wconf 89' lang='lat' dir='ltr'><strong>totam</strong></span> <span class='ocrx_word' id='word_1_143' title='bbox 384 2937 470 3009; x_wconf 90' lang='lat' dir='ltr'><strong>mihi</strong></span> <span class='ocrx_word' id='word_1_144' title='bbox 489 2939 600 3010; x_wconf 90' lang='lat' dir='ltr'><strong>vitam</strong></span> <span class='ocrx_word' id='word_1_145' title='bbox 614 2960 729 3010; x_wconf 87' lang='lat' dir='ltr'><strong>meam</strong></span> <span class='ocrx_word' id='word_1_146' title='bbox 742 2939 825 3009; x_wconf 91' lang='lat' dir='ltr'><strong>nihil</strong></span> <span class='ocrx_word' id='word_1_147' title='bbox 840 2937 954 3009; x_wconf 87' lang='lat' dir='ltr'><strong>videri</strong></span> <span class='ocrx_word' id='word_1_148' title='bbox 968 2937 1062 3008; x_wconf 91' lang='lat' dir='ltr'><strong>aliud</strong></span> <span class='ocrx_word' id='word_1_149' title='bbox 1079 2960 1183 3030; x_wconf 92' lang='lat' dir='ltr'><strong>quam</strong></span> 
     </span>
     <span class='ocr_line' id='line_1_20' title="bbox 103 3060 1185 3153; baseline 0.001 -24"><span class='ocrx_word' id='word_1_150' title='bbox 103 3062 181 3130; x_wconf 88' lang='lat' dir='ltr'><strong>leve</strong></span> <span class='ocrx_word' id='word_1_151' title='bbox 200 3060 386 3145; x_wconf 87' lang='lat' dir='ltr'><strong>somnium,</strong></span> <span class='ocrx_word' id='word_1_152' title='bbox 410 3061 745 3153; x_wconf 80' lang='lat' dir='ltr'><strong>fugacissimumque</strong></span> <span class='ocrx_word' id='word_1_153' title='bbox 758 3061 975 3153; x_wconf 87' lang='lat' dir='ltr'><strong>phantasma.</strong></span> <span class='ocrx_word' id='word_1_154' title='bbox 995 3060 1116 3150; x_wconf 86' lang='lat' dir='ltr'><strong>ltaque</strong></span> <span class='ocrx_word' id='word_1_155' title='bbox 1136 3061 1185 3130; x_wconf 89' lang='lat' dir='ltr'><strong>lo-</strong></span> 
     </span>
     <span class='ocr_line' id='line_1_21' title="bbox 101 3179 1182 3272; baseline -0.005 -16"><span class='ocrx_word' id='word_1_156' title='bbox 101 3185 215 3256; x_wconf 89' lang='lat' dir='ltr'><strong>ctione</strong></span> <span class='ocrx_word' id='word_1_157' title='bbox 234 3183 291 3255; x_wconf 91' lang='lat' dir='ltr'><strong>illa</strong></span> <span class='ocrx_word' id='word_1_158' title='bbox 301 3184 436 3256; x_wconf 86' lang='lat' dir='ltr'><strong>excitor</strong></span> <span class='ocrx_word' id='word_1_159' title='bbox 456 3183 649 3266; x_wconf 89' lang='lat' dir='ltr'><strong>interdum,</strong></span> <span class='ocrx_word' id='word_1_160' title='bbox 670 3183 768 3252; x_wconf 91' lang='lat' dir='ltr'><strong>velut</strong></span> <span class='ocrx_word' id='word_1_161' title='bbox 784 3203 804 3252; x_wconf 92' lang='lat' dir='ltr'><strong>e</strong></span> <span class='ocrx_word' id='word_1_162' title='bbox 819 3201 941 3252; x_wconf 91' lang='lat' dir='ltr'><strong>somno</strong></span> <span class='ocrx_word' id='word_1_163' title='bbox 955 3179 1182 3272; x_wconf 88' lang='lat' dir='ltr'><strong>gravissimo;</strong></span> 
     </span>
     <span class='ocr_line' id='line_1_22' title="bbox 103 3302 1184 3398; baseline -0.004 -20"><span class='ocrx_word' id='word_1_164' title='bbox 103 3307 179 3390; x_wconf 91' lang='lat' dir='ltr'><strong>sed,</strong></span> <span class='ocrx_word' id='word_1_165' title='bbox 217 3317 365 3398; x_wconf 86' lang='lat' dir='ltr'><strong>urgente</strong></span> <span class='ocrx_word' id='word_1_166' title='bbox 402 3305 622 3378; x_wconf 87' lang='lat' dir='ltr'><strong>mortalitatis</strong></span> <span class='ocrx_word' id='word_1_167' title='bbox 657 3303 806 3388; x_wconf 85' lang='lat' dir='ltr'><strong>sarcina,</strong></span> <span class='ocrx_word' id='word_1_168' title='bbox 844 3302 1022 3398; x_wconf 80' lang='lat' dir='ltr'><strong>palpebrae</strong></span> <span class='ocrx_word' id='word_1_169' title='bbox 1059 3323 1184 3374; x_wconf 89' lang='lat' dir='ltr'><strong>rursus</strong></span> 
     </span>
     <span class='ocr_line' id='line_1_23' title="bbox 102 3425 1184 3521; baseline -0.005 -20"><span class='ocrx_word' id='word_1_170' title='bbox 102 3438 241 3513; x_wconf 83' lang='lat' dir='ltr'><strong>coeunt;</strong></span> <span class='ocrx_word' id='word_1_171' title='bbox 276 3439 311 3501; x_wconf 89' lang='lat' dir='ltr'><strong>et</strong></span> <span class='ocrx_word' id='word_1_172' title='bbox 343 3429 468 3501; x_wconf 89' lang='lat' dir='ltr'><strong>iterum</strong></span> <span class='ocrx_word' id='word_1_173' title='bbox 499 3427 742 3521; x_wconf 85' lang='lat' dir='ltr'><strong>expergiscor,</strong></span> <span class='ocrx_word' id='word_1_174' title='bbox 779 3426 966 3501; x_wconf 88' lang='lat' dir='ltr'><strong>etiterum</strong></span> <span class='ocrx_word' id='word_1_175' title='bbox 992 3425 1184 3500; x_wconf 89' lang='lat' dir='ltr'><strong>obdormio.</strong></span> 
     </span>
     <span class='ocr_line' id='line_1_24' title="bbox 102 3548 1188 3637; baseline -0.006 -16"><span class='ocrx_word' id='word_1_176' title='bbox 102 3551 308 3622; x_wconf 86' lang='lat' dir='ltr'><strong>Voluntates</strong></span> <span class='ocrx_word' id='word_1_177' title='bbox 329 3571 417 3623; x_wconf 83' lang='lat' dir='ltr'><strong>meae</strong></span> <span class='ocrx_word' id='word_1_178' title='bbox 437 3549 616 3637; x_wconf 86' lang='lat' dir='ltr'><strong>fluctuant,</strong></span> <span class='ocrx_word' id='word_1_179' title='bbox 645 3558 681 3620; x_wconf 91' lang='lat' dir='ltr'><strong>et</strong></span> <span class='ocrx_word' id='word_1_180' title='bbox 705 3549 879 3622; x_wconf 90' lang='lat' dir='ltr'><strong>desideria</strong></span> <span class='ocrx_word' id='word_1_181' title='bbox 904 3548 1124 3630; x_wconf 87' lang='lat' dir='ltr'><strong>discordant,</strong></span> <span class='ocrx_word' id='word_1_182' title='bbox 1150 3555 1188 3616; x_wconf 90' lang='lat' dir='ltr'><strong>et</strong></span> 
     </span>
     <span class='ocr_line' id='line_1_25' title="bbox 103 3665 1186 3747; baseline -0.006 -4"><span class='ocrx_word' id='word_1_183' title='bbox 103 3672 335 3746; x_wconf 88' lang='lat' dir='ltr'><strong>discordando</strong></span> <span class='ocrx_word' id='word_1_184' title='bbox 356 3696 411 3745; x_wconf 91' lang='lat' dir='ltr'><strong>me</strong></span> <span class='ocrx_word' id='word_1_185' title='bbox 431 3676 593 3745; x_wconf 88' lang='lat' dir='ltr'><strong>lacerant.</strong></span> <span class='ocrx_word' id='word_1_186' title='bbox 622 3673 678 3745; x_wconf 90' lang='lat' dir='ltr'><strong>Sic</strong></span> <span class='ocrx_word' id='word_1_187' title='bbox 703 3673 877 3747; x_wconf 89' lang='lat' dir='ltr'><strong>adversus</strong></span> <span class='ocrx_word' id='word_1_188' title='bbox 898 3672 1096 3743; x_wconf 87' lang='lat' dir='ltr'><strong>interiorem</strong></span> <span class='ocrx_word' id='word_1_189' title='bbox 1123 3665 1186 3737; x_wconf 76' lang='lat' dir='ltr'><strong>ho</strong></span> 
     </span>
     <span class='ocr_line' id='line_1_26' title="bbox 106 3794 575 3891; baseline 0.004 -27"><span class='ocrx_word' id='word_1_190' title='bbox 106 3794 235 3866; x_wconf 91' lang='lat' dir='ltr'><strong>minem</strong></span> <span class='ocrx_word' id='word_1_191' title='bbox 253 3796 408 3869; x_wconf 82' lang='lat' dir='ltr'><strong>exterior</strong></span> <span class='ocrx_word' id='word_1_192' title='bbox 427 3807 575 3891; x_wconf 82' lang='lat' dir='ltr'><strong>pugnat:</strong></span> 
     </span>
    </p>
   </div>
   <div class='ocr_carea' id='block_1_3' title="bbox 225 4039 1070 4224">
    <p class='ocr_par' dir='ltr' id='par_1_3' title="bbox 225 4039 1070 4224">
     <span class='ocr_line' id='line_1_27' title="bbox 226 4039 1070 4125; baseline -0.008 -18"><span class='ocrx_word' id='word_1_193' title='bbox 226 4043 310 4109; x_wconf 82' lang='lat' dir='ltr'><strong>Nunc</strong></span> <span class='ocrx_word' id='word_1_194' title='bbox 326 4046 431 4110; x_wconf 81' lang='lat' dir='ltr'><strong>dextra</strong></span> <span class='ocrx_word' id='word_1_195' title='bbox 448 4046 640 4125; x_wconf 84' lang='lat' dir='ltr'><strong>ingeminans</strong></span> <span class='ocrx_word' id='word_1_196' title='bbox 657 4048 750 4124; x_wconf 89' lang='lat' dir='ltr'><strong>ictus,</strong></span> <span class='ocrx_word' id='word_1_197' title='bbox 768 4061 847 4108; x_wconf 86' lang='lat' dir='ltr'><strong>nune</strong></span> <span class='ocrx_word' id='word_1_198' title='bbox 864 4043 913 4106; x_wconf 90' lang='lat' dir='ltr'><strong>illc</strong></span> <span class='ocrx_word' id='word_1_199' title='bbox 930 4039 1070 4114; x_wconf 70' lang='lat' dir='ltr'><strong>sinistra:</strong></span> 
     </span>
     <span class='ocr_line' id='line_1_28' title="bbox 225 4143 633 4224; baseline 0.005 -19"><span class='ocrx_word' id='word_1_200' title='bbox 225 4143 286 4208; x_wconf 85' lang='lat' dir='ltr'><strong>Nae</strong></span> <span class='ocrx_word' id='word_1_201' title='bbox 302 4160 405 4221; x_wconf 91' lang='lat' dir='ltr'><strong>mora,</strong></span> <span class='ocrx_word' id='word_1_202' title='bbox 423 4161 479 4208; x_wconf 90' lang='lat' dir='ltr'><strong>nec</strong></span> <span class='ocrx_word' id='word_1_203' title='bbox 496 4146 633 4224; x_wconf 89' lang='lat' dir='ltr'><strong>requies:</strong></span> 
     </span>
    </p>
   </div>
   <div class='ocr_carea' id='block_1_4' title="bbox 104 4391 1190 4617">
    <p class='ocr_par' dir='ltr' id='par_1_4' title="bbox 104 4391 1190 4617">
     <span class='ocr_line' id='line_1_29' title="bbox 104 4391 1189 4492; baseline -0.009 -19"><span class='ocrx_word' id='word_1_204' title='bbox 104 4414 139 4475; x_wconf 91' lang='lat' dir='ltr'><strong>et</strong></span> <span class='ocrx_word' id='word_1_205' title='bbox 157 4404 192 4474; x_wconf 95' lang='lat' dir='ltr'><strong>ni</strong></span> <span class='ocrx_word' id='word_1_206' title='bbox 212 4406 315 4477; x_wconf 82' lang='lat' dir='ltr'><strong>Pater</strong></span> <span class='ocrx_word' id='word_1_207' title='bbox 335 4414 504 4487; x_wconf 78' lang='lat' dir='ltr'><strong>aeternus,</strong></span> <span class='ocrx_word' id='word_1_208' title='bbox 527 4421 614 4474; x_wconf 88' lang='lat' dir='ltr'><strong>voce</strong></span> <span class='ocrx_word' id='word_1_209' title='bbox 633 4398 755 4492; x_wconf 88' lang='lat' dir='ltr'><strong>praelia</strong></span> <span class='ocrx_word' id='word_1_210' title='bbox 772 4396 951 4482; x_wconf 88' lang='lat' dir='ltr'><strong>dirimens,</strong></span> <span class='ocrx_word' id='word_1_211' title='bbox 970 4398 1103 4466; x_wconf 80' lang='lat' dir='ltr'><strong>fessum</strong></span> <span class='ocrx_word' id='word_1_212' title='bbox 1120 4391 1189 4463; x_wconf 87' lang='lat' dir='ltr'><strong>Da-</strong></span> 
     </span>
     <span class='ocr_line' id='line_1_30' title="bbox 105 4517 1190 4617; baseline -0.012 -18"><span class='ocrx_word' id='word_1_213' title='bbox 105 4538 179 4601; x_wconf 84' lang='lat' dir='ltr'><strong>reta</strong></span> <span class='ocrx_word' id='word_1_214' title='bbox 198 4527 244 4600; x_wconf 89' lang='lat' dir='ltr'><strong>de</strong></span> <span class='ocrx_word' id='word_1_215' title='bbox 265 4526 428 4601; x_wconf 89' lang='lat' dir='ltr'><strong>manibus</strong></span> <span class='ocrx_word' id='word_1_216' title='bbox 454 4522 581 4599; x_wconf 84' lang='lat' dir='ltr'><strong>Entelli</strong></span> <span class='ocrx_word' id='word_1_217' title='bbox 606 4521 760 4597; x_wconf 89' lang='lat' dir='ltr'><strong>ardentis</strong></span> <span class='ocrx_word' id='word_1_218' title='bbox 784 4520 922 4617; x_wconf 83' lang='lat' dir='ltr'><strong>eripiat,</strong></span> <span class='ocrx_word' id='word_1_219' title='bbox 949 4517 1067 4594; x_wconf 86' lang='lat' dir='ltr'><strong>vincet</strong></span> <span class='ocrx_word' id='word_1_220' title='bbox 1089 4524 1190 4593; x_wconf 81' lang='lat' dir='ltr'><strong>exte-</strong></span> 
     </span>
    </p>
   </div>
   <div class='ocr_carea' id='block_1_5' title="bbox 0 0 1355 5024">
    <p class='ocr_par' dir='ltr' id='par_1_5' title="bbox 0 0 1355 5024">
     <span class='ocr_line' id='line_1_31' title="bbox 0 0 1355 5024; baseline 0 0"><span class='ocrx_word' id='word_1_221' title='bbox 0 0 1355 5024; x_wconf 95' lang='lat' dir='ltr'><strong> </strong></span> 
     </span>
    </p>
   </div>
  </div>
 </body>
</html>
