2692 5024
385 633 478 682 iruna
500 633 643 684 rennos.
657 652 698 666 -
711 633 865 683 nrusronn
886 633 939 683 mr.
1152 623 1210 686 165

540 876 718 942 nulsione
739 878 794 942 llll.

303 1061 496 1112 rnancrscus
516 1062 686 1112 urrunnun
707 1063 816 1113 uinco
837 1064 896 1114 suo
917 1067 942 1115 s.
962 1068 989 1115 r.
1009 1066 1039 1115 n.

229 1230 374 1286 Dissuadet
389 1231 509 1285 amicum
524 1247 539 1284 a
553 1231 623 1284 votis
636 1230 807 1299 monasticis,
820 1230 955 1304 illumque
968 1231 1002 1287 ad
1016 1234 1111 1305 patriae

412 1318 556 1374 commoda
569 1318 742 1390 procuranda
756 1319 928 1375 adhortatur.

227 1518 391 1590 Animum
414 1530 526 1604 tuum,
552 1519 653 1612 quasi
677 1517 826 1590 visibilis
847 1520 964 1606 luerit,
990 1522 1120 1617 optime
1137 1525 1207 1611 vir,

130 1653 251 1740 aperte
271 1643 356 1716 satis
378 1643 414 1713 in
430 1642 553 1715 litteris
572 1641 766 1715 ostendisti.
788 1643 907 1738 Neque
925 1646 1017 1718 enim
1039 1648 1133 1742 loqui
1158 1659 1210 1721 ta-

131 1767 208 1839 liter
223 1765 409 1860 quisquam
422 1775 549 1860 potest,
573 1765 641 1837 nisi
658 1765 719 1859 qui
731 1767 843 1839 taliter
854 1779 911 1841 est
923 1769 1077 1842 affectus.
1093 1770 1211 1844 Sentio

130 1873 268 1962 aculeos
286 1889 367 1972 stili,
386 1911 535 1981 magnus
552 1888 613 1961 tibi
633 1912 731 1962 amor
748 1889 858 1963 verba
877 1891 1033 1976 dictavit
1051 1916 1211 1967 occurro-

130 2035 199 2106 que
218 2011 333 2098 avide,
354 2021 389 2085 ct
405 2013 557 2106 pulsanti
579 2014 740 2087 amicitiae
759 2035 847 2086 meae
861 2018 952 2088 sores
966 2018 1068 2088 laetus
1082 2017 1208 2111 aperio.

129 2135 221 2222 Quid
239 2138 369 2228 loquor,
388 2137 519 2228 aperio,
540 2158 620 2229 quae
641 2135 701 2208 tibi
720 2137 930 2210 suavissime
942 2139 1128 2232 postulanti
1140 2139 1209 2211 iam

130 2269 209 2329 ante
229 2257 494 2351 quadriennium
516 2261 722 2351 patuerunt?
738 2258 903 2351 Agnosco
915 2262 1069 2334 Marcum
1083 2284 1207 2349 meum,

129 2383 385 2474 amplectorque
398 2403 476 2453 cum
491 2379 619 2473 gaudio
635 2381 672 2451 in
684 2381 739 2453 his
752 2381 874 2455 litteris
888 2383 957 2455 tuis
970 2384 1016 2456 ad
1028 2406 1085 2457 me
1097 2386 1207 2476 longo,

130 2514 169 2575 ut
187 2504 234 2575 ita
251 2503 418 2590 dixerim,
439 2504 565 2575 silentii
585 2503 794 2598 postliminio
811 2505 1028 2593 redeuntem,
1056 2518 1093 2579 et
1118 2524 1211 2580 nunc

129 2627 220 2699 illius
241 2626 375 2699 floridae
391 2626 517 2699 indolis
531 2639 601 2698 tuae
612 2629 746 2700 fructus
759 2628 955 2703 uberrimos
974 2629 1216 2724 gratissimos-⁶

130 2773 198 2844 que
218 2749 381 2843 percipio.
400 2751 543 2843 Semper
559 2751 721 2844 equidem
739 2753 888 2846 speravi,
905 2764 945 2825 ut
958 2763 1073 2826 tantus
1091 2753 1136 2826 de
1153 2751 1212 2824 tali

130 2873 351 2946 adolescente
371 2871 425 2943 vir
442 2870 556 2944 fieres.
571 2874 639 2946 Sed
652 2873 695 2959 id,
710 2877 826 2960 fateor,
846 2887 916 2948 tam
934 2877 1001 2949 cito
1019 2873 1095 2947 lieri
1106 2896 1211 2968 posse

132 2976 201 3066 non
220 2994 362 3067 credidi.
383 2995 558 3067 Praevenit
579 3019 678 3090 spem
699 3019 813 3069 meam
833 3019 984 3090 praecox,
1003 3017 1115 3089 eoque
1133 3016 1212 3085 gra-

134 3117 214 3204 tior,
231 3116 343 3189 virtus
361 3129 431 3190 tua.
459 3120 628 3189 Ceterum
654 3130 689 3190 et
713 3117 948 3191 ardentissimi
969 3115 1136 3212 propositi
1161 3117 1211 3188 tui

130 3239 282 3326 memini,
304 3242 399 3334 quod
419 3240 504 3311 mihi
523 3263 593 3312 non
614 3241 734 3334 paucis
756 3240 837 3312 olim
855 3239 975 3312 verbis
989 3240 1023 3310 in
1037 3237 1113 3332 ipso
1126 3238 1213 3312 ami-

129 3363 220 3436 citiae
253 3374 383 3435 nostrae
414 3361 603 3457 primordio
635 3350 864 3435 fidentissime
896 3360 1071 3436 revelasti.
1103 3361 1213 3456 ldque

132 3510 224 3560 nunc
240 3490 298 3559 vel
315 3499 499 3574 mutatum,
518 3491 592 3574 vel,
615 3488 709 3581 quod
734 3486 846 3579 magis
873 3509 1040 3580 auguror,
1068 3483 1211 3557 dilatum

129 3632 212 3683 esse
231 3631 302 3682 non
320 3610 438 3684 doleo:
460 3612 564 3684 modo
582 3611 665 3683 mihi
679 3610 764 3683 illud
776 3610 963 3690 exhibeas,
978 3605 1212 3702 quodoptimo

129 3733 298 3828 principio
319 3734 488 3827 pollicitus
508 3757 563 3819 es,
582 3746 621 3807 ut
640 3735 786 3807 inomni
807 3737 944 3807 fortuna
963 3733 1074 3802 Deum
1101 3749 1209 3812 ameS,

130 3855 178 3926 illi
197 3856 384 3942 inhaercaS,
405 3857 499 3928 illum
521 3860 628 3943 colas,
655 3868 761 3952 atque
786 3857 831 3930 ad
855 3858 950 3928 illum
975 3852 1081 3926 totius
1106 3849 1212 3923 animi

132 3979 320 4051 intentione
342 3980 511 4073 suspires.
529 3981 606 4051 Non
619 3978 869 4074 impossibilem
883 3978 944 4050 tibi
958 3979 1069 4068 legem
1083 3983 1210 4048 statuo:

129 4122 200 4193 qua
218 4111 250 4173 te
266 4102 317 4173 ire
331 4103 442 4186 iubeo,
460 4102 539 4173 trita
550 4110 606 4173 est
618 4102 687 4173 via.
702 4102 813 4186 Quam
826 4100 924 4171 multi
938 4098 1003 4169 viri
1018 4095 1210 4182 clarissimi,

130 4247 355 4319 magnacum
377 4225 500 4317 gloria,
523 4246 587 4317 per
603 4221 803 4315 reipublicae
822 4229 1056 4315 tempestates,
1074 4220 1120 4293 ad
1135 4241 1213 4292 ere-

129 4347 236 4420 mitici
255 4360 375 4441 portus
398 4345 573 4417 silentium
593 4355 841 4440 pervenerunt
856 4366 960 4438 quam
977 4344 1076 4416 multi
1092 4343 1209 4428 etiam,

130 4472 249 4562 procul
284 4470 364 4543 iude
397 4468 495 4541 iactis
528 4467 678 4554 ancoris,
717 4465 974 4561 navigationem
1007 4465 1090 4542 vitae
1121 4487 1211 4564 prae-
