<?xml version="1.0" encoding="UTF-8"?>
<!DOCTYPE html PUBLIC "-//W3C//DTD XHTML 1.0 Transitional//EN"
    "http://www.w3.org/TR/xhtml1/DTD/xhtml1-transitional.dtd">
<html xmlns="http://www.w3.org/1999/xhtml" xml:lang="en" lang="en">
 <head>
  <title>
</title>
<meta http-equiv="Content-Type" content="text/html;charset=utf-8" />
  <meta name='ocr-system' content='tesseract 3.04.00' />
  <meta name='ocr-capabilities' content='ocr_page ocr_carea ocr_par ocr_line ocrx_word'/>
</head>
<body>
  <div class='ocr_page' id='page_1' title='image "./epistolaederebu00fracgoog_0531.png"; bbox 0 0 2692 5024; ppageno 0'>
   <div class='ocr_carea' id='block_1_1' title="bbox 128 582 873 643">
    <p class='ocr_par' dir='ltr' id='par_1_1' title="bbox 128 582 873 643">
     <span class='ocr_line' id='line_1_1' title="bbox 128 582 873 643; baseline -0.004 0"><span class='ocrx_word' id='word_1_1' title='bbox 128 582 188 643; x_wconf 76' lang='lat' dir='ltr'><strong>3b8</strong></span> <span class='ocrx_word' id='word_1_2' title='bbox 466 590 509 641; x_wconf 74' lang='lat' dir='ltr'><strong>bb</strong></span> <span class='ocrx_word' id='word_1_3' title='bbox 529 586 632 641; x_wconf 68' lang='lat' dir='ltr'><strong>ant</strong></span> <span class='ocrx_word' id='word_1_4' title='bbox 649 586 873 641; x_wconf 70' lang='lat' dir='ltr'><strong>remnants</strong></span> 
     </span>
    </p>
   </div>
   <div class='ocr_carea' id='block_1_2' title="bbox 127 730 1220 1323">
    <p class='ocr_par' dir='ltr' id='par_1_2' title="bbox 127 730 1220 1323">
     <span class='ocr_line' id='line_1_2' title="bbox 127 730 1217 831; baseline -0.003 -22"><span class='ocrx_word' id='word_1_5' title='bbox 127 734 230 809; x_wconf 84' lang='lat' dir='ltr'><strong>lectio</strong></span> <span class='ocrx_word' id='word_1_6' title='bbox 258 754 338 827; x_wconf 89' lang='lat' dir='ltr'><strong>mea</strong></span> <span class='ocrx_word' id='word_1_7' title='bbox 369 732 526 831; x_wconf 85' lang='lat' dir='ltr'><strong>peperit,</strong></span> <span class='ocrx_word' id='word_1_8' title='bbox 562 732 672 805; x_wconf 87' lang='lat' dir='ltr'><strong>multa</strong></span> <span class='ocrx_word' id='word_1_9' title='bbox 701 730 738 803; x_wconf 91' lang='lat' dir='ltr'><strong>in</strong></span> <span class='ocrx_word' id='word_1_10' title='bbox 770 730 896 805; x_wconf 76' lang='lat' dir='ltr'><strong>faciem</strong></span> <span class='ocrx_word' id='word_1_11' title='bbox 924 738 962 805; x_wconf 85' lang='lat' dir='ltr'><strong>et</strong></span> <span class='ocrx_word' id='word_1_12' title='bbox 997 730 1036 805; x_wconf 91' lang='lat' dir='ltr'><strong>in</strong></span> <span class='ocrx_word' id='word_1_13' title='bbox 1076 740 1217 829; x_wconf 71' lang='lat' dir='ltr'><strong>tergum</strong></span> 
     </span>
     <span class='ocr_line' id='line_1_3' title="bbox 127 854 1217 953; baseline -0.003 -19"><span class='ocrx_word' id='word_1_14' title='bbox 127 856 283 935; x_wconf 88' lang='lat' dir='ltr'><strong>curanda</strong></span> <span class='ocrx_word' id='word_1_15' title='bbox 305 856 528 931; x_wconf 88' lang='lat' dir='ltr'><strong>denuntians.</strong></span> <span class='ocrx_word' id='word_1_16' title='bbox 557 856 646 929; x_wconf 86' lang='lat' dir='ltr'><strong>Cum</strong></span> <span class='ocrx_word' id='word_1_17' title='bbox 668 876 718 927; x_wconf 87' lang='lat' dir='ltr'><strong>ex</strong></span> <span class='ocrx_word' id='word_1_18' title='bbox 745 874 849 949; x_wconf 77' lang='lat' dir='ltr'><strong>mque</strong></span> <span class='ocrx_word' id='word_1_19' title='bbox 880 854 1069 953; x_wconf 77' lang='lat' dir='ltr'><strong>despicme</strong></span> <span class='ocrx_word' id='word_1_20' title='bbox 1100 858 1217 931; x_wconf 82' lang='lat' dir='ltr'><strong>omnia</strong></span> 
     </span>
     <span class='ocr_line' id='line_1_4' title="bbox 128 970 1214 1077; baseline 0 -24"><span class='ocrx_word' id='word_1_21' title='bbox 128 982 165 1053; x_wconf 92' lang='lat' dir='ltr'><strong>in</strong></span> <span class='ocrx_word' id='word_1_22' title='bbox 183 970 339 1059; x_wconf 79' lang='lat' dir='ltr'><strong>animuin</strong></span> <span class='ocrx_word' id='word_1_23' title='bbox 358 979 532 1053; x_wconf 85' lang='lat' dir='ltr'><strong>induxero</strong></span> <span class='ocrx_word' id='word_1_24' title='bbox 553 978 667 1075; x_wconf 86' lang='lat' dir='ltr'><strong>(quod</strong></span> <span class='ocrx_word' id='word_1_25' title='bbox 686 1000 817 1074; x_wconf 77' lang='lat' dir='ltr'><strong>magna</strong></span> <span class='ocrx_word' id='word_1_26' title='bbox 830 990 881 1053; x_wconf 82' lang='lat' dir='ltr'><strong>&#39;ex</strong></span> <span class='ocrx_word' id='word_1_27' title='bbox 900 990 1002 1075; x_wconf 83' lang='lat' dir='ltr'><strong>parte</strong></span> <span class='ocrx_word' id='word_1_28' title='bbox 1021 980 1097 1055; x_wconf 89' lang='lat' dir='ltr'><strong>iam</strong></span> <span class='ocrx_word' id='word_1_29' title='bbox 1113 980 1214 1077; x_wconf 81' lang='lat' dir='ltr'><strong>luci),</strong></span> 
     </span>
     <span class='ocr_line' id='line_1_5' title="bbox 128 1101 1220 1200; baseline 0 -21"><span class='ocrx_word' id='word_1_30' title='bbox 128 1115 203 1179; x_wconf 91' lang='lat' dir='ltr'><strong>tum</strong></span> <span class='ocrx_word' id='word_1_31' title='bbox 221 1104 372 1200; x_wconf 87' lang='lat' dir='ltr'><strong>primam</strong></span> <span class='ocrx_word' id='word_1_32' title='bbox 389 1101 594 1197; x_wconf 90' lang='lat' dir='ltr'><strong>tranquillos</strong></span> <span class='ocrx_word' id='word_1_33' title='bbox 615 1122 758 1175; x_wconf 79' lang='lat' dir='ltr'><strong>somnos</strong></span> <span class='ocrx_word' id='word_1_34' title='bbox 781 1122 927 1199; x_wconf 86' lang='lat' dir='ltr'><strong>carpere</strong></span> <span class='ocrx_word' id='word_1_35' title='bbox 942 1102 1127 1199; x_wconf 88' lang='lat' dir='ltr'><strong>incipiam,</strong></span> <span class='ocrx_word' id='word_1_36' title='bbox 1147 1124 1220 1179; x_wconf 92' lang='lat' dir='ltr'><strong>non</strong></span> 
     </span>
     <span class='ocr_line' id='line_1_6' title="bbox 127 1222 911 1323; baseline -0.005 -20"><span class='ocrx_word' id='word_1_37' title='bbox 127 1229 227 1303; x_wconf 87' lang='lat' dir='ltr'><strong>alitor</strong></span> <span class='ocrx_word' id='word_1_38' title='bbox 244 1248 352 1323; x_wconf 84' lang='lat' dir='ltr'><strong>quam</strong></span> <span class='ocrx_word' id='word_1_39' title='bbox 371 1226 501 1301; x_wconf 81' lang='lat' dir='ltr'><strong>AEneas</strong></span> <span class='ocrx_word' id='word_1_40' title='bbox 521 1225 579 1299; x_wconf 89' lang='lat' dir='ltr'><strong>ille</strong></span> <span class='ocrx_word' id='word_1_41' title='bbox 598 1222 828 1319; x_wconf 75' lang='lat' dir='ltr'><strong>Virgilianos,</strong></span> <span class='ocrx_word' id='word_1_42' title='bbox 847 1225 911 1321; x_wconf 81' lang='lat' dir='ltr'><strong>qni</strong></span> 
     </span>
    </p>
   </div>
   <div class='ocr_carea' id='block_1_3' title="bbox 327 1424 1031 1607">
    <p class='ocr_par' dir='ltr' id='par_1_3' title="bbox 327 1424 1031 1607">
     <span class='ocr_line' id='line_1_7' title="bbox 646 1424 949 1503; baseline 0.007 -14"><span class='ocrx_word' id='word_1_43' title='bbox 646 1425 709 1489; x_wconf 69' lang='lat' dir='ltr'><strong>mm</strong></span> <span class='ocrx_word' id='word_1_44' title='bbox 723 1430 827 1491; x_wconf 73' lang='lat' dir='ltr'><strong>oenus</strong></span> <span class='ocrx_word' id='word_1_45' title='bbox 841 1424 949 1503; x_wconf 89' lang='lat' dir='ltr'><strong>eundi,</strong></span> 
     </span>
     <span class='ocr_line' id='line_1_8' title="bbox 327 1521 1031 1607; baseline -0.001 -18"><span class='ocrx_word' id='word_1_46' title='bbox 327 1524 474 1607; x_wconf 73' lang='lat' dir='ltr'><strong>cumeum</strong></span> <span class='ocrx_word' id='word_1_47' title='bbox 489 1538 628 1602; x_wconf 83' lang='lat' dir='ltr'><strong>somnos,</strong></span> <span class='ocrx_word' id='word_1_48' title='bbox 644 1524 739 1589; x_wconf 88' lang='lat' dir='ltr'><strong>rebus</strong></span> <span class='ocrx_word' id='word_1_49' title='bbox 753 1524 817 1589; x_wconf 85' lang='lat' dir='ltr'><strong>iam</strong></span> <span class='ocrx_word' id='word_1_50' title='bbox 830 1522 892 1587; x_wconf 89' lang='lat' dir='ltr'><strong>rite</strong></span> <span class='ocrx_word' id='word_1_51' title='bbox 905 1521 1031 1607; x_wconf 87' lang='lat' dir='ltr'><strong>paratis.</strong></span> 
     </span>
    </p>
   </div>
   <div class='ocr_carea' id='block_1_4' title="bbox 127 1712 1219 4531">
    <p class='ocr_par' dir='ltr' id='par_1_4' title="bbox 127 1712 1219 4531">
     <span class='ocr_line' id='line_1_9' title="bbox 128 1712 1216 1817; baseline -0.002 -20"><span class='ocrx_word' id='word_1_52' title='bbox 128 1724 200 1799; x_wconf 82' lang='lat' dir='ltr'><strong>Aut</strong></span> <span class='ocrx_word' id='word_1_53' title='bbox 221 1720 315 1797; x_wconf 89' lang='lat' dir='ltr'><strong>enim</strong></span> <span class='ocrx_word' id='word_1_54' title='bbox 337 1721 452 1805; x_wconf 79' lang='lat' dir='ltr'><strong>fallor,</strong></span> <span class='ocrx_word' id='word_1_55' title='bbox 472 1728 534 1793; x_wconf 86' lang='lat' dir='ltr'><strong>aut</strong></span> <span class='ocrx_word' id='word_1_56' title='bbox 551 1740 682 1817; x_wconf 78' lang='lat' dir='ltr'><strong>anceps</strong></span> <span class='ocrx_word' id='word_1_57' title='bbox 699 1728 738 1791; x_wconf 86' lang='lat' dir='ltr'><strong>et</strong></span> <span class='ocrx_word' id='word_1_58' title='bbox 755 1712 859 1813; x_wconf 75' lang='lat' dir='ltr'><strong>lon&#39;ga</strong></span> <span class='ocrx_word' id='word_1_59' title='bbox 881 1714 1094 1793; x_wconf 71' lang='lat' dir='ltr'>deliberatio</span> <span class='ocrx_word' id='word_1_60' title='bbox 1117 1722 1216 1817; x_wconf 90' lang='lat' dir='ltr'><strong>plena</strong></span> 
     </span>
     <span class='ocr_line' id='line_1_10' title="bbox 129 1838 1219 1920; baseline -0.003 -1"><span class='ocrx_word' id='word_1_61' title='bbox 129 1843 360 1920; x_wconf 80' lang='lat' dir='ltr'><strong>molestiaene</strong></span> <span class='ocrx_word' id='word_1_62' title='bbox 381 1840 512 1915; x_wconf 89' lang='lat' dir='ltr'><strong>laboris</strong></span> <span class='ocrx_word' id='word_1_63' title='bbox 534 1853 601 1915; x_wconf 90' lang='lat' dir='ltr'><strong>est.</strong></span> <span class='ocrx_word' id='word_1_64' title='bbox 626 1838 816 1915; x_wconf 75' lang='lat' dir='ltr'>babitandi</span> <span class='ocrx_word' id='word_1_65' title='bbox 845 1839 966 1913; x_wconf 84' lang='lat' dir='ltr'><strong>exitus</strong></span> <span class='ocrx_word' id='word_1_66' title='bbox 997 1839 1144 1915; x_wconf 89' lang='lat' dir='ltr'><strong>initium</strong></span> <span class='ocrx_word' id='word_1_67' title='bbox 1166 1852 1219 1919; x_wconf 88' lang='lat' dir='ltr'><strong>est</strong></span> 
     </span>
     <span class='ocr_line' id='line_1_11' title="bbox 127 1964 1216 2065; baseline 0 -24"><span class='ocrx_word' id='word_1_68' title='bbox 127 1968 268 2065; x_wconf 84' lang='lat' dir='ltr'><strong>qnietis.</strong></span> <span class='ocrx_word' id='word_1_69' title='bbox 299 1966 375 2041; x_wconf 87' lang='lat' dir='ltr'><strong>Dici</strong></span> <span class='ocrx_word' id='word_1_70' title='bbox 406 1966 528 2061; x_wconf 82' lang='lat' dir='ltr'><strong>nequit</strong></span> <span class='ocrx_word' id='word_1_71' title='bbox 558 1965 664 2039; x_wconf 83' lang='lat' dir='ltr'><strong>anxia</strong></span> <span class='ocrx_word' id='word_1_72' title='bbox 694 1982 793 2037; x_wconf 85' lang='lat' dir='ltr'><strong>mene</strong></span> <span class='ocrx_word' id='word_1_73' title='bbox 825 1976 863 2039; x_wconf 86' lang='lat' dir='ltr'><strong>et</strong></span> <span class='ocrx_word' id='word_1_74' title='bbox 897 1964 1216 2041; x_wconf 74' lang='lat' dir='ltr'><strong>consultationibus</strong></span> 
     </span>
     <span class='ocr_line' id='line_1_12' title="bbox 130 2087 1216 2187; baseline 0.001 -22"><span class='ocrx_word' id='word_1_75' title='bbox 130 2091 233 2187; x_wconf 78' lang='lat' dir='ltr'><strong>vagis</strong></span> <span class='ocrx_word' id='word_1_76' title='bbox 262 2088 432 2178; x_wconf 83' lang='lat' dir='ltr'><strong>exercita,</strong></span> <span class='ocrx_word' id='word_1_77' title='bbox 458 2098 630 2185; x_wconf 87' lang='lat' dir='ltr'><strong>quantum</strong></span> <span class='ocrx_word' id='word_1_78' title='bbox 665 2087 834 2161; x_wconf 74' lang='lat' dir='ltr'><strong>eloctione</strong></span> <span class='ocrx_word' id='word_1_79' title='bbox 867 2087 1002 2161; x_wconf 88' lang='lat' dir='ltr'><strong>consilii</strong></span> <span class='ocrx_word' id='word_1_80' title='bbox 1032 2090 1072 2163; x_wconf 92' lang='lat' dir='ltr'><strong>in</strong></span> <span class='ocrx_word' id='word_1_81' title='bbox 1110 2116 1216 2165; x_wconf 88' lang='lat' dir='ltr'><strong>unum</strong></span> 
     </span>
     <span class='ocr_line' id='line_1_13' title="bbox 128 2210 1217 2311; baseline -0.001 -20"><span class='ocrx_word' id='word_1_82' title='bbox 128 2214 272 2311; x_wconf 79' lang='lat' dir='ltr'><strong>aliquod</strong></span> <span class='ocrx_word' id='word_1_83' title='bbox 290 2236 396 2289; x_wconf 87' lang='lat' dir='ltr'><strong>versa</strong></span> <span class='ocrx_word' id='word_1_84' title='bbox 419 2213 636 2311; x_wconf 88' lang='lat' dir='ltr'><strong>propositum</strong></span> <span class='ocrx_word' id='word_1_85' title='bbox 652 2211 885 2309; x_wconf 84' lang='lat' dir='ltr'><strong>conquiescat.</strong></span> <span class='ocrx_word' id='word_1_86' title='bbox 907 2210 1003 2285; x_wconf 89' lang='lat' dir='ltr'><strong>&#39;lunc</strong></span> <span class='ocrx_word' id='word_1_87' title='bbox 1027 2213 1157 2307; x_wconf 80' lang='lat' dir='ltr'><strong>igitur,</strong></span> <span class='ocrx_word' id='word_1_88' title='bbox 1182 2226 1217 2289; x_wconf 89' lang='lat' dir='ltr'><strong>ut</strong></span> 
     </span>
     <span class='ocr_line' id='line_1_14' title="bbox 130 2334 1214 2434; baseline -0.003 -21"><span class='ocrx_word' id='word_1_89' title='bbox 130 2348 300 2423; x_wconf 91' lang='lat' dir='ltr'><strong>occurret,</strong></span> <span class='ocrx_word' id='word_1_90' title='bbox 326 2361 419 2412; x_wconf 91' lang='lat' dir='ltr'><strong>nunc</strong></span> <span class='ocrx_word' id='word_1_91' title='bbox 445 2337 667 2430; x_wconf 89' lang='lat' dir='ltr'><strong>semisopitus</strong></span> <span class='ocrx_word' id='word_1_92' title='bbox 690 2345 726 2409; x_wconf 90' lang='lat' dir='ltr'><strong>et</strong></span> <span class='ocrx_word' id='word_1_93' title='bbox 749 2338 848 2408; x_wconf 88' lang='lat' dir='ltr'><strong>velut</strong></span> <span class='ocrx_word' id='word_1_94' title='bbox 875 2334 1046 2409; x_wconf 90' lang='lat' dir='ltr'><strong>insomnis</strong></span> <span class='ocrx_word' id='word_1_95' title='bbox 1081 2340 1214 2434; x_wconf 86' lang='lat' dir='ltr'><strong>loquar.</strong></span> 
     </span>
     <span class='ocr_line' id='line_1_15' title="bbox 130 2459 1216 2555; baseline 0 -20"><span class='ocrx_word' id='word_1_96' title='bbox 130 2464 402 2536; x_wconf 82' lang='lat' dir='ltr'><strong>Excusationem</strong></span> <span class='ocrx_word' id='word_1_97' title='bbox 416 2470 521 2545; x_wconf 86' lang='lat' dir='ltr'><strong>tuam,</strong></span> <span class='ocrx_word' id='word_1_98' title='bbox 539 2459 701 2555; x_wconf 86' lang='lat' dir='ltr'><strong>quamvis</strong></span> <span class='ocrx_word' id='word_1_99' title='bbox 720 2481 986 2554; x_wconf 85' lang='lat' dir='ltr'><strong>supervacuam,</strong></span> <span class='ocrx_word' id='word_1_100' title='bbox 1001 2463 1216 2554; x_wconf 82' lang='lat' dir='ltr'><strong>amplector3</strong></span> 
     </span>
     <span class='ocr_line' id='line_1_16' title="bbox 132 2581 1215 2671; baseline 0.001 -12"><span class='ocrx_word' id='word_1_101' title='bbox 132 2587 203 2659; x_wconf 84' lang='lat' dir='ltr'><strong>scio</strong></span> <span class='ocrx_word' id='word_1_102' title='bbox 227 2586 319 2656; x_wconf 88' lang='lat' dir='ltr'><strong>enim</strong></span> <span class='ocrx_word' id='word_1_103' title='bbox 344 2587 496 2656; x_wconf 91' lang='lat' dir='ltr'><strong>locorum</strong></span> <span class='ocrx_word' id='word_1_104' title='bbox 521 2582 721 2655; x_wconf 85' lang='lat' dir='ltr'><strong>distantiam</strong></span> <span class='ocrx_word' id='word_1_105' title='bbox 751 2595 790 2654; x_wconf 90' lang='lat' dir='ltr'><strong>ut</strong></span> <span class='ocrx_word' id='word_1_106' title='bbox 814 2581 1010 2656; x_wconf 88' lang='lat' dir='ltr'><strong>amantibus</strong></span> <span class='ocrx_word' id='word_1_107' title='bbox 1036 2584 1215 2671; x_wconf 85' lang='lat' dir='ltr'><strong>odiosam,</strong></span> 
     </span>
     <span class='ocr_line' id='line_1_17' title="bbox 132 2704 1217 2800; baseline 0.003 -20"><span class='ocrx_word' id='word_1_108' title='bbox 132 2707 183 2780; x_wconf 90' lang='lat' dir='ltr'><strong>sic</strong></span> <span class='ocrx_word' id='word_1_109' title='bbox 200 2705 358 2779; x_wconf 84' lang='lat' dir='ltr'><strong>honestis</strong></span> <span class='ocrx_word' id='word_1_110' title='bbox 378 2705 535 2779; x_wconf 85' lang='lat' dir='ltr'><strong>amicitiis</strong></span> <span class='ocrx_word' id='word_1_111' title='bbox 556 2727 626 2777; x_wconf 93' lang='lat' dir='ltr'><strong>non</strong></span> <span class='ocrx_word' id='word_1_112' title='bbox 645 2704 784 2778; x_wconf 87' lang='lat' dir='ltr'><strong>obesse.</strong></span> <span class='ocrx_word' id='word_1_113' title='bbox 806 2704 1021 2798; x_wconf 89' lang='lat' dir='ltr'><strong>Ubicumque</strong></span> <span class='ocrx_word' id='word_1_114' title='bbox 1038 2728 1133 2800; x_wconf 80' lang='lat' dir='ltr'><strong>ergo</strong></span> <span class='ocrx_word' id='word_1_115' title='bbox 1151 2709 1217 2782; x_wconf 88' lang='lat' dir='ltr'><strong>eri-</strong></span> 
     </span>
     <span class='ocr_line' id='line_1_18' title="bbox 131 2829 1214 2921; baseline 0 -18"><span class='ocrx_word' id='word_1_116' title='bbox 131 2855 223 2918; x_wconf 89' lang='lat' dir='ltr'><strong>mus,</strong></span> <span class='ocrx_word' id='word_1_117' title='bbox 245 2831 348 2903; x_wconf 87' lang='lat' dir='ltr'><strong>simul</strong></span> <span class='ocrx_word' id='word_1_118' title='bbox 367 2831 509 2903; x_wconf 88' lang='lat' dir='ltr'><strong>erimus.</strong></span> <span class='ocrx_word' id='word_1_119' title='bbox 531 2830 582 2901; x_wconf 87' lang='lat' dir='ltr'><strong>lle</strong></span> <span class='ocrx_word' id='word_1_120' title='bbox 603 2830 740 2921; x_wconf 80' lang='lat' dir='ltr'><strong>negotio</strong></span> <span class='ocrx_word' id='word_1_121' title='bbox 769 2838 829 2901; x_wconf 90' lang='lat' dir='ltr'><strong>tuo</strong></span> <span class='ocrx_word' id='word_1_122' title='bbox 851 2829 972 2901; x_wconf 80' lang='lat' dir='ltr'><strong>faciam</strong></span> <span class='ocrx_word' id='word_1_123' title='bbox 997 2839 1037 2900; x_wconf 91' lang='lat' dir='ltr'><strong>ut</strong></span> <span class='ocrx_word' id='word_1_124' title='bbox 1064 2832 1214 2905; x_wconf 88' lang='lat' dir='ltr'><strong>scribis:</strong></span> 
     </span>
     <span class='ocr_line' id='line_1_19' title="bbox 131 2952 1214 3051; baseline -0.003 -20"><span class='ocrx_word' id='word_1_125' title='bbox 131 2957 226 3051; x_wconf 91' lang='lat' dir='ltr'><strong>quod</strong></span> <span class='ocrx_word' id='word_1_126' title='bbox 258 2954 341 3027; x_wconf 93' lang='lat' dir='ltr'><strong>mihi</strong></span> <span class='ocrx_word' id='word_1_127' title='bbox 375 2955 504 3027; x_wconf 89' lang='lat' dir='ltr'><strong>scilicet</strong></span> <span class='ocrx_word' id='word_1_128' title='bbox 536 2952 611 3025; x_wconf 87' lang='lat' dir='ltr'><strong>fieri</strong></span> <span class='ocrx_word' id='word_1_129' title='bbox 640 2956 780 3040; x_wconf 89' lang='lat' dir='ltr'><strong>vellem,</strong></span> <span class='ocrx_word' id='word_1_130' title='bbox 817 2953 970 3025; x_wconf 84' lang='lat' dir='ltr'><strong>breviter</strong></span> <span class='ocrx_word' id='word_1_131' title='bbox 1000 2956 1214 3048; x_wconf 69' lang='lat' dir='ltr'><strong>expediam</strong></span> 
     </span>
     <span class='ocr_line' id='line_1_20' title="bbox 131 3077 1215 3174; baseline 0.002 -22"><span class='ocrx_word' id='word_1_132' title='bbox 131 3079 214 3152; x_wconf 90' lang='lat' dir='ltr'><strong>nibil</strong></span> <span class='ocrx_word' id='word_1_133' title='bbox 247 3080 339 3151; x_wconf 85' lang='lat' dir='ltr'><strong>enim</strong></span> <span class='ocrx_word' id='word_1_134' title='bbox 372 3081 408 3151; x_wconf 91' lang='lat' dir='ltr'><strong>in</strong></span> <span class='ocrx_word' id='word_1_135' title='bbox 440 3100 495 3151; x_wconf 91' lang='lat' dir='ltr'><strong>me</strong></span> <span class='ocrx_word' id='word_1_136' title='bbox 533 3077 713 3150; x_wconf 89' lang='lat' dir='ltr'><strong>molestius</strong></span> <span class='ocrx_word' id='word_1_137' title='bbox 751 3078 914 3174; x_wconf 75' lang='lat' dir='ltr'><strong>experior</strong></span> <span class='ocrx_word' id='word_1_138' title='bbox 948 3100 1055 3172; x_wconf 87' lang='lat' dir='ltr'><strong>quam</strong></span> <span class='ocrx_word' id='word_1_139' title='bbox 1095 3081 1215 3154; x_wconf 87' lang='lat' dir='ltr'><strong>verbis</strong></span> 
     </span>
     <span class='ocr_line' id='line_1_21' title="bbox 132 3199 1212 3296; baseline 0.001 -23"><span class='ocrx_word' id='word_1_140' title='bbox 132 3203 241 3285; x_wconf 87' lang='lat' dir='ltr'><strong>trahi;</strong></span> <span class='ocrx_word' id='word_1_141' title='bbox 272 3202 362 3273; x_wconf 86' lang='lat' dir='ltr'><strong>hano</strong></span> <span class='ocrx_word' id='word_1_142' title='bbox 394 3199 514 3273; x_wconf 86' lang='lat' dir='ltr'><strong>amicis</strong></span> <span class='ocrx_word' id='word_1_143' title='bbox 547 3200 662 3274; x_wconf 90' lang='lat' dir='ltr'><strong>sciens</strong></span> <span class='ocrx_word' id='word_1_144' title='bbox 693 3200 885 3274; x_wconf 84' lang='lat' dir='ltr'><strong>molestiam</strong></span> <span class='ocrx_word' id='word_1_145' title='bbox 918 3224 1100 3296; x_wconf 84' lang='lat' dir='ltr'><strong>nunquam</strong></span> <span class='ocrx_word' id='word_1_146' title='bbox 1134 3204 1212 3287; x_wconf 81' lang='lat' dir='ltr'><strong>feci,</strong></span> 
     </span>
     <span class='ocr_line' id='line_1_22' title="bbox 133 3324 1215 3420; baseline 0.003 -24"><span class='ocrx_word' id='word_1_147' title='bbox 133 3347 198 3396; x_wconf 89' lang='lat' dir='ltr'><strong>nec</strong></span> <span class='ocrx_word' id='word_1_148' title='bbox 227 3324 348 3396; x_wconf 83' lang='lat' dir='ltr'><strong>faciam</strong></span> <span class='ocrx_word' id='word_1_149' title='bbox 378 3325 532 3418; x_wconf 89' lang='lat' dir='ltr'><strong>quidem.</strong></span> <span class='ocrx_word' id='word_1_150' title='bbox 565 3325 714 3397; x_wconf 89' lang='lat' dir='ltr'><strong>Placebo</strong></span> <span class='ocrx_word' id='word_1_151' title='bbox 747 3324 777 3396; x_wconf 88' lang='lat' dir='ltr'><strong>si</strong></span> <span class='ocrx_word' id='word_1_152' title='bbox 808 3334 948 3420; x_wconf 89' lang='lat' dir='ltr'><strong>potero:</strong></span> <span class='ocrx_word' id='word_1_153' title='bbox 983 3326 1142 3420; x_wconf 88' lang='lat' dir='ltr'><strong>alioquin</strong></span> <span class='ocrx_word' id='word_1_154' title='bbox 1172 3349 1215 3399; x_wconf 91' lang='lat' dir='ltr'><strong>ne</strong></span> 
     </span>
     <span class='ocr_line' id='line_1_23' title="bbox 130 3445 1216 3547; baseline 0.001 -27"><span class='ocrx_word' id='word_1_155' title='bbox 130 3447 329 3542; x_wconf 84' lang='lat' dir='ltr'><strong>displiceam</strong></span> <span class='ocrx_word' id='word_1_156' title='bbox 349 3445 550 3540; x_wconf 85' lang='lat' dir='ltr'><strong>providebo.</strong></span> <span class='ocrx_word' id='word_1_157' title='bbox 572 3448 706 3520; x_wconf 83' lang='lat' dir='ltr'><strong>Versus</strong></span> <span class='ocrx_word' id='word_1_158' title='bbox 725 3456 817 3534; x_wconf 87' lang='lat' dir='ltr'><strong>tuos,</strong></span> <span class='ocrx_word' id='word_1_159' title='bbox 837 3447 987 3547; x_wconf 78' lang='lat' dir='ltr'><strong>excitato</strong></span> <span class='ocrx_word' id='word_1_160' title='bbox 1006 3449 1103 3542; x_wconf 89' lang='lat' dir='ltr'><strong>apud</strong></span> <span class='ocrx_word' id='word_1_161' title='bbox 1124 3451 1216 3523; x_wconf 87' lang='lat' dir='ltr'><strong>Heli-</strong></span> 
     </span>
     <span class='ocr_line' id='line_1_24' title="bbox 130 3568 1215 3661; baseline 0.005 -19"><span class='ocrx_word' id='word_1_162' title='bbox 130 3592 217 3642; x_wconf 89' lang='lat' dir='ltr'><strong>cona</strong></span> <span class='ocrx_word' id='word_1_163' title='bbox 242 3581 399 3657; x_wconf 86' lang='lat' dir='ltr'><strong>nostrnm</strong></span> <span class='ocrx_word' id='word_1_164' title='bbox 430 3568 583 3661; x_wconf 77' lang='lat' dir='ltr'><strong>ingenio,</strong></span> <span class='ocrx_word' id='word_1_165' title='bbox 611 3579 731 3644; x_wconf 81' lang='lat' dir='ltr'><strong>texere</strong></span> <span class='ocrx_word' id='word_1_166' title='bbox 757 3570 972 3654; x_wconf 81' lang='lat' dir='ltr'><strong>meditabor3</strong></span> <span class='ocrx_word' id='word_1_167' title='bbox 995 3571 1072 3657; x_wconf 86' lang='lat' dir='ltr'><strong>sed,</strong></span> <span class='ocrx_word' id='word_1_168' title='bbox 1095 3573 1215 3647; x_wconf 88' lang='lat' dir='ltr'><strong>nescio</strong></span> 
     </span>
     <span class='ocr_line' id='line_1_25' title="bbox 130 3692 1212 3788; baseline 0.003 -22"><span class='ocrx_word' id='word_1_169' title='bbox 130 3695 291 3788; x_wconf 87' lang='lat' dir='ltr'><strong>qualiter,</strong></span> <span class='ocrx_word' id='word_1_170' title='bbox 317 3692 440 3765; x_wconf 83' lang='lat' dir='ltr'><strong>cedula</strong></span> <span class='ocrx_word' id='word_1_171' title='bbox 466 3703 540 3777; x_wconf 86' lang='lat' dir='ltr'><strong>tua,</strong></span> <span class='ocrx_word' id='word_1_172' title='bbox 568 3716 673 3786; x_wconf 88' lang='lat' dir='ltr'><strong>quam</strong></span> <span class='ocrx_word' id='word_1_173' title='bbox 699 3694 816 3767; x_wconf 86' lang='lat' dir='ltr'><strong>decies</strong></span> <span class='ocrx_word' id='word_1_174' title='bbox 843 3695 876 3765; x_wconf 87' lang='lat' dir='ltr'><strong>in</strong></span> <span class='ocrx_word' id='word_1_175' title='bbox 903 3693 1065 3766; x_wconf 88' lang='lat' dir='ltr'><strong>manibus</strong></span> <span class='ocrx_word' id='word_1_176' title='bbox 1088 3694 1212 3781; x_wconf 85' lang='lat' dir='ltr'><strong>habui,</strong></span> 
     </span>
     <span class='ocr_line' id='line_1_26' title="bbox 130 3815 1212 3901; baseline -0.001 -12"><span class='ocrx_word' id='word_1_177' title='bbox 130 3817 367 3890; x_wconf 86' lang='lat' dir='ltr'><strong>discedentem</strong></span> <span class='ocrx_word' id='word_1_178' title='bbox 401 3840 457 3889; x_wconf 88' lang='lat' dir='ltr'><strong>me</strong></span> <span class='ocrx_word' id='word_1_179' title='bbox 488 3816 623 3901; x_wconf 82' lang='lat' dir='ltr'><strong>fefellit,</strong></span> <span class='ocrx_word' id='word_1_180' title='bbox 656 3827 693 3889; x_wconf 91' lang='lat' dir='ltr'><strong>et</strong></span> <span class='ocrx_word' id='word_1_181' title='bbox 726 3818 801 3889; x_wconf 88' lang='lat' dir='ltr'><strong>sine</strong></span> <span class='ocrx_word' id='word_1_182' title='bbox 835 3839 889 3889; x_wconf 90' lang='lat' dir='ltr'><strong>me</strong></span> <span class='ocrx_word' id='word_1_183' title='bbox 917 3815 1010 3891; x_wconf 87' lang='lat' dir='ltr'><strong>domi</strong></span> <span class='ocrx_word' id='word_1_184' title='bbox 1044 3816 1212 3891; x_wconf 87' lang='lat' dir='ltr'><strong>substitit.</strong></span> 
     </span>
     <span class='ocr_line' id='line_1_27' title="bbox 130 3936 1215 4032; baseline 0.003 -22"><span class='ocrx_word' id='word_1_185' title='bbox 130 3936 257 4022; x_wconf 86' lang='lat' dir='ltr'><strong>Quaere</strong></span> <span class='ocrx_word' id='word_1_186' title='bbox 288 3961 365 4011; x_wconf 84' lang='lat' dir='ltr'><strong>eam</strong></span> <span class='ocrx_word' id='word_1_187' title='bbox 398 3937 462 4025; x_wconf 91' lang='lat' dir='ltr'><strong>ibi,</strong></span> <span class='ocrx_word' id='word_1_188' title='bbox 489 3949 525 4011; x_wconf 92' lang='lat' dir='ltr'><strong>et</strong></span> <span class='ocrx_word' id='word_1_189' title='bbox 550 3949 630 4032; x_wconf 91' lang='lat' dir='ltr'><strong>post</strong></span> <span class='ocrx_word' id='word_1_190' title='bbox 655 3963 711 4013; x_wconf 92' lang='lat' dir='ltr'><strong>me</strong></span> <span class='ocrx_word' id='word_1_191' title='bbox 736 3938 845 4024; x_wconf 87' lang='lat' dir='ltr'><strong>mitte,</strong></span> <span class='ocrx_word' id='word_1_192' title='bbox 879 3938 959 4011; x_wconf 89' lang='lat' dir='ltr'><strong>licet</strong></span> <span class='ocrx_word' id='word_1_193' title='bbox 986 3949 1022 4010; x_wconf 87' lang='lat' dir='ltr'><strong>et</strong></span> <span class='ocrx_word' id='word_1_194' title='bbox 1055 3938 1134 4013; x_wconf 88' lang='lat' dir='ltr'><strong>sine</strong></span> <span class='ocrx_word' id='word_1_195' title='bbox 1159 3941 1215 4013; x_wconf 86' lang='lat' dir='ltr'><strong>illa</strong></span> 
     </span>
     <span class='ocr_line' id='line_1_28' title="bbox 131 4060 1214 4157; baseline 0.005 -26"><span class='ocrx_word' id='word_1_196' title='bbox 131 4060 219 4133; x_wconf 87' lang='lat' dir='ltr'><strong>scire</strong></span> <span class='ocrx_word' id='word_1_197' title='bbox 233 4061 356 4135; x_wconf 85' lang='lat' dir='ltr'><strong>videar</strong></span> <span class='ocrx_word' id='word_1_198' title='bbox 371 4060 456 4157; x_wconf 90' lang='lat' dir='ltr'><strong>quid</strong></span> <span class='ocrx_word' id='word_1_199' title='bbox 472 4062 631 4135; x_wconf 88' lang='lat' dir='ltr'><strong>dicturus</strong></span> <span class='ocrx_word' id='word_1_200' title='bbox 649 4083 749 4133; x_wconf 90' lang='lat' dir='ltr'><strong>sum:</strong></span> <span class='ocrx_word' id='word_1_201' title='bbox 768 4061 871 4134; x_wconf 89' lang='lat' dir='ltr'><strong>modo</strong></span> <span class='ocrx_word' id='word_1_202' title='bbox 887 4061 1040 4134; x_wconf 81' lang='lat' dir='ltr'><strong>frondosi</strong></span> <span class='ocrx_word' id='word_1_203' title='bbox 1058 4064 1214 4136; x_wconf 88' lang='lat' dir='ltr'><strong>nemoris</strong></span> 
     </span>
     <span class='ocr_line' id='line_1_29' title="bbox 132 4184 1214 4280; baseline 0.006 -26"><span class='ocrx_word' id='word_1_204' title='bbox 132 4186 266 4280; x_wconf 87' lang='lat' dir='ltr'><strong>uspiam</strong></span> <span class='ocrx_word' id='word_1_205' title='bbox 291 4186 535 4259; x_wconf 87' lang='lat' dir='ltr'><strong>diverticulum</strong></span> <span class='ocrx_word' id='word_1_206' title='bbox 565 4197 733 4261; x_wconf 87' lang='lat' dir='ltr'><strong>occurrat.</strong></span> <span class='ocrx_word' id='word_1_207' title='bbox 764 4184 973 4258; x_wconf 82' lang='lat' dir='ltr'><strong>Tribunioiae</strong></span> <span class='ocrx_word' id='word_1_208' title='bbox 1005 4184 1132 4259; x_wconf 83' lang='lat' dir='ltr'><strong>litterae</strong></span> <span class='ocrx_word' id='word_1_209' title='bbox 1158 4208 1214 4261; x_wconf 92' lang='lat' dir='ltr'><strong>co·</strong></span> 
     </span>
     <span class='ocr_line' id='line_1_30' title="bbox 131 4305 1215 4404; baseline 0.009 -29"><span class='ocrx_word' id='word_1_210' title='bbox 131 4305 237 4398; x_wconf 89' lang='lat' dir='ltr'><strong>piam,</strong></span> <span class='ocrx_word' id='word_1_211' title='bbox 258 4333 362 4403; x_wconf 91' lang='lat' dir='ltr'><strong>quam</strong></span> <span class='ocrx_word' id='word_1_212' title='bbox 389 4310 471 4381; x_wconf 89' lang='lat' dir='ltr'><strong>mibi</strong></span> <span class='ocrx_word' id='word_1_213' title='bbox 502 4309 642 4397; x_wconf 86' lang='lat' dir='ltr'><strong>misisti,</strong></span> <span class='ocrx_word' id='word_1_214' title='bbox 664 4308 752 4394; x_wconf 89' lang='lat' dir='ltr'><strong>vidi,</strong></span> <span class='ocrx_word' id='word_1_215' title='bbox 775 4308 857 4402; x_wconf 78' lang='lat' dir='ltr'><strong>legi,</strong></span> <span class='ocrx_word' id='word_1_216' title='bbox 886 4308 1015 4404; x_wconf 89' lang='lat' dir='ltr'><strong>stupui.</strong></span> <span class='ocrx_word' id='word_1_217' title='bbox 1038 4309 1134 4395; x_wconf 89' lang='lat' dir='ltr'><strong>Quid</strong></span> <span class='ocrx_word' id='word_1_218' title='bbox 1160 4333 1215 4384; x_wconf 84' lang='lat' dir='ltr'><strong>re-</strong></span> 
     </span>
     <span class='ocr_line' id='line_1_31' title="bbox 131 4429 1214 4531; baseline 0.013 -36"><span class='ocrx_word' id='word_1_219' title='bbox 131 4429 320 4521; x_wconf 90' lang='lat' dir='ltr'><strong>spondeam</strong></span> <span class='ocrx_word' id='word_1_220' title='bbox 342 4454 409 4503; x_wconf 91' lang='lat' dir='ltr'><strong>non</strong></span> <span class='ocrx_word' id='word_1_221' title='bbox 429 4432 552 4507; x_wconf 88' lang='lat' dir='ltr'><strong>habeo.</strong></span> <span class='ocrx_word' id='word_1_222' title='bbox 575 4434 697 4506; x_wconf 84' lang='lat' dir='ltr'><strong>Fatum</strong></span> <span class='ocrx_word' id='word_1_223' title='bbox 721 4431 843 4527; x_wconf 83' lang='lat' dir='ltr'><strong>patriae</strong></span> <span class='ocrx_word' id='word_1_224' title='bbox 862 4453 1037 4526; x_wconf 82' lang='lat' dir='ltr'><strong>agnosco;</strong></span> <span class='ocrx_word' id='word_1_225' title='bbox 1062 4443 1102 4504; x_wconf 89' lang='lat' dir='ltr'><strong>ct</strong></span> <span class='ocrx_word' id='word_1_226' title='bbox 1126 4458 1214 4531; x_wconf 88' lang='lat' dir='ltr'><strong>quo-</strong></span> 
     </span>
    </p>
   </div>
   <div class='ocr_carea' id='block_1_5' title="bbox 0 0 1353 5024">
    <p class='ocr_par' dir='ltr' id='par_1_5' title="bbox 0 0 1353 5024">
     <span class='ocr_line' id='line_1_32' title="bbox 0 0 1353 5024; baseline 0 0"><span class='ocrx_word' id='word_1_227' title='bbox 0 0 1353 5024; x_wconf 95' lang='lat' dir='ltr'><strong> </strong></span> 
     </span>
    </p>
   </div>
  </div>
 </body>
</html>
