2692 5024
396 703 491 754 nrnnn
511 704 655 763 omarus.
670 702 871 753 -nnrsronn
893 705 955 752 xvr.
1033 702 1037 709 ·
1158 692 1218 757 29³

137 852 255 924 fierem
275 848 435 922 fortassis
451 847 618 942 asperior.
640 844 861 931 Quantalibet
881 867 966 918 sane
991 849 1095 943 plaga
1111 850 1217 921 animi

136 985 289 1067 tempore
309 971 497 1063 mitigatur.
519 971 589 1040 lam
607 969 727 1042 dolere
739 968 841 1054 desii,
861 968 1217 1065 doloremque-pudor

133 1094 277 1189 expulit.
298 1093 409 1164 Pudet
425 1103 495 1163 tam
514 1091 669 1183 graviter
688 1091 854 1162 doluisse.
872 1091 983 1175 Nune,
999 1093 1163 1185 quoniam
1177 1095 1217 1164 il-

135 1218 201 1289 lius
227 1217 333 1287 nullae
353 1215 438 1285 mihi
473 1214 629 1307 reliquiae
661 1223 849 1306 supersunt
882 1224 1012 1305 praeter
1041 1224 1215 1287 amantem

135 1337 343 1421 memoriam,
366 1346 404 1408 ut
422 1336 471 1407 ait
494 1335 728 1428 Augustinus,
743 1334 884 1430 perierit
907 1335 1047 1428 quidem
1061 1338 1129 1424 illa,
1152 1337 1216 1411 sed

133 1463 267 1532 calamo
279 1461 477 1554 superstite.
492 1458 631 1530 Interim
642 1478 722 1549 ego,
737 1458 821 1530 dum
841 1470 998 1529 revertor
1011 1459 1056 1532 ad
1075 1446 1214 1532 solitum

134 1582 308 1656 scribendi
322 1603 467 1666 morem,
483 1581 751 1652 intermissionis
768 1602 910 1651 causam
924 1589 1042 1652 notam
1056 1581 1117 1655 tibi
1133 1603 1215 1656 esse

133 1705 240 1790 volui,
262 1727 306 1777 ne
326 1705 464 1777 insueto
485 1703 622 1774 silentio
642 1702 846 1774 movereris.
864 1703 961 1774 Vale.

532 2165 711 2230 EPlSTOLA
735 2165 815 2228 XVll.

248 2358 442 2408 manclscus
464 2357 632 2406 Parauaea
654 2357 786 2407 uolnera
805 2358 944 2409 suerum
965 2361 991 2412 S.
1014 2364 1041 2412 P.
1064 2365 1093 2413 n.

240 2541 297 2598 Cur
309 2542 486 2598 amissionem
500 2543 655 2597 litterarum
668 2557 784 2597 suarum
798 2546 854 2597 tam
868 2543 989 2614 graviter
1002 2545 1105 2601 tulerit.

228 2786 304 2857 Non
325 2807 403 2858 sum
423 2784 563 2857 nescius
584 2785 701 2858 mirari
722 2795 768 2870 te,
790 2787 885 2878 quod
906 2786 954 2858 ita
972 2784 1216 2863 debiliterior-

133 2918 251 2978 tunam
264 2906 368 2977 unius
385 2906 543 2999 epistolae
559 2907 650 2977 lerre
672 2905 772 2977 visus
796 2906 877 2985 sim;
897 2928 1013 2999 neque
1034 2909 1126 2979 enim
1140 2932 1216 2981 ma-

131 3048 212 3120 gnae
228 3027 352 3101 indolis
365 3036 607 3120 argumentum
622 3039 689 3113 est,
704 3050 752 3098 ex
764 3028 887 3099 litteris
901 3029 1045 3119 gloriam
1060 3051 1213 3123 sperare.

129 3154 186 3223 Ex
206 3153 317 3237 laetis,
339 3175 407 3224 non
427 3175 474 3224 ex
493 3151 603 3236 dietis,
618 3150 701 3221 oriri
718 3173 839 3222 veram
855 3150 1000 3242 gloriam
1019 3172 1115 3222 verae
1137 3154 1216 3247 phi-

129 3275 298 3368 losophiae
318 3296 387 3346 non
405 3274 564 3347 dubitant
582 3280 783 3345 sectatores.
802 3274 897 3344 lllam
910 3273 1053 3365 inquam
1066 3274 1212 3367 gloriam

129 3417 198 3466 non
218 3418 324 3489 quam
344 3395 510 3491 praedieat
530 3398 672 3487 vulgus,
695 3417 806 3489 aquo
826 3396 962 3468 laudari
979 3399 1118 3491 magnis
1138 3400 1214 3472 ani-

130 3518 196 3588 mis
209 3539 308 3612 paene
321 3517 541 3591 fastidiosum
554 3528 622 3604 est,
638 3518 701 3590 sed
714 3539 852 3611 quaeex
871 3518 987 3592 sobria
1007 3531 1044 3593 et
1063 3522 1212 3595 iucunda

131 3640 368 3713 reeordatione
381 3642 551 3723 bonorum
564 3662 711 3736 operum
724 3641 760 3711 in
773 3651 915 3736 pectore
929 3642 1083 3713 virorum
1096 3643 1214 3713 exoel-

130 3765 273 3837 lentium
289 3765 389 3858 viget
407 3776 514 3859 atque
534 3765 650 3838 alitur:
676 3765 777 3837 ouius
804 3766 879 3837 sine
901 3762 1068 3835 theatrico
1089 3760 1213 3855 strepi-

130 3893 181 3971 tu,
204 3885 279 3960 siue
298 3889 417 3960 lavore
435 3888 573 3981 vulgari
600 3885 689 3961 fides
703 3899 740 3959 et
758 3884 967 3959 conscientia
986 3892 1096 3955 testes
1115 3891 1210 3954 sunt.

129 4010 210 4082 Hanc
234 4020 290 4081 est
308 4009 468 4103 equidem
486 4011 543 4082 illa
560 4031 672 4081 verax
694 4009 817 4100 gloria,
836 4027 930 4099 quae,
951 4006 987 4076 in
1005 4007 1078 4077 solo
1096 4003 1213 4075 stabili

128 4132 214 4203 actis
231 4134 301 4203 alte
321 4130 505 4215 radicibus,
521 4152 644 4203 casum
658 4128 779 4201 nescit.
798 4129 860 4200 llla
874 4147 961 4198 vero
981 4128 1016 4197 in
1034 4126 1213 4197 hominum

127 4254 269 4327 lundata
291 4252 536 4336 sermunculis,
550 4250 702 4344 primum
714 4248 878 4321 diuturna
899 4269 968 4319 non
989 4258 1055 4333 est,
1082 4256 1119 4319 et
1134 4268 1213 4341 par-

128 4377 227 4448 facile
255 4376 454 4470 proteritur,
489 4383 527 4444 et
558 4371 687 4466 quibus
707 4372 874 4444 attollitur
899 4370 1050 4456 llatibus,
1076 4370 1210 4444 eisdem

130 4520 269 4593 semper
281 4499 442 4592 agitatur,
457 4480 498 4569 ut
512 4504 661 4571 onrruat.
674 4494 816 4579 Deinde,
835 4494 963 4569 siesse
975 4500 1213 4590 possataeter-
