<?xml version="1.0" encoding="UTF-8"?>
<!DOCTYPE html PUBLIC "-//W3C//DTD XHTML 1.0 Transitional//EN"
    "http://www.w3.org/TR/xhtml1/DTD/xhtml1-transitional.dtd">
<html xmlns="http://www.w3.org/1999/xhtml" xml:lang="en" lang="en">
 <head>
  <title>
</title>
<meta http-equiv="Content-Type" content="text/html;charset=utf-8" />
  <meta name='ocr-system' content='tesseract 3.04.00' />
  <meta name='ocr-capabilities' content='ocr_page ocr_carea ocr_par ocr_line ocrx_word'/>
</head>
<body>
  <div class='ocr_page' id='page_1' title='image "./epistolaederebu00fracgoog_0106.png"; bbox 0 0 2692 5024; ppageno 0'>
   <div class='ocr_carea' id='block_1_1' title="bbox 526 615 1176 672">
    <p class='ocr_par' dir='ltr' id='par_1_1' title="bbox 526 615 1176 672">
     <span class='ocr_line' id='line_1_1' title="bbox 526 615 1176 672; baseline 0.012 -8"><span class='ocrx_word' id='word_1_1' title='bbox 526 615 792 667; x_wconf 70' lang='lat' dir='ltr'><strong>rnoiedounuon.</strong></span> <span class='ocrx_word' id='word_1_2' title='bbox 1104 623 1176 672; x_wconf 74' lang='lat' dir='ltr'><strong>xcrx</strong></span> 
     </span>
    </p>
   </div>
   <div class='ocr_carea' id='block_1_2' title="bbox 142 750 1179 1359">
    <p class='ocr_par' dir='ltr' id='par_1_2' title="bbox 142 750 1179 1359">
     <span class='ocr_line' id='line_1_2' title="bbox 331 750 1178 829; baseline 0.008 -23"><span class='ocrx_word' id='word_1_3' title='bbox 331 752 399 806; x_wconf 76' lang='lat' dir='ltr'><strong>tiam</strong></span> <span class='ocrx_word' id='word_1_4' title='bbox 410 750 510 829; x_wconf 38' lang='lat' dir='ltr'><strong>,iaudat</strong></span> <span class='ocrx_word' id='word_1_5' title='bbox 531 756 560 805; x_wconf 90' lang='lat' dir='ltr'><strong>et</strong></span> <span class='ocrx_word' id='word_1_6' title='bbox 579 751 691 818; x_wconf 79' lang='lat' dir='ltr'><strong>firmat,</strong></span> <span class='ocrx_word' id='word_1_7' title='bbox 709 750 864 806; x_wconf 78' lang='lat' dir='ltr'><strong>doctrinam</strong></span> <span class='ocrx_word' id='word_1_8' title='bbox 881 757 909 806; x_wconf 88' lang='lat' dir='ltr'><strong>et</strong></span> <span class='ocrx_word' id='word_1_9' title='bbox 927 754 1099 810; x_wconf 70' lang='lat' dir='ltr'><strong>sanctitatem</strong></span> <span class='ocrx_word' id='word_1_10' title='bbox 1117 758 1178 813; x_wconf 84' lang='lat' dir='ltr'><strong>vitoe</strong></span> 
     </span>
     <span class='ocr_line' id='line_1_3' title="bbox 329 840 1179 913; baseline 0.004 -16"><span class='ocrx_word' id='word_1_11' title='bbox 329 842 463 912; x_wconf 75' lang='lat' dir='ltr'><strong>mirum,</strong></span> <span class='ocrx_word' id='word_1_12' title='bbox 476 856 561 913; x_wconf 87' lang='lat' dir='ltr'><strong>seque</strong></span> <span class='ocrx_word' id='word_1_13' title='bbox 574 841 610 896; x_wconf 90' lang='lat' dir='ltr'><strong>de</strong></span> <span class='ocrx_word' id='word_1_14' title='bbox 622 840 817 896; x_wconf 81' lang='lat' dir='ltr'><strong>emendatione</strong></span> <span class='ocrx_word' id='word_1_15' title='bbox 831 856 940 896; x_wconf 90' lang='lat' dir='ltr'><strong>morum</strong></span> <span class='ocrx_word' id='word_1_16' title='bbox 951 859 1065 898; x_wconf 83' lang='lat' dir='ltr'><strong>suorum</strong></span> <span class='ocrx_word' id='word_1_17' title='bbox 1081 844 1179 900; x_wconf 89' lang='lat' dir='ltr'><strong>sollici·</strong></span> 
     </span>
     <span class='ocr_line' id='line_1_4' title="bbox 329 930 515 1003; baseline 0 -18"><span class='ocrx_word' id='word_1_18' title='bbox 329 937 389 986; x_wconf 91' lang='lat' dir='ltr'><strong>tum</strong></span> <span class='ocrx_word' id='word_1_19' title='bbox 402 930 515 1003; x_wconf 84' lang='lat' dir='ltr'><strong>praebet.</strong></span> 
     </span>
     <span class='ocr_line' id='line_1_5' title="bbox 142 1019 1100 1095; baseline 0.005 -21"><span class='ocrx_word' id='word_1_20' title='bbox 142 1020 185 1092; x_wconf 82' lang='lat' dir='ltr'><strong>Ep.</strong></span> <span class='ocrx_word' id='word_1_21' title='bbox 221 1021 248 1075; x_wconf 91' lang='lat'><strong>6.</strong></span> <span class='ocrx_word' id='word_1_22' title='bbox 269 1019 393 1075; x_wconf 75' lang='lat' dir='ltr'><strong>lonium</strong></span> <span class='ocrx_word' id='word_1_23' title='bbox 407 1033 545 1075; x_wconf 70' lang='lat' dir='ltr'><strong>mucoso</strong></span> <span class='ocrx_word' id='word_1_24' title='bbox 559 1019 775 1076; x_wconf 78' lang='lat' dir='ltr'><strong>Nrununonusi.</strong></span> <span class='ocrx_word' id='word_1_25' title='bbox 787 1022 870 1077; x_wconf 82' lang='lat' dir='ltr'><strong>-Et</strong></span> <span class='ocrx_word' id='word_1_26' title='bbox 884 1029 992 1094; x_wconf 81' lang='lat' dir='ltr'><strong>quanto</strong></span> <span class='ocrx_word' id='word_1_27' title='bbox 1001 1031 1100 1095; x_wconf 82' lang='lat' dir='ltr'><strong>potae.</strong></span> 
     </span>
     <span class='ocr_line' id='line_1_6' title="bbox 296 1108 1175 1185; baseline 0.005 -20"><span class='ocrx_word' id='word_1_28' title='bbox 296 1109 367 1181; x_wconf 74' lang='lat' dir='ltr'><strong>Arp.</strong></span> <span class='ocrx_word' id='word_1_29' title='bbox 396 1109 436 1165; x_wconf 87' lang='lat' dir='ltr'><strong>De</strong></span> <span class='ocrx_word' id='word_1_30' title='bbox 458 1109 588 1165; x_wconf 79' lang='lat' dir='ltr'><strong>laudibus</strong></span> <span class='ocrx_word' id='word_1_31' title='bbox 613 1108 666 1164; x_wconf 87' lang='lat' dir='ltr'><strong>sibi</strong></span> <span class='ocrx_word' id='word_1_32' title='bbox 687 1110 824 1164; x_wconf 87' lang='lat' dir='ltr'><strong>immerito</strong></span> <span class='ocrx_word' id='word_1_33' title='bbox 850 1111 961 1167; x_wconf 87' lang='lat' dir='ltr'><strong>tn&#39;hutis</strong></span> <span class='ocrx_word' id='word_1_34' title='bbox 988 1118 1079 1183; x_wconf 79' lang='lat' dir='ltr'><strong>grates</strong></span> <span class='ocrx_word' id='word_1_35' title='bbox 1104 1115 1175 1185; x_wconf 75' lang='lat' dir='ltr'><strong>agit,</strong></span> 
     </span>
     <span class='ocr_line' id='line_1_7' title="bbox 325 1199 1178 1273; baseline 0.006 -19"><span class='ocrx_word' id='word_1_36' title='bbox 325 1199 441 1271; x_wconf 80' lang='lat' dir='ltr'><strong>eiusque</strong></span> <span class='ocrx_word' id='word_1_37' title='bbox 457 1200 645 1272; x_wconf 78' lang='lat' dir='ltr'><strong>eloquentiam</strong></span> <span class='ocrx_word' id='word_1_38' title='bbox 663 1204 692 1255; x_wconf 91' lang='lat' dir='ltr'><strong>et</strong></span> <span class='ocrx_word' id='word_1_39' title='bbox 708 1199 737 1255; x_wconf 92' lang='lat' dir='ltr'><strong>in</strong></span> <span class='ocrx_word' id='word_1_40' title='bbox 756 1200 902 1256; x_wconf 83' lang='lat' dir='ltr'><strong>scribendo</strong></span> <span class='ocrx_word' id='word_1_41' title='bbox 916 1201 1081 1273; x_wconf 72' lang='lat' dir='ltr'><strong>elegantiam</strong></span> <span class='ocrx_word' id='word_1_42' title='bbox 1094 1204 1178 1259; x_wconf 84' lang='lat' dir='ltr'><strong>maxi·</strong></span> 
     </span>
     <span class='ocr_line' id='line_1_8' title="bbox 328 1286 637 1359; baseline -0.003 -17"><span class='ocrx_word' id='word_1_43' title='bbox 328 1303 440 1359; x_wconf 86' lang='lat' dir='ltr'><strong>mopere</strong></span> <span class='ocrx_word' id='word_1_44' title='bbox 452 1286 637 1342; x_wconf 84' lang='lat' dir='ltr'><strong>commendat.</strong></span> 
     </span>
    </p>
   </div>
   <div class='ocr_carea' id='block_1_3' title="bbox 532 1520 738 1587">
    <p class='ocr_par' dir='ltr' id='par_1_3' title="bbox 532 1520 738 1587">
     <span class='ocr_line' id='line_1_9' title="bbox 532 1520 738 1587; baseline 0.01 -5"><span class='ocrx_word' id='word_1_45' title='bbox 532 1520 534 1526; x_wconf 80' lang='lat'>&#39;</span> <span class='ocrx_word' id='word_1_46' title='bbox 566 1523 671 1587; x_wconf 79' lang='lat' dir='ltr'>LIBER</span> <span class='ocrx_word' id='word_1_47' title='bbox 691 1525 738 1586; x_wconf 85' lang='lat' dir='ltr'><strong>xi.</strong></span> 
     </span>
    </p>
   </div>
   <div class='ocr_carea' id='block_1_4' title="bbox 129 1734 1177 4040">
    <p class='ocr_par' dir='ltr' id='par_1_4' title="bbox 135 1734 914 1812">
     <span class='ocr_line' id='line_1_10' title="bbox 135 1734 914 1812; baseline 0.005 -20"><span class='ocrx_word' id='word_1_48' title='bbox 135 1737 180 1810; x_wconf 74' lang='lat' dir='ltr'><strong>lp.</strong></span> <span class='ocrx_word' id='word_1_49' title='bbox 216 1737 245 1790; x_wconf 85' lang='lat' dir='ltr'><strong>i.</strong></span> <span class='ocrx_word' id='word_1_50' title='bbox 266 1734 389 1793; x_wconf 77' lang='lat' dir='ltr'><strong>lotum</strong></span> <span class='ocrx_word' id='word_1_51' title='bbox 403 1750 441 1792; x_wconf 74' lang='lat' dir='ltr'><strong>on</strong></span> <span class='ocrx_word' id='word_1_52' title='bbox 455 1736 615 1794; x_wconf 73' lang='lat' dir='ltr'><strong>Gnnrnnno.</strong></span> <span class='ocrx_word' id='word_1_53' title='bbox 626 1767 663 1780; x_wconf 96' lang='lat'>-</span> <span class='ocrx_word' id='word_1_54' title='bbox 672 1739 836 1812; x_wconf 78' lang='lat' dir='ltr'><strong>Sperabam</strong></span> <span class='ocrx_word' id='word_1_55' title='bbox 851 1743 914 1796; x_wconf 81' lang='lat' dir='ltr'><strong>lori.</strong></span> 
     </span>
    </p>

    <p class='ocr_par' dir='ltr' id='par_1_5' title="bbox 291 1826 1177 2059">
     <span class='ocr_line' id='line_1_11' title="bbox 291 1826 1176 1903; baseline 0.002 -21"><span class='ocrx_word' id='word_1_56' title='bbox 291 1826 364 1900; x_wconf 73' lang='lat' dir='ltr'><strong>Arp.</strong></span> <span class='ocrx_word' id='word_1_57' title='bbox 382 1826 473 1883; x_wconf 86' lang='lat' dir='ltr'><strong>letum</strong></span> <span class='ocrx_word' id='word_1_58' title='bbox 493 1826 567 1883; x_wconf 75' lang='lat' dir='ltr'><strong>ealce</strong></span> <span class='ocrx_word' id='word_1_59' title='bbox 589 1831 654 1901; x_wconf 83' lang='lat' dir='ltr'><strong>equi</strong></span> <span class='ocrx_word' id='word_1_60' title='bbox 681 1846 767 1903; x_wconf 85' lang='lat' dir='ltr'><strong>prope</strong></span> <span class='ocrx_word' id='word_1_61' title='bbox 796 1829 970 1900; x_wconf 82' lang='lat' dir='ltr'><strong>Vulsinium,</strong></span> <span class='ocrx_word' id='word_1_62' title='bbox 989 1839 1017 1887; x_wconf 88' lang='lat' dir='ltr'><strong>et</strong></span> <span class='ocrx_word' id='word_1_63' title='bbox 1039 1848 1103 1886; x_wconf 86' lang='lat' dir='ltr'><strong>crus</strong></span> <span class='ocrx_word' id='word_1_64' title='bbox 1125 1832 1176 1887; x_wconf 89' lang='lat' dir='ltr'><strong>sihi</strong></span> 
     </span>
     <span class='ocr_line' id='line_1_12' title="bbox 326 1913 1177 1989; baseline 0.007 -21"><span class='ocrx_word' id='word_1_65' title='bbox 326 1929 397 1987; x_wconf 90' lang='lat' dir='ltr'><strong>pene</strong></span> <span class='ocrx_word' id='word_1_66' title='bbox 409 1913 529 1970; x_wconf 78' lang='lat' dir='ltr'><strong>fractum</strong></span> <span class='ocrx_word' id='word_1_67' title='bbox 545 1915 630 1972; x_wconf 80' lang='lat' dir='ltr'><strong>fuisse</strong></span> <span class='ocrx_word' id='word_1_68' title='bbox 648 1923 759 1986; x_wconf 83' lang='lat' dir='ltr'><strong>narret,</strong></span> <span class='ocrx_word' id='word_1_69' title='bbox 779 1932 869 1989; x_wconf 88' lang='lat' dir='ltr'><strong>neque</strong></span> <span class='ocrx_word' id='word_1_70' title='bbox 890 1916 981 1973; x_wconf 79' lang='lat' dir='ltr'><strong>adhue</strong></span> <span class='ocrx_word' id='word_1_71' title='bbox 999 1918 1095 1974; x_wconf 80' lang='lat' dir='ltr'><strong>Romae</strong></span> <span class='ocrx_word' id='word_1_72' title='bbox 1114 1936 1177 1974; x_wconf 85' lang='lat' dir='ltr'><strong>oon-</strong></span> 
     </span>
     <span class='ocr_line' id='line_1_13' title="bbox 324 2003 452 2059; baseline -0.016 -1"><span class='ocrx_word' id='word_1_73' title='bbox 324 2003 452 2059; x_wconf 78' lang='lat' dir='ltr'><strong>voluisse.</strong></span> 
     </span>
    </p>

    <p class='ocr_par' dir='ltr' id='par_1_6' title="bbox 133 2090 943 2168">
     <span class='ocr_line' id='line_1_14' title="bbox 133 2090 943 2168; baseline 0.004 -21"><span class='ocrx_word' id='word_1_74' title='bbox 133 2091 179 2166; x_wconf 73' lang='lat' dir='ltr'><strong>lp.</strong></span> <span class='ocrx_word' id='word_1_75' title='bbox 217 2091 245 2147; x_wconf 76' lang='lat'><strong>2.</strong></span> <span class='ocrx_word' id='word_1_76' title='bbox 266 2090 390 2148; x_wconf 69' lang='lat' dir='ltr'><strong>Ionem</strong></span> <span class='ocrx_word' id='word_1_77' title='bbox 402 2106 439 2148; x_wconf 75' lang='lat' dir='ltr'><strong>nn</strong></span> <span class='ocrx_word' id='word_1_78' title='bbox 451 2091 808 2166; x_wconf 68' lang='lat' dir='ltr'><strong>crurum-Mapoura</strong></span> <span class='ocrx_word' id='word_1_79' title='bbox 822 2103 943 2168; x_wconf 78' lang='lat' dir='ltr'><strong>tempus.</strong></span> 
     </span>
    </p>

    <p class='ocr_par' dir='ltr' id='par_1_7' title="bbox 290 2180 1174 2254">
     <span class='ocr_line' id='line_1_15' title="bbox 290 2180 1174 2254; baseline 0.005 -16"><span class='ocrx_word' id='word_1_80' title='bbox 290 2182 362 2254; x_wconf 76' lang='lat' dir='ltr'><strong>Arq.</strong></span> <span class='ocrx_word' id='word_1_81' title='bbox 382 2180 510 2238; x_wconf 75' lang='lat' dir='ltr'><strong>Carmina</strong></span> <span class='ocrx_word' id='word_1_82' title='bbox 528 2181 657 2254; x_wconf 73' lang='lat' dir='ltr'><strong>quiedam</strong></span> <span class='ocrx_word' id='word_1_83' title='bbox 675 2183 710 2236; x_wconf 84' lang='lat' dir='ltr'><strong>od</strong></span> <span class='ocrx_word' id='word_1_84' title='bbox 729 2199 794 2237; x_wconf 87' lang='lat' dir='ltr'><strong>eum</strong></span> <span class='ocrx_word' id='word_1_85' title='bbox 812 2186 912 2239; x_wconf 92' lang='lat' dir='ltr'><strong>mittit:</strong></span> <span class='ocrx_word' id='word_1_86' title='bbox 933 2185 1076 2241; x_wconf 75' lang='lat' dir='ltr'><strong>adversam</strong></span> <span class='ocrx_word' id='word_1_87' title='bbox 1088 2188 1174 2243; x_wconf 89' lang='lat' dir='ltr'><strong>iortu·</strong></span> 
     </span>
    </p>

    <p class='ocr_par' dir='ltr' id='par_1_8' title="bbox 134 2271 1086 2433">
     <span class='ocr_line' id='line_1_16' title="bbox 323 2271 1086 2332; baseline 0.003 -2"><span class='ocrx_word' id='word_1_88' title='bbox 323 2290 388 2330; x_wconf 81' lang='lat' dir='ltr'><strong>nom</strong></span> <span class='ocrx_word' id='word_1_89' title='bbox 403 2281 430 2330; x_wconf 91' lang='lat' dir='ltr'><strong>et</strong></span> <span class='ocrx_word' id='word_1_90' title='bbox 448 2273 552 2329; x_wconf 76' lang='lat' dir='ltr'><strong>oedem</strong></span> <span class='ocrx_word' id='word_1_91' title='bbox 566 2271 656 2328; x_wconf 81' lang='lat' dir='ltr'><strong>iacobi</strong></span> <span class='ocrx_word' id='word_1_92' title='bbox 669 2272 696 2327; x_wconf 87' lang='grc' dir='ltr'><strong>ΙΙ</strong></span> <span class='ocrx_word' id='word_1_93' title='bbox 711 2272 897 2329; x_wconf 80' lang='lat' dir='ltr'><strong>Gemenensis</strong></span> <span class='ocrx_word' id='word_1_94' title='bbox 910 2273 1086 2332; x_wconf 76' lang='lat' dir='ltr'><strong>lamentetur.</strong></span> 
     </span>
     <span class='ocr_line' id='line_1_17' title="bbox 134 2358 856 2433; baseline 0.001 -20"><span class='ocrx_word' id='word_1_95' title='bbox 134 2358 178 2433; x_wconf 81' lang='lat' dir='ltr'><strong>Ep.</strong></span> <span class='ocrx_word' id='word_1_96' title='bbox 216 2359 244 2415; x_wconf 85' lang='lat'><strong>3.</strong></span> <span class='ocrx_word' id='word_1_97' title='bbox 265 2358 388 2416; x_wconf 75' lang='lat' dir='ltr'><strong>lonium</strong></span> <span class='ocrx_word' id='word_1_98' title='bbox 402 2360 592 2416; x_wconf 79' lang='lat' dir='ltr'><strong>Annr1u0.-</strong></span> <span class='ocrx_word' id='word_1_99' title='bbox 600 2360 696 2432; x_wconf 78' lang='lat' dir='ltr'><strong>Ropoe</strong></span> <span class='ocrx_word' id='word_1_100' title='bbox 708 2359 768 2415; x_wconf 79' lang='lat' dir='ltr'><strong>imo</strong></span> <span class='ocrx_word' id='word_1_101' title='bbox 780 2377 856 2414; x_wconf 78' lang='lat' dir='ltr'><strong>uero.</strong></span> 
     </span>
    </p>

    <p class='ocr_par' dir='ltr' id='par_1_9' title="bbox 289 2448 1176 2611">
     <span class='ocr_line' id='line_1_18' title="bbox 289 2448 1176 2522; baseline 0.005 -17"><span class='ocrx_word' id='word_1_102' title='bbox 289 2450 361 2522; x_wconf 77' lang='lat' dir='ltr'><strong>Arp.</strong></span> <span class='ocrx_word' id='word_1_103' title='bbox 381 2448 472 2506; x_wconf 82' lang='lat' dir='ltr'><strong>iooobi</strong></span> <span class='ocrx_word' id='word_1_104' title='bbox 486 2449 513 2504; x_wconf 91' lang='lat'><strong>11</strong></span> <span class='ocrx_word' id='word_1_105' title='bbox 527 2448 712 2506; x_wconf 81' lang='lat' dir='ltr'><strong>Carrenensis</strong></span> <span class='ocrx_word' id='word_1_106' title='bbox 725 2449 829 2505; x_wconf 82' lang='lat' dir='ltr'><strong>&#39;caedem</strong></span> <span class='ocrx_word' id='word_1_107' title='bbox 843 2458 1057 2521; x_wconf 85' lang='lat' dir='ltr'><strong>oommemomt,</strong></span> <span class='ocrx_word' id='word_1_108' title='bbox 1072 2458 1101 2508; x_wconf 89' lang='lat' dir='ltr'><strong>et</strong></span> <span class='ocrx_word' id='word_1_109' title='bbox 1113 2453 1176 2509; x_wconf 86' lang='lat' dir='ltr'><strong>titu-</strong></span> 
     </span>
     <span class='ocr_line' id='line_1_19' title="bbox 323 2539 946 2611; baseline 0.002 -17"><span class='ocrx_word' id='word_1_110' title='bbox 323 2540 383 2594; x_wconf 90' lang='lat' dir='ltr'><strong>lum</strong></span> <span class='ocrx_word' id='word_1_111' title='bbox 396 2539 482 2595; x_wconf 88' lang='lat' dir='ltr'><strong>mittit</strong></span> <span class='ocrx_word' id='word_1_112' title='bbox 494 2539 642 2611; x_wconf 84' lang='lat' dir='ltr'><strong>sepulchro</strong></span> <span class='ocrx_word' id='word_1_113' title='bbox 655 2539 716 2595; x_wconf 89' lang='lat' dir='ltr'><strong>eius</strong></span> <span class='ocrx_word' id='word_1_114' title='bbox 729 2539 946 2596; x_wconf 84' lang='lat' dir='ltr'><strong>inscribendum.</strong></span> 
     </span>
    </p>

    <p class='ocr_par' dir='ltr' id='par_1_10' title="bbox 132 2627 1093 2702">
     <span class='ocr_line' id='line_1_20' title="bbox 132 2627 1093 2702; baseline 0.002 -19"><span class='ocrx_word' id='word_1_115' title='bbox 132 2627 177 2702; x_wconf 81' lang='lat' dir='ltr'><strong>Ep.</strong></span> <span class='ocrx_word' id='word_1_116' title='bbox 215 2629 244 2684; x_wconf 72' lang='lat' dir='ltr'><strong>i.</strong></span> <span class='ocrx_word' id='word_1_117' title='bbox 264 2629 405 2685; x_wconf 78' lang='lat' dir='ltr'><strong>Pnnrrno</strong></span> <span class='ocrx_word' id='word_1_118' title='bbox 418 2628 562 2685; x_wconf 67' lang='lat' dir='ltr'><strong>Episcopo</strong></span> <span class='ocrx_word' id='word_1_119' title='bbox 575 2627 792 2685; x_wconf 71' lang='lat' dir='ltr'><strong>(inventionum.</strong></span> <span class='ocrx_word' id='word_1_120' title='bbox 803 2659 840 2671; x_wconf 98' lang='lat'>-</span> <span class='ocrx_word' id='word_1_121' title='bbox 848 2631 942 2686; x_wconf 82' lang='lat' dir='ltr'><strong>Multo</strong></span> <span class='ocrx_word' id='word_1_122' title='bbox 955 2631 1018 2686; x_wconf 82' lang='lat' dir='ltr'><strong>iam</strong></span> <span class='ocrx_word' id='word_1_123' title='bbox 1030 2631 1093 2686; x_wconf 68' lang='lat' dir='ltr'><strong>teli.</strong></span> 
     </span>
    </p>

    <p class='ocr_par' dir='ltr' id='par_1_11' title="bbox 286 2718 1174 2880">
     <span class='ocr_line' id='line_1_21' title="bbox 286 2718 1174 2794; baseline 0.003 -19"><span class='ocrx_word' id='word_1_124' title='bbox 286 2719 359 2790; x_wconf 79' lang='lat' dir='ltr'><strong>Arp.</strong></span> <span class='ocrx_word' id='word_1_125' title='bbox 375 2718 459 2774; x_wconf 83' lang='lat' dir='ltr'><strong>Mittit</strong></span> <span class='ocrx_word' id='word_1_126' title='bbox 471 2718 647 2790; x_wconf 77' lang='lat' dir='ltr'><strong>Epigramma</strong></span> <span class='ocrx_word' id='word_1_127' title='bbox 661 2720 690 2774; x_wconf 90' lang='lat' dir='ltr'><strong>in</strong></span> <span class='ocrx_word' id='word_1_128' title='bbox 699 2718 807 2774; x_wconf 84' lang='lat' dir='ltr'><strong>Vallem</strong></span> <span class='ocrx_word' id='word_1_129' title='bbox 817 2719 963 2790; x_wconf 80' lang='lat' dir='ltr'><strong>Clausum,</strong></span> <span class='ocrx_word' id='word_1_130' title='bbox 983 2738 1016 2776; x_wconf 81' lang='lat' dir='ltr'><strong>er</strong></span> <span class='ocrx_word' id='word_1_131' title='bbox 1030 2738 1086 2793; x_wconf 88' lang='lat' dir='ltr'><strong>quo</strong></span> <span class='ocrx_word' id='word_1_132' title='bbox 1099 2727 1174 2794; x_wconf 85' lang='lat' dir='ltr'><strong>patet</strong></span> 
     </span>
     <span class='ocr_line' id='line_1_22' title="bbox 320 2805 823 2880; baseline -0.002 -17"><span class='ocrx_word' id='word_1_133' title='bbox 320 2822 384 2863; x_wconf 73' lang='lat' dir='ltr'><strong>eam</strong></span> <span class='ocrx_word' id='word_1_134' title='bbox 396 2805 490 2880; x_wconf 83' lang='lat' dir='ltr'><strong>ipsum</strong></span> <span class='ocrx_word' id='word_1_135' title='bbox 504 2805 557 2862; x_wconf 84' lang='lat' dir='ltr'><strong>sibi</strong></span> <span class='ocrx_word' id='word_1_136' title='bbox 571 2807 665 2862; x_wconf 85' lang='lat' dir='ltr'><strong>sedem</strong></span> <span class='ocrx_word' id='word_1_137' title='bbox 679 2806 823 2878; x_wconf 80' lang='lat' dir='ltr'><strong>delegisse.</strong></span> 
     </span>
    </p>

    <p class='ocr_par' dir='ltr' id='par_1_12' title="bbox 131 2895 1100 2971">
     <span class='ocr_line' id='line_1_23' title="bbox 131 2895 1100 2971; baseline 0 -19"><span class='ocrx_word' id='word_1_138' title='bbox 131 2895 175 2971; x_wconf 81' lang='lat' dir='ltr'><strong>Ep.</strong></span> <span class='ocrx_word' id='word_1_139' title='bbox 215 2897 242 2952; x_wconf 85' lang='lat'><strong>5.</strong></span> <span class='ocrx_word' id='word_1_140' title='bbox 264 2895 423 2952; x_wconf 81' lang='lat' dir='ltr'><strong>Pmonmue</strong></span> <span class='ocrx_word' id='word_1_141' title='bbox 436 2910 473 2951; x_wconf 77' lang='lat' dir='ltr'><strong>er</strong></span> <span class='ocrx_word' id='word_1_142' title='bbox 487 2896 603 2951; x_wconf 78' lang='lat' dir='ltr'><strong>Ponuno</strong></span> <span class='ocrx_word' id='word_1_143' title='bbox 618 2895 822 2952; x_wconf 77' lang='lat' dir='ltr'><strong>Fuonnnmms.</strong></span> <span class='ocrx_word' id='word_1_144' title='bbox 834 2897 946 2953; x_wconf 86' lang='lat' dir='ltr'><strong>-lom</strong></span> <span class='ocrx_word' id='word_1_145' title='bbox 959 2898 1030 2953; x_wconf 77' lang='lat' dir='ltr'><strong>eatis</strong></span> <span class='ocrx_word' id='word_1_146' title='bbox 1043 2915 1100 2952; x_wconf 86' lang='lat' dir='ltr'><strong>me.</strong></span> 
     </span>
    </p>

    <p class='ocr_par' dir='ltr' id='par_1_13' title="bbox 286 2985 1174 3236">
     <span class='ocr_line' id='line_1_24' title="bbox 286 2985 1173 3059; baseline -0.005 -16"><span class='ocrx_word' id='word_1_147' title='bbox 286 2987 358 3059; x_wconf 81' lang='lat' dir='ltr'><strong>Arp.</strong></span> <span class='ocrx_word' id='word_1_148' title='bbox 378 2985 414 3041; x_wconf 87' lang='lat' dir='ltr'><strong>Se</strong></span> <span class='ocrx_word' id='word_1_149' title='bbox 438 2985 473 3040; x_wconf 80' lang='lat' dir='ltr'><strong>ab</strong></span> <span class='ocrx_word' id='word_1_150' title='bbox 492 2985 572 3041; x_wconf 87' lang='lat' dir='ltr'><strong>exilio</strong></span> <span class='ocrx_word' id='word_1_151' title='bbox 590 2985 876 3041; x_wconf 76' lang='lat' dir='ltr'><strong>honorificentissimis</strong></span> <span class='ocrx_word' id='word_1_152' title='bbox 894 2985 993 3040; x_wconf 85' lang='lat' dir='ltr'><strong>litteris</strong></span> <span class='ocrx_word' id='word_1_153' title='bbox 1015 2989 1173 3040; x_wconf 72' lang='lat' dir='ltr'><strong>revocatum</strong></span> 
     </span>
     <span class='ocr_line' id='line_1_25' title="bbox 323 3071 1174 3148; baseline -0.006 -17"><span class='ocrx_word' id='word_1_154' title='bbox 323 3075 512 3148; x_wconf 79' lang='lat' dir='ltr'><strong>maximopere</strong></span> <span class='ocrx_word' id='word_1_155' title='bbox 526 3074 638 3147; x_wconf 78' lang='lat' dir='ltr'><strong>gaudet,</strong></span> <span class='ocrx_word' id='word_1_156' title='bbox 654 3080 682 3129; x_wconf 88' lang='lat' dir='ltr'><strong>et</strong></span> <span class='ocrx_word' id='word_1_157' title='bbox 695 3073 801 3128; x_wconf 79' lang='lat' dir='ltr'><strong>debiles</strong></span> <span class='ocrx_word' id='word_1_158' title='bbox 814 3090 865 3145; x_wconf 92' lang='lat' dir='ltr'><strong>pro</strong></span> <span class='ocrx_word' id='word_1_159' title='bbox 879 3078 955 3127; x_wconf 77' lang='lat' dir='ltr'><strong>tanto</strong></span> <span class='ocrx_word' id='word_1_160' title='bbox 969 3071 1101 3127; x_wconf 87' lang='lat' dir='ltr'><strong>beneficio</strong></span> <span class='ocrx_word' id='word_1_161' title='bbox 1114 3088 1174 3143; x_wconf 79' lang='lat' dir='ltr'><strong>gm-</strong></span> 
     </span>
     <span class='ocr_line' id='line_1_26' title="bbox 320 3164 451 3236; baseline 0 -16"><span class='ocrx_word' id='word_1_162' title='bbox 320 3164 373 3220; x_wconf 76' lang='lat' dir='ltr'><strong>tiss</strong></span> <span class='ocrx_word' id='word_1_163' title='bbox 385 3165 451 3236; x_wconf 73' lang='lat' dir='ltr'><strong>agit.</strong></span> 
     </span>
    </p>

    <p class='ocr_par' dir='ltr' id='par_1_14' title="bbox 133 3250 1030 3326">
     <span class='ocr_line' id='line_1_27' title="bbox 133 3250 1030 3326; baseline -0.002 -19"><span class='ocrx_word' id='word_1_164' title='bbox 133 3251 178 3326; x_wconf 84' lang='lat' dir='ltr'><strong>lip.</strong></span> <span class='ocrx_word' id='word_1_165' title='bbox 215 3253 244 3310; x_wconf 82' lang='grc'><strong>6.</strong></span> <span class='ocrx_word' id='word_1_166' title='bbox 265 3251 389 3310; x_wconf 74' lang='lat' dir='ltr'><strong>lonium</strong></span> <span class='ocrx_word' id='word_1_167' title='bbox 402 3266 439 3308; x_wconf 78' lang='lat' dir='ltr'><strong>ou</strong></span> <span class='ocrx_word' id='word_1_168' title='bbox 453 3251 616 3307; x_wconf 74' lang='lat' dir='ltr'><strong>Cnnrnnno.</strong></span> <span class='ocrx_word' id='word_1_169' title='bbox 627 3280 664 3293; x_wconf 96' lang='lat'><em>-</em></span> <span class='ocrx_word' id='word_1_170' title='bbox 673 3250 740 3306; x_wconf 84' lang='lat' dir='ltr'><strong>lom</strong></span> <span class='ocrx_word' id='word_1_171' title='bbox 754 3266 821 3306; x_wconf 81' lang='lat' dir='ltr'><strong>vero</strong></span> <span class='ocrx_word' id='word_1_172' title='bbox 831 3251 1030 3323; x_wconf 74' lang='lat' dir='ltr'><strong>promimioro.</strong></span> 
     </span>
    </p>

    <p class='ocr_par' dir='ltr' id='par_1_15' title="bbox 285 3341 1170 3415">
     <span class='ocr_line' id='line_1_28' title="bbox 285 3341 1170 3415; baseline -0.001 -18"><span class='ocrx_word' id='word_1_173' title='bbox 285 3342 358 3415; x_wconf 73' lang='lat' dir='ltr'><strong>Arp.</strong></span> <span class='ocrx_word' id='word_1_174' title='bbox 378 3342 446 3408; x_wconf 81' lang='lat' dir='ltr'><strong>Quae</strong></span> <span class='ocrx_word' id='word_1_175' title='bbox 459 3341 512 3397; x_wconf 83' lang='lat' dir='ltr'><strong>sibi</strong></span> <span class='ocrx_word' id='word_1_176' title='bbox 526 3345 617 3397; x_wconf 76' lang='lat' dir='ltr'><strong>tentos</strong></span> <span class='ocrx_word' id='word_1_177' title='bbox 629 3356 721 3397; x_wconf 79' lang='lat' dir='ltr'><strong>mores</strong></span> <span class='ocrx_word' id='word_1_178' title='bbox 735 3341 863 3397; x_wconf 78' lang='lat' dir='ltr'><strong>nectendi</strong></span> <span class='ocrx_word' id='word_1_179' title='bbox 871 3357 954 3397; x_wconf 83' lang='lat' dir='ltr'><strong>cauea</strong></span> <span class='ocrx_word' id='word_1_180' title='bbox 965 3341 1059 3412; x_wconf 81' lang='lat' dir='ltr'><strong>suerit,</strong></span> <span class='ocrx_word' id='word_1_181' title='bbox 1070 3341 1170 3415; x_wconf 87' lang='lat' dir='ltr'><strong>quidve</strong></span> 
     </span>
    </p>

    <p class='ocr_par' dir='ltr' id='par_1_16' title="bbox 130 3429 965 3595">
     <span class='ocr_line' id='line_1_29' title="bbox 320 3429 965 3505; baseline -0.005 -17"><span class='ocrx_word' id='word_1_182' title='bbox 320 3432 394 3488; x_wconf 87' lang='lat' dir='ltr'><strong>sein</strong></span> <span class='ocrx_word' id='word_1_183' title='bbox 406 3437 551 3505; x_wconf 88' lang='lat' dir='ltr'><strong>posterum</strong></span> <span class='ocrx_word' id='word_1_184' title='bbox 564 3430 703 3486; x_wconf 80' lang='lat' dir='ltr'><strong>iacturum</strong></span> <span class='ocrx_word' id='word_1_185' title='bbox 716 3429 768 3485; x_wconf 86' lang='lat' dir='ltr'><strong>sibi</strong></span> <span class='ocrx_word' id='word_1_186' title='bbox 781 3431 965 3504; x_wconf 84' lang='lat' dir='ltr'><strong>proposuerit.</strong></span> 
     </span>
     <span class='ocr_line' id='line_1_30' title="bbox 130 3519 684 3595; baseline 0 -20"><span class='ocrx_word' id='word_1_187' title='bbox 130 3519 175 3595; x_wconf 86' lang='lat' dir='ltr'><strong>Ep.</strong></span> <span class='ocrx_word' id='word_1_188' title='bbox 213 3521 240 3577; x_wconf 82' lang='lat'><strong>7.</strong></span> <span class='ocrx_word' id='word_1_189' title='bbox 261 3521 396 3578; x_wconf 71' lang='lat' dir='ltr'><strong>Somni.</strong></span> <span class='ocrx_word' id='word_1_190' title='bbox 406 3550 443 3563; x_wconf 89' lang='lat'><em>-</em></span> <span class='ocrx_word' id='word_1_191' title='bbox 452 3521 529 3588; x_wconf 74' lang='lat' dir='ltr'><strong>Quid</strong></span> <span class='ocrx_word' id='word_1_192' title='bbox 539 3521 684 3593; x_wconf 77' lang='lat' dir='ltr'><strong>primum.</strong></span> 
     </span>
    </p>

    <p class='ocr_par' dir='ltr' id='par_1_17' title="bbox 284 3606 1171 3860">
     <span class='ocr_line' id='line_1_31' title="bbox 284 3606 1171 3684; baseline -0.01 -17"><span class='ocrx_word' id='word_1_193' title='bbox 284 3611 357 3684; x_wconf 60' lang='lat' dir='ltr'><strong>Ara.</strong></span> <span class='ocrx_word' id='word_1_194' title='bbox 376 3608 466 3666; x_wconf 84' lang='lat' dir='ltr'><strong>Deflet</strong></span> <span class='ocrx_word' id='word_1_195' title='bbox 479 3609 601 3681; x_wconf 76' lang='lat' dir='ltr'><strong>insignes</strong></span> <span class='ocrx_word' id='word_1_196' title='bbox 616 3609 703 3664; x_wconf 74' lang='lat' dir='ltr'><strong>etatis</strong></span> <span class='ocrx_word' id='word_1_197' title='bbox 712 3625 769 3665; x_wconf 83' lang='lat' dir='ltr'><strong>suae</strong></span> <span class='ocrx_word' id='word_1_198' title='bbox 779 3609 964 3677; x_wconf 79' lang='lat' dir='ltr'><strong>calamitates,</strong></span> <span class='ocrx_word' id='word_1_199' title='bbox 978 3606 1171 3679; x_wconf 76' lang='lat' dir='ltr'><strong>qiiihusterrte</strong></span> 
     </span>
     <span class='ocr_line' id='line_1_32' title="bbox 320 3693 1171 3768; baseline -0.009 -13"><span class='ocrx_word' id='word_1_200' title='bbox 320 3704 413 3755; x_wconf 88' lang='lat' dir='ltr'><strong>motus</strong></span> <span class='ocrx_word' id='word_1_201' title='bbox 422 3697 532 3754; x_wconf 81' lang='lat' dir='ltr'><strong>inorbo</strong></span> <span class='ocrx_word' id='word_1_202' title='bbox 540 3704 725 3768; x_wconf 72' lang='lat' dir='ltr'><strong>secesserunt,</strong></span> <span class='ocrx_word' id='word_1_203' title='bbox 736 3699 854 3754; x_wconf 76' lang='lat' dir='ltr'><strong>maiores</strong></span> <span class='ocrx_word' id='word_1_204' title='bbox 863 3713 1004 3755; x_wconf 77' lang='lat' dir='ltr'><strong>erumnas</strong></span> <span class='ocrx_word' id='word_1_205' title='bbox 1013 3693 1171 3766; x_wconf 82' lang='lat' dir='ltr'><strong>reipublicae</strong></span> 
     </span>
     <span class='ocr_line' id='line_1_33' title="bbox 317 3786 523 3860; baseline 0 -18"><span class='ocrx_word' id='word_1_206' title='bbox 317 3786 523 3860; x_wconf 84' lang='lat' dir='ltr'><strong>portendentes.</strong></span> 
     </span>
    </p>

    <p class='ocr_par' dir='ltr' id='par_1_18' title="bbox 129 3870 1158 3951">
     <span class='ocr_line' id='line_1_34' title="bbox 129 3870 1158 3951; baseline -0.008 -19"><span class='ocrx_word' id='word_1_207' title='bbox 129 3875 174 3951; x_wconf 83' lang='lat' dir='ltr'><strong>Ep.</strong></span> <span class='ocrx_word' id='word_1_208' title='bbox 211 3876 239 3934; x_wconf 85' lang='lat'><strong>8.</strong></span> <span class='ocrx_word' id='word_1_209' title='bbox 260 3877 390 3933; x_wconf 75' lang='lat' dir='ltr'><strong>Aunnnn</strong></span> <span class='ocrx_word' id='word_1_210' title='bbox 401 3875 541 3933; x_wconf 68' lang='lat' dir='ltr'><strong>Dounono</strong></span> <span class='ocrx_word' id='word_1_211' title='bbox 554 3889 622 3933; x_wconf 84' lang='lat' dir='ltr'><strong>noer</strong></span> <span class='ocrx_word' id='word_1_212' title='bbox 634 3877 835 3933; x_wconf 76' lang='lat' dir='ltr'><strong>veneruntne.</strong></span> <span class='ocrx_word' id='word_1_213' title='bbox 846 3904 883 3917; x_wconf 96' lang='lat'>-</span> <span class='ocrx_word' id='word_1_214' title='bbox 894 3873 929 3930; x_wconf 83' lang='lat' dir='ltr'><strong>Ut</strong></span> <span class='ocrx_word' id='word_1_215' title='bbox 942 3870 1056 3942; x_wconf 78' lang='lat' dir='ltr'><strong>aliquid</strong></span> <span class='ocrx_word' id='word_1_216' title='bbox 1069 3870 1109 3924; x_wconf 79' lang='lat' dir='ltr'><strong>od</strong></span> <span class='ocrx_word' id='word_1_217' title='bbox 1122 3874 1158 3925; x_wconf 77' lang='lat' dir='ltr'><strong>ts.</strong></span> 
     </span>
    </p>

    <p class='ocr_par' dir='ltr' id='par_1_19' title="bbox 284 3963 1168 4040">
     <span class='ocr_line' id='line_1_35' title="bbox 284 3963 1168 4040; baseline -0.012 -17"><span class='ocrx_word' id='word_1_218' title='bbox 284 3967 357 4040; x_wconf 73' lang='lat' dir='ltr'><strong>Arp.</strong></span> <span class='ocrx_word' id='word_1_219' title='bbox 377 3966 464 4023; x_wconf 76' lang='lat' dir='ltr'><strong>linire</strong></span> <span class='ocrx_word' id='word_1_220' title='bbox 477 3965 747 4023; x_wconf 81' lang='lat' dir='ltr'><strong>dehortaturabeilo</strong></span> <span class='ocrx_word' id='word_1_221' title='bbox 757 3970 852 4021; x_wconf 81' lang='lat' dir='ltr'><strong>contra</strong></span> <span class='ocrx_word' id='word_1_222' title='bbox 861 3963 1022 4018; x_wconf 82' lang='lat' dir='ltr'><strong>Geuuenses</strong></span> <span class='ocrx_word' id='word_1_223' title='bbox 1032 3963 1168 4030; x_wconf 85' lang='lat' dir='ltr'><strong>suscepto.</strong></span> 
     </span>
    </p>
   </div>
   <div class='ocr_carea' id='block_1_5' title="bbox 128 4054 1170 4393">
    <p class='ocr_par' dir='ltr' id='par_1_20' title="bbox 128 4054 1170 4393">
     <span class='ocr_line' id='line_1_36' title="bbox 128 4054 766 4130; baseline -0.005 -20"><span class='ocrx_word' id='word_1_224' title='bbox 128 4054 175 4130; x_wconf 85' lang='lat' dir='ltr'><strong>Ep.</strong></span> <span class='ocrx_word' id='word_1_225' title='bbox 212 4055 241 4112; x_wconf 84' lang='lat' dir='ltr'><strong>e.</strong></span> <span class='ocrx_word' id='word_1_226' title='bbox 261 4055 385 4112; x_wconf 71' lang='lat' dir='ltr'><strong>lonium</strong></span> <span class='ocrx_word' id='word_1_227' title='bbox 397 4055 541 4112; x_wconf 77' lang='lat' dir='ltr'><strong>Amnon.</strong></span> <span class='ocrx_word' id='word_1_228' title='bbox 552 4085 588 4097; x_wconf 96' lang='lat'>-</span> <span class='ocrx_word' id='word_1_229' title='bbox 598 4055 766 4127; x_wconf 84' lang='lat' dir='ltr'><strong>Speratum.</strong></span> 
     </span>
     <span class='ocr_line' id='line_1_37' title="bbox 285 4134 1170 4218; baseline -0.01 -17"><span class='ocrx_word' id='word_1_230' title='bbox 285 4145 357 4218; x_wconf 73' lang='lat' dir='ltr'><strong>Arp.</strong></span> <span class='ocrx_word' id='word_1_231' title='bbox 377 4144 521 4201; x_wconf 73' lang='lat' dir='ltr'><strong>Sereriore</strong></span> <span class='ocrx_word' id='word_1_232' title='bbox 546 4144 649 4201; x_wconf 81' lang='lat' dir='ltr'><strong>nostrie</strong></span> <span class='ocrx_word' id='word_1_233' title='bbox 677 4143 791 4214; x_wconf 82' lang='lat' dir='ltr'><strong>antiquo</strong></span> <span class='ocrx_word' id='word_1_234' title='bbox 817 4134 1060 4212; x_wconf 65' lang='lat' dir='ltr'><strong>musquetum,</strong></span> <span class='ocrx_word' id='word_1_235' title='bbox 1084 4152 1170 4210; x_wconf 87' lang='lat' dir='ltr'><strong>seque</strong></span> 
     </span>
     <span class='ocr_line' id='line_1_38' title="bbox 318 4228 1052 4303; baseline -0.012 -15"><span class='ocrx_word' id='word_1_236' title='bbox 318 4233 400 4289; x_wconf 89' lang='lat' dir='ltr'><strong>illum</strong></span> <span class='ocrx_word' id='word_1_237' title='bbox 413 4231 449 4287; x_wconf 82' lang='lat' dir='ltr'><strong>ed</strong></span> <span class='ocrx_word' id='word_1_238' title='bbox 462 4231 569 4288; x_wconf 82' lang='lat' dir='ltr'><strong>Vellem</strong></span> <span class='ocrx_word' id='word_1_239' title='bbox 583 4231 712 4287; x_wconf 79' lang='lat' dir='ltr'><strong>Clausam</strong></span> <span class='ocrx_word' id='word_1_240' title='bbox 724 4228 885 4303; x_wconf 80' lang='lat' dir='ltr'><strong>propediem</strong></span> <span class='ocrx_word' id='word_1_241' title='bbox 899 4230 1052 4298; x_wconf 73' lang='lat' dir='ltr'><strong>expectere.</strong></span> 
     </span>
     <span class='ocr_line' id='line_1_39' title="bbox 128 4315 1120 4393; baseline -0.007 -17"><span class='ocrx_word' id='word_1_242' title='bbox 128 4317 175 4393; x_wconf 74' lang='lat' dir='ltr'><strong>Ep.</strong></span> <span class='ocrx_word' id='word_1_243' title='bbox 194 4319 241 4376; x_wconf 83' lang='lat' dir='ltr'><strong>to.</strong></span> <span class='ocrx_word' id='word_1_244' title='bbox 259 4319 401 4377; x_wconf 69' lang='lat' dir='ltr'><strong>eminio</strong></span> <span class='ocrx_word' id='word_1_245' title='bbox 415 4318 510 4377; x_wconf 79' lang='lat' dir='ltr'><strong>Eriso.</strong></span> <span class='ocrx_word' id='word_1_246' title='bbox 527 4320 743 4378; x_wconf 77' lang='lat' dir='ltr'><strong>Gnrmoicnusr.</strong></span> <span class='ocrx_word' id='word_1_247' title='bbox 753 4316 960 4391; x_wconf 77' lang='lat' dir='ltr'><strong>-lmpotiens</strong></span> <span class='ocrx_word' id='word_1_248' title='bbox 973 4315 1120 4371; x_wconf 67' lang='lat' dir='ltr'><strong>deuterii.</strong></span> 
     </span>
    </p>
   </div>
   <div class='ocr_carea' id='block_1_6' title="bbox 284 4405 1026 4483">
    <p class='ocr_par' dir='ltr' id='par_1_21' title="bbox 284 4405 1026 4483">
     <span class='ocr_line' id='line_1_40' title="bbox 284 4405 1026 4483; baseline -0.011 -17"><span class='ocrx_word' id='word_1_249' title='bbox 284 4410 356 4483; x_wconf 65' lang='lat' dir='ltr'><strong>Arg.</strong></span> <span class='ocrx_word' id='word_1_250' title='bbox 375 4408 496 4468; x_wconf 80' lang='lat' dir='ltr'><strong>liunoiet</strong></span> <span class='ocrx_word' id='word_1_251' title='bbox 508 4426 538 4466; x_wconf 84' lang='lat' dir='ltr'><strong>se</strong></span> <span class='ocrx_word' id='word_1_252' title='bbox 551 4410 586 4467; x_wconf 82' lang='lat' dir='ltr'><strong>ad</strong></span> <span class='ocrx_word' id='word_1_253' title='bbox 597 4410 705 4466; x_wconf 77' lang='lat' dir='ltr'><strong>Vallem</strong></span> <span class='ocrx_word' id='word_1_254' title='bbox 718 4409 846 4465; x_wconf 81' lang='lat' dir='ltr'><strong>Clausum</strong></span> <span class='ocrx_word' id='word_1_255' title='bbox 860 4405 1026 4480; x_wconf 84' lang='lat' dir='ltr'><strong>pervenisse.</strong></span> 
     </span>
    </p>
   </div>
   <div class='ocr_carea' id='block_1_7' title="bbox 0 0 1350 5024">
    <p class='ocr_par' dir='ltr' id='par_1_22' title="bbox 0 0 1350 5024">
     <span class='ocr_line' id='line_1_41' title="bbox 0 0 1350 5024; baseline 0 2"><span class='ocrx_word' id='word_1_256' title='bbox 0 0 1350 5024; x_wconf 95' lang='lat' dir='ltr'><strong> </strong></span> 
     </span>
    </p>
   </div>
  </div>
 </body>
</html>
