2692 5024
198 665 258 729 294
543 676 582 724 na
604 674 705 726 nanus
726 675 947 725 salamannus

199 843 257 903 na,
272 818 480 911 vulgaribus
496 827 611 889 tamen
624 838 666 890 ae
683 818 822 890 minime
842 817 1025 910 generosis
1037 817 1176 891 artibus
1189 841 1290 912 qnae

199 945 274 1026 sita,
288 963 468 1035 nunquam
483 941 654 1033 ingenuos
671 940 807 1013 animos
827 941 1031 1026 delectaret,
1046 941 1192 1013 servilis
1205 965 1288 1036 ope-

198 1085 248 1135 rae
268 1063 348 1133 vilis
370 1085 516 1135 meroes.
535 1063 645 1155 ldque
664 1084 732 1155 ego
750 1084 888 1135 meeum
907 1065 1084 1158 eogitans,
1105 1067 1238 1151 fateor,
1251 1077 1286 1137 et

198 1186 363 1271 mirabar,
391 1202 427 1259 et
450 1186 536 1257 mibi
556 1209 635 1287 non·
644 1186 868 1258 mediocriter
895 1186 1115 1279 indignabar.
1150 1189 1210 1259 Ex
1234 1186 1286 1259 di·

197 1333 301 1383 verso
321 1320 437 1382 autem
458 1309 542 1380 dum
563 1308 812 1380 reminiscebar
838 1330 943 1402 quam
970 1310 1056 1411 mibi
1075 1309 1193 1383 dulcis
1213 1312 1285 1405 epi·

197 1435 297 1504 stolae
316 1433 409 1504 illins
432 1431 533 1502 lectio
549 1432 674 1515 luerat,
697 1431 863 1503 flectebar
884 1439 922 1503 ut
942 1432 1036 1504 omni
1061 1434 1167 1527 culpa
1190 1431 1285 1505 desi—

196 1555 332 1627 derium
344 1554 422 1630 eius
435 1553 666 1626 absolverem.
688 1555 761 1626 Neo
778 1555 863 1626 satis
882 1556 953 1627 soie
967 1576 1099 1627 verone
1114 1577 1162 1627 an
1179 1556 1282 1636 lalso;

197 1676 260 1748 sed
269 1675 520 1770 persuadebam
535 1677 618 1746 mibi
633 1676 751 1748 multis
760 1678 964 1760 rationibus,
978 1677 1110 1748 nullius
1124 1700 1184 1749 me
1199 1700 1282 1750 ven-

196 1808 283 1868 tosae
296 1797 410 1870 laudis
425 1797 557 1869 ambitu
571 1797 741 1892 perditam
756 1798 901 1870 dellere:
917 1798 979 1870 sed
992 1798 1090 1891 quod
1102 1820 1186 1870 eam
1203 1800 1282 1870 mibi

196 1917 314 1989 utilem
341 1940 534 2003 senseram;
565 1931 765 2014 tantamque
787 1919 949 1992 fiduciam
975 1918 1083 1991 dabat
1103 1944 1177 1994 non
1205 1946 1279 2008 ars,

194 2063 261 2111 non
282 2041 475 2132 ingenium,
496 2043 560 2114 sed
580 2064 688 2114 verus
706 2041 762 2114 ille
786 2043 954 2134 magister
970 2041 1055 2114 artis
1077 2044 1281 2139 ingeniique

194 2163 347 2253 largitor,
363 2174 402 2234 ut
414 2162 578 2235 auderem
594 2186 736 2259 sperare
751 2164 883 2236 litteras
897 2163 972 2235 illas
988 2165 1071 2236 tanti
1085 2169 1279 2260 peccatoris

192 2286 301 2376 digito
308 2296 501 2370 contextas,
517 2286 713 2378 legentibus
727 2287 857 2358 nedum
870 2285 1068 2380 placituras,
1082 2287 1207 2381 inquo
1220 2313 1280 2361 nu-

192 2406 273 2478 dum
297 2431 422 2479 nomen
443 2408 605 2491 vertitur,
622 2409 684 2479 sed
703 2411 789 2479 sorte
810 2409 915 2479 etiam
929 2410 1143 2503 profuturas.
1172 2414 1277 2485 Multa

193 2531 238 2598 ibi
259 2540 378 2600 eontra
399 2530 577 2599 hominum
607 2540 642 2599 et
668 2530 860 2621 praesertim
880 2532 947 2601 mei
966 2531 1078 2622 ipsius
1096 2534 1275 2605 mollitiem
1325 2541 1328 2547 ’

191 2653 348 2721 inventus
363 2654 512 2734 sueram,
528 2652 717 2743 multisque
732 2653 777 2722 ad
791 2653 955 2735 virtutem
972 2654 1277 2726 exhortationibus

191 2792 254 2842 neo
270 2773 387 2863 paucis
405 2772 701 2863 indignationibus
723 2774 756 2843 in
780 2777 946 2845 saeculum
968 2784 1129 2845 nostrum
1143 2785 1182 2847 et
1194 2778 1276 2850 vitia

191 2901 260 2963 toto
278 2915 368 2963 nune
381 2893 465 2965 orbe
480 2895 673 2985 regnantia,
692 2899 790 2966 velut
805 2897 945 2966 alternis
964 2896 1124 2981 stimulis
1142 2910 1276 2970 utrum-

189 3037 257 3106 que
267 3014 314 3085 illi
327 3018 418 3086 latus
432 3037 665 3095 armaveram;
676 3016 763 3088 adeo
776 3027 822 3097 ut,
837 3016 881 3088 ad
893 3039 970 3088 eam
985 3017 1135 3103 rediens,
1148 3019 1216 3090 vix
1227 3021 1276 3090 in·

189 3137 282 3227 genii
297 3139 363 3208 mei
378 3160 467 3232 opus
488 3138 681 3222 crederem,
697 3150 733 3209 et
745 3143 823 3232 plus
836 3140 882 3223 ei,
901 3161 1007 3232 quam
1024 3140 1166 3233 seriptis
1189 3142 1275 3213 meis

189 3262 290 3343 soleo,
324 3262 559 3332 venerationis
580 3262 828 3355 impenderem.
863 3265 913 3334 De
932 3262 1054 3334 Phidia
1084 3273 1120 3333 et
1153 3263 1275 3359 Apelle

187 3399 361 3469 nusquam
395 3383 520 3451 lectum
546 3393 609 3465 est,
632 3383 742 3452 fnisse
772 3383 958 3464 lormos0s3
985 3404 1132 3475 operum
1155 3396 1274 3458 tamen

187 3500 370 3570 illustrium
392 3505 536 3573 alterius
558 3503 713 3595 reliquiae
733 3512 836 3587 stant,
861 3506 1004 3575 alterius
1030 3506 1075 3575 ad
1097 3525 1165 3576 nos
1183 3509 1275 3579 sama

186 3622 356 3713 pervenit.
383 3625 503 3716 ltaque
530 3636 579 3696 tot
604 3625 892 3697 interlabentibus
919 3628 1059 3701 saeoulis
1085 3629 1275 3723 utriusque

185 3749 325 3821 artificis
346 3751 652 3843 praeclarissimum
671 3755 760 3825 vivit
780 3755 969 3845 ingenium3
988 3755 1086 3826 varie
1107 3756 1275 3852 lieetpro

186 3873 352 3943 varietate
366 3873 534 3953 materiae;
554 3875 712 3946 vivacior
725 3877 820 3947 enim
835 3878 1019 3972 sculptoris
1037 3899 1142 3970 quam
1163 3881 1275 3972 picto

185 3993 233 4064 ris
259 4004 313 4066 est
333 4017 454 4088 opera;
486 3998 566 4068 bine
587 4009 641 4069 est
661 4009 700 4070 ut
726 4000 760 4068 in
787 3999 884 4070 libris
905 3999 1074 4092 Apellem,
1110 4001 1273 4075 Phidiam

183 4115 218 4185 in
240 4139 411 4191 marmore
432 4118 624 4192 videamus.
647 4121 742 4191 Idem
757 4123 801 4193 de
821 4122 1007 4194 Parrhasio
1025 4133 1059 4193 et
1080 4124 1272 4220 Polycles),

183 4238 281 4310 etde
302 4241 411 4311 Zeuxi
440 4253 475 4313 et
494 4244 671 4315 Praxitele
702 4244 911 4327 censuerim,
939 4246 1149 4338 caeterisqne
1183 4271 1276 4342 quo·

184 4382 260 4428 rum
290 4384 468 4454 corporeae
489 4368 609 4437 formae
629 4370 723 4439 nulla
742 4367 870 4438 mentio
891 4377 958 4450 est,
994 4389 1140 4462 operum
1163 4371 1275 4443 decor

182 4480 347 4566 eximius,
368 4488 513 4558 etfama
535 4490 756 4580 percelebris.
771 4489 886 4581 Atque
913 4501 950 4562 ut
970 4511 990 4559 a
1020 4491 1208 4568 veteribus
1229 4495 1275 4567 ad
