2692 5024
192 586 251 662 {abl
533 594 574 641 nu
595 592 696 641 aeuus
718 591 939 641 rtututnnmns

192 740 282 807 Sane
303 755 443 806 carmen
464 733 662 824 egregium,
689 731 785 824 qnod
809 731 977 801 insertum
1004 741 1085 803 erat
1109 735 1292 827 epistolae,

193 859 268 928 sine
294 876 463 948 responso
488 854 692 936 mansisset,
728 852 831 924 tacita
856 855 924 923 mei
950 854 1108 946 pectoris
1135 856 1294 928 adrnira-

193 980 284 1051 tione
296 986 514 1058 contentum;
532 975 599 1045 nisi
617 973 811 1045 obstitisset
828 973 958 1064 ingenii
977 973 1029 1043 tui
1047 976 1233 1060 meritum,
1253 978 1291 1047 in

193 1110 287 1171 tanta
319 1097 514 1193 praesertim
548 1095 704 1189 vulgaris
738 1095 945 1186 ignorantiae
972 1093 1073 1167 nube
1099 1097 1289 1171 radiantis.

192 1221 350 1314 Accipies
370 1221 476 1311 igitur
493 1240 666 1301 seorsum,
685 1228 721 1288 et
735 1218 994 1309 qualecumque
1010 1228 1079 1301 est,
1100 1218 1185 1289 boni
1204 1243 1292 1293 con-

192 1345 300 1424 sules,
323 1362 464 1412 carmen
485 1341 608 1422 breve,
632 1337 725 1431 quod
746 1338 781 1406 in
802 1337 986 1408 lacrimosa
1008 1341 1164 1412 materia
1185 1364 1289 1415 occu-

192 1474 271 1556 pato
288 1483 379 1531 nunc
395 1461 511 1532 animo
529 1461 590 1530 vix
607 1459 754 1542 extorsi,
774 1482 843 1531 nnn
863 1469 932 1529 tam
952 1470 992 1531 ut
1011 1459 1049 1532 id
1069 1482 1286 1558 responsum

190 1594 300 1664 esset,
324 1603 428 1673 quam
449 1603 495 1652 ne
514 1579 610 1651 nibil.
633 1581 731 1650 Vale.

603 2020 779 2083 EPISTULA
801 2021 857 2082 XV.

282 2239 476 2289 Fnlufflscus
498 2235 667 2286 Peuntact
688 2235 826 2285 tbcfltno
847 2236 1033 2287 vtctcottm
1054 2239 1084 2289 S.
1109 2244 1138 2292 Ρ.
1166 2246 1198 2294 D.

191 2420 297 2473 Laudat
316 2420 350 2473 ob
370 2419 492 2474 studium
512 2419 683 2482 litterarum,
703 2431 765 2484 qum
784 2414 903 2467 maxime
921 2415 1066 2487 Principes
1084 2421 1164 2477 viros
1185 2425 1275 2480 decem

277 2510 464 2574 demonstrat,
481 2513 508 2560 et
523 2506 563 2558 illi
578 2503 726 2558 nonnullas
744 2503 864 2557 viridarii
883 2504 926 2557 sui
945 2506 1054 2576 plantas
1071 2526 1141 2566 cum
1158 2517 1275 2570 carmine

276 2593 369 2645 mittit.

286 2813 414 2895 Quales
437 2831 675 2902 speraveram,
697 2811 767 2882 imo
787 2812 927 2904 quidem
955 2818 1079 2906 quales
1108 2843 1177 2893 nec
1203 2845 1275 2917 spe

188 2958 361 3019 raveram,
393 2934 526 3004 litteras
560 2944 637 3004 tuas
670 2935 748 3025 legi.
782 2936 942 3005 Gratulor
974 2936 1063 3008 inter
1096 2947 1273 3016 excellen-

187 3060 268 3129 tiam
296 3069 389 3129 tuam
414 3066 450 3126 et
475 3055 699 3127 humilitatem
728 3054 932 3127 meamhoc
959 3061 1082 3131 saltem
1120 3065 1273 3138 interve

186 3180 281 3249 nisse
302 3176 561 3260 commercium,
584 3180 757 3269 talemque
779 3178 862 3250 mibi
883 3178 927 3248 ad
946 3179 1103 3252 notitiam
1127 3186 1180 3255 tui
1203 3186 1271 3258 adi·

186 3309 257 3368 tum
291 3299 471 3391 aperuisse
497 3301 679 3368 fortunam.
711 3300 748 3368 ln
775 3320 817 3369 eo
843 3322 926 3371 saue
950 3301 1045 3392 quod
1072 3301 1269 3377 litterarum

185 3424 339 3513 ipsarum
367 3421 484 3489 ultima
512 3440 592 3510 pars
619 3420 728 3503 iubet,
755 3420 945 3512 diligentiae
970 3445 1060 3494 meae
1085 3447 1176 3497 cura
1204 3452 1269 3500 nou

183 3542 305 3625 deerit,
328 3563 439 3632 eoque
460 3540 653 3631 promptius
674 3542 798 3625 enitar,
825 3564 895 3634 quo
920 3545 998 3634 plus
1023 3544 1268 3621 delectationis

183 3662 279 3733 labor
303 3661 432 3731 afferet.
454 3661 543 3729 Dum
567 3661 771 3732 hortulanus
789 3638 908 3732 herbis
926 3671 961 3732 et
976 3662 1182 3753 arboribus,
1202 3692 1268 3761 ego

182 3781 300 3852 verbis
333 3791 368 3851 et
400 3765 613 3851 carminibus
639 3782 849 3866 incumbam,
877 3783 1046 3854 invitante
1076 3787 1145 3858 rivi
1172 3813 1267 3863 mur·

184 3925 294 3985 mure,
319 3905 376 3995 qui
400 3904 567 3994 querulus
585 3903 673 3993 sugit
690 3916 725 3973 et
743 3905 868 3977 dextra
887 3908 1046 3997 laevaque
1066 3913 1266 3999 prominen-

182 4034 250 4094 tem
269 4025 466 4116 pomiferam
487 4026 611 4094 silvam
630 4035 737 4096 secat:
756 4028 856 4098 cuius
875 4027 980 4099 studii
1000 4029 1176 4121 primitias
1198 4037 1264 4107 iam

181 4167 273 4215 nunc
297 4145 512 4234 degustabis.
548 4147 622 4216 Etsi
647 4149 796 4219 sortasse
821 4150 975 4221 animum
1002 4151 1189 4227 altissimis
1216 4160 1265 4229 in-

181 4270 312 4334 tentum
333 4266 426 4336 curis
448 4267 514 4336 ista
536 4288 604 4336 non
627 4278 783 4360 tangant,
806 4281 845 4340 ut
867 4282 1060 4364 temporum
1088 4298 1170 4349 mos
1195 4293 1265 4362 est,

179 4385 251 4487 ¹scio
269 4395 384 4456 tamen
402 4390 477 4459 illos
497 4401 566 4458 tam
584 4412 730 4480 magnos
750 4414 863 4463 rerum
881 4392 1058 4477 deuncos,
1079 4397 1211 4474 lulium
1233 4416 1264 4475 et
