2692 5024
539 706 802 759 Pnonnuomton.
1113 712 1197 763 cxvii

153 849 205 922 Ep.
243 848 269 904 3.
290 848 410 904 Unoluo
424 848 448 902 V
462 848 552 903 Ponr.
568 849 642 904 linx.
654 879 690 891 -
699 850 747 904 ild
759 853 870 905 motum
883 852 991 922 sponsi.

313 938 385 1009 Arp.
402 936 487 992 Enixe
500 937 628 993 hortatur
645 944 677 994 ut
687 938 782 994 Romae
796 940 942 1012 consistat,
953 957 1004 996 nec
1013 939 1113 997 Sedem
1127 941 1199 1015 Apo

350 1027 473 1082 stolicam
487 1026 601 1082 reducat
614 1029 643 1082 in
656 1025 768 1083 Gallias.

152 1111 204 1186 Ep.
242 1113 268 1167 1.
289 1114 383 1169 Moero
397 1114 554 1169 Pannnnsr.
565 1115 710 1169 -Amice
725 1116 827 1188 quibus
841 1116 940 1171 ocutis.

314 1202 386 1274 nro.
405 1201 446 1256 De
460 1201 536 1256 obitu
549 1202 650 1256 azonis
660 1202 694 1258 de
704 1202 836 1274 corrigio.
852 1204 983 1273 Queritur
991 1206 1120 1278 epistolas
1133 1223 1198 1262 suas

347 1291 487 1363 intercipi,
502 1296 530 1348 et
543 1293 677 1347 nonnulla
690 1291 725 1348 de
738 1293 847 1365 scriptis
860 1293 918 1351 suis
932 1295 1057 1351 mandat.

152 1381 205 1454 Ep.
242 1381 269 1436 5.
289 1379 444 1437 Nrcocosro
458 1382 674 1438 Banrnononnn
688 1381 819 1439 Luennsr.
831 1385 993 1441 -Amr'cus
1005 1393 1112 1444 noster.

312 1470 384 1543 Arp.
404 1471 586 1540 Litterarum,
610 1487 713 1546 quasa
733 1471 836 1527 Senatu
858 1472 1018 1546 Populoque
1041 1475 1199 1532 Florentino

347 1561 463 1633 recepit,
477 1565 505 1615 et
518 1559 705 1632 responsionis
718 1576 774 1614 suae
788 1561 872 1615 mittit
884 1563 1033 1635 exemplar.

155 1648 206 1720 Ep.
243 1649 271 1704 6.
291 1647 416 1703 Goroorn
430 1648 524 1704 Errsc.
540 1650 689 1704 Ponronu.
705 1648 871 1706 Cannium.
883 1652 1037 1710 -Aadito
1050 1671 1179 1711 mmm.

315 1738 386 1809 Arp.
407 1737 522 1793 Galeatii
535 1738 710 1794 Vicecomitis
731 1740 843 1795 nomine
857 1741 1037 1814 conqueritur
1048 1759 1144 1798 cesum
1157 1758 1200 1798 re·

348 1827 391 1898 gis
403 1826 556 1882 Galliarum
578 1827 608 1883 in
631 1829 785 1901 anglorum
809 1829 968 1885 servitutem
990 1846 1047 1885 una
1065 1845 1129 1885 curn
1142 1830 1199 1885 lilio

348 1916 460 1972 redacti.

152 2007 203 2080 Ep.
242 2008 267 2061 7.
288 2006 330 2061 Ao
345 2020 530 2061 1on0wn.-
539 2007 724 2079 Babylonicis
740 2008 857 2063 tandem
871 2008 982 2063 oincim

312 2095 385 2168 Arp.
400 2094 500 2150 Narrat
513 2111 543 2150 se
556 2095 697 2150 Arenione
706 2096 868 2151 redeuntem
883 2097 1013 2153 Iohannis
1025 2097 1199 2153 vicecomitis

345 2185 588 2258 archiepiscopiet
597 2183 719 2255 dynasta
734 2184 947 2239 Mediolanensis
956 2185 1085 2258 precibus
1095 2186 1198 2242 victum

350 2276 496 2332 Mediolani
512 2275 679 2330 constitisse.

151 2367 203 2440 Ep.
240 2368 266 2424 8.
287 2366 382 2424 Moero
396 2368 555 2423 Panaensr.
566 2396 602 2407 -
613 2365 740 2420 Carmen
754 2368 913 2436 epi-epium.

313 2457 384 2529 Arp.
405 2455 616 2511 adolescentem
630 2455 728 2510 litteris
747 2454 948 2510 instituendum
962 2454 1022 2509 eius
1036 2471 1109 2510 curae
1123 2471 1195 2510 com·

350 2543 473 2599 mandat.

153 2631 203 2705 Ep.
241 2633 267 2688 9.
288 2634 465 2689 Pnnnunrno
479 2633 669 2690 Msmresre.
679 2664 715 2675 -
726 2633 848 2688 Coleode
864 2637 930 2687 ante
944 2633 1026 2687 alios.

312 2723 384 2794 Arp.
405 2723 485 2777 Dolet
496 2729 614 2778 mortem
628 2724 722 2779 uxoris
735 2729 762 2779 et
774 2724 866 2778 fratris
876 2722 945 2794 eius,
956 2728 1068 2778 excusat
1080 2740 1110 2779 se
1123 2722 1198 2796 quod

350 2816 463 2865 vocatus
476 2811 556 2866 illum
579 2827 635 2866 non
657 2810 752 2881 adeat,
773 2816 801 2866 et
814 2810 898 2865 mittit
918 2811 1040 2865 carmina
1061 2827 1123 2882 quoe
1141 2810 1199 2864 vul-

349 2899 408 2968 gari
421 2914 549 2953 sermone
562 2897 719 2954 dictaverat.

153 2987 204 3060 Ep.
224 2987 268 3044 10.
289 2987 497 3043 Bnmnrnnnro.
509 3019 544 3029 -
556 2988 680 3044 Coleude
692 3006 816 3061 semper.

312 3076 385 3148 Arp.
405 3077 486 3132 Mittit
500 3078 670 3151 epitaphium
683 3079 802 3135 Andreae
815 3078 934 3133 Danduli
944 3078 1089 3150 sepulchro
1103 3076 1198 3130 inscri-

347 3165 485 3238 bendum,
499 3183 584 3239 seque
599 3167 704 3222 iamdiu
718 3186 734 3223 a
747 3167 916 3222 carminibus
930 3166 1066 3222 abstinere
1084 3166 1158 3221 dicit.

152 3253 203 3326 Ep.
223 3253 267 3308 11.
288 3254 386 3309 Perno
399 3254 586 3310 Bononiensi.
597 3286 633 3296 -
644 3256 801 3328 compater
812 3261 840 3310 et
854 3257 955 3311 amice.

312 3346 384 3418 Arp.
404 3345 615 3401 Adolescentem
628 3346 726 3403 litteris
739 3346 940 3402 instituendum
953 3346 1136 3403 commendat.

155 3434 206 3508 Ep.
227 3434 271 3489 12.
292 3435 387 3491 Monro
401 3437 558 3491 PARMENSI.
574 3438 634 3492 Deo
649 3437 719 3492 doce
733 3437 896 3492 incolumis.

313 3525 386 3597 Ary.
406 3524 508 3580 Narrat
528 3525 594 3581 belli
615 3526 821 3582 difficultatibus
839 3528 892 3582 iter
909 3528 961 3583 sibl
975 3528 1004 3583 in
1017 3526 1194 3582 Germaniam

347 3613 540 3669 interdictum:
556 3622 583 3671 et
596 3615 723 3688 quaedarn
741 3617 770 3672 in
789 3616 859 3674 libro
880 3635 931 3675 suo
956 3618 1016 3671 «de
1029 3619 1089 3671 otto
1101 3618 1197 3672 solita-

352 3702 401 3755 ria
416 3721 429 3755 r
445 3704 617 3758 emendanda
630 3706 784 3760 committit.

153 3788 203 3860 Ep.
224 3787 267 3843 13.
288 3788 438 3845 Goerenno
452 3805 488 3845 oe
502 3791 683 3848 Pnsrnauoo.
694 3823 730 3834 -
739 3795 833 3866 Dipne
847 3797 974 3867 quidem.

310 3879 382 3950 Arp.
403 3877 541 3934 Absentiae
555 3897 612 3935 suae
624 3880 659 3935 ab
672 3880 741 3936 urbe
755 3899 866 3937 causam
880 3882 976 3956 pandit
989 3881 1087 3935 amico.

153 3967 206 4039 Ep.
226 3967 270 4021 11.
290 3968 425 4023 Socnnrr.
436 3970 560 4024 -Doos
572 3970 714 4025 solitariae
727 3971 804 4026 oitoe.

312 4057 384 4130 Arg.
400 4056 559 4112 Cavendum
572 4074 633 4114 esse
646 4075 681 4113 ne
695 4059 758 4130 quis
772 4059 930 4114 offensionis
940 4074 1051 4112 causam
1065 4058 1167 4114 nostris
1181 4076 1196 4114 e

351 4146 461 4219 scriptis
473 4147 572 4219 capiat.

151 4233 204 4306 Ep.
224 4233 268 4288 15.
288 4234 450 4292 anncrsco
464 4237 576 4291 Bauno.
587 4237 795 4308 -Epistolom
810 4241 900 4290 tuam.

312 4323 384 4395 Arp.
396 4325 485 4397 Opem
494 4325 616 4396 aliquam
625 4324 692 4379 ferri
698 4323 781 4378 rebus
794 4324 851 4379 suis
860 4321 1016 4377 domesticis
1025 4338 1042 4377 a
1051 4322 1130 4378 Pont.
1141 4324 1197 4379 lda-

348 4414 421 4469 ximo
441 4413 593 4485 desiderat,
617 4413 687 4487 quin
704 4419 796 4470 tumen
818 4413 905 4469 ullam
923 4429 1070 4488 exposcere
1096 4413 1197 4471 abillo

270 4505 281 4529 ‘
352 4503 425 4559 velit.
