<?xml version="1.0" encoding="UTF-8"?>
<!DOCTYPE html PUBLIC "-//W3C//DTD XHTML 1.0 Transitional//EN"
    "http://www.w3.org/TR/xhtml1/DTD/xhtml1-transitional.dtd">
<html xmlns="http://www.w3.org/1999/xhtml" xml:lang="en" lang="en">
 <head>
  <title>
</title>
<meta http-equiv="Content-Type" content="text/html;charset=utf-8" />
  <meta name='ocr-system' content='tesseract 3.04.00' />
  <meta name='ocr-capabilities' content='ocr_page ocr_carea ocr_par ocr_line ocrx_word'/>
</head>
<body>
  <div class='ocr_page' id='page_1' title='image "./epistolaederebu00fracgoog_0205.png"; bbox 0 0 2692 5024; ppageno 0'>
   <div class='ocr_carea' id='block_1_1' title="bbox 71 414 244 471">
    <p class='ocr_par' dir='ltr' id='par_1_1' title="bbox 71 414 244 471">
     <span class='ocr_line' id='line_1_1' title="bbox 71 414 244 471; baseline 0 -49"><span class='ocrx_word' id='word_1_1' title='bbox 71 414 244 471; x_wconf 35' lang='grc'>,1,</span> 
     </span>
    </p>
   </div>
   <div class='ocr_carea' id='block_1_2' title="bbox 146 658 951 733">
    <p class='ocr_par' dir='ltr' id='par_1_2' title="bbox 146 658 951 733">
     <span class='ocr_line' id='line_1_2' title="bbox 146 658 951 733; baseline -0.01 -9"><span class='ocrx_word' id='word_1_2' title='bbox 146 658 187 725; x_wconf 81' lang='lat' dir='ltr'>te</span> <span class='ocrx_word' id='word_1_3' title='bbox 479 668 522 719; x_wconf 83' lang='lat' dir='ltr'>ne</span> <span class='ocrx_word' id='word_1_4' title='bbox 540 668 642 721; x_wconf 76' lang='lat' dir='ltr'>mnus</span> <span class='ocrx_word' id='word_1_5' title='bbox 662 666 885 719; x_wconf 71' lang='lat' dir='ltr'>ruminus</span> <span class='ocrx_word' id='word_1_6' title='bbox 945 708 951 733; x_wconf 77' lang='grc'><strong>,</strong></span> 
     </span>
    </p>
   </div>
   <div class='ocr_carea' id='block_1_3' title="bbox 43 804 1224 4591">
    <p class='ocr_par' dir='ltr' id='par_1_3' title="bbox 43 804 1224 4591">
     <span class='ocr_line' id='line_1_3' title="bbox 146 804 1218 914; baseline -0.008 -19"><span class='ocrx_word' id='word_1_7' title='bbox 146 821 228 895; x_wconf 86' lang='lat' dir='ltr'>dam</span> <span class='ocrx_word' id='word_1_8' title='bbox 247 804 381 914; x_wconf 73' lang='lat' dir='ltr'>perdito</span> <span class='ocrx_word' id='word_1_9' title='bbox 394 827 432 889; x_wconf 89' lang='lat' dir='ltr'>et</span> <span class='ocrx_word' id='word_1_10' title='bbox 448 815 600 889; x_wconf 86' lang='lat' dir='ltr'>efflictim</span> <span class='ocrx_word' id='word_1_11' title='bbox 612 834 751 887; x_wconf 85' lang='lat' dir='ltr'>amasse</span> <span class='ocrx_word' id='word_1_12' title='bbox 761 823 966 896; x_wconf 89' lang='lat' dir='ltr'>memorant,</span> <span class='ocrx_word' id='word_1_13' title='bbox 982 810 1060 883; x_wconf 88' lang='lat' dir='ltr'>eius</span> <span class='ocrx_word' id='word_1_14' title='bbox 1079 810 1218 886; x_wconf 84' lang='lat' dir='ltr'>biandi-</span> 
     </span>
     <span class='ocr_line' id='line_1_4' title="bbox 146 932 1219 1031; baseline -0.008 -13"><span class='ocrx_word' id='word_1_15' title='bbox 146 943 203 1018; x_wconf 83' lang='lat' dir='ltr'>tiis</span> <span class='ocrx_word' id='word_1_16' title='bbox 225 949 438 1026; x_wconf 77' lang='lat' dir='ltr'>cnervstnm.</span> <span class='ocrx_word' id='word_1_17' title='bbox 464 938 619 1031; x_wconf 75' lang='lat' dir='ltr'>neglecta</span> <span class='ocrx_word' id='word_1_18' title='bbox 641 937 734 1011; x_wconf 70' lang='lat' dir='ltr'>mma</span> <span class='ocrx_word' id='word_1_19' title='bbox 758 934 827 1031; x_wconf 88' lang='lat' dir='ltr'>(cni</span> <span class='ocrx_word' id='word_1_20' title='bbox 842 932 1029 1029; x_wconf 80' lang='lat' dir='ltr'>plurimum</span> <span class='ocrx_word' id='word_1_21' title='bbox 1045 934 1219 1009; x_wconf 83' lang='lat' dir='ltr'>inservire</span> 
     </span>
     <span class='ocr_line' id='line_1_5' title="bbox 144 1058 1218 1160; baseline -0.005 -20"><span class='ocrx_word' id='word_1_22' title='bbox 144 1061 386 1160; x_wconf 81' lang='lat' dir='ltr'>consueverat)</span> <span class='ocrx_word' id='word_1_23' title='bbox 405 1071 442 1135; x_wconf 88' lang='lat' dir='ltr'>et</span> <span class='ocrx_word' id='word_1_24' title='bbox 459 1060 668 1156; x_wconf 70' lang='lat' dir='ltr'><strong>posthabitis</strong></span> <span class='ocrx_word' id='word_1_25' title='bbox 691 1060 791 1155; x_wconf 75' lang='lat' dir='ltr'>regni</span> <span class='ocrx_word' id='word_1_26' title='bbox 809 1059 922 1146; x_wconf 88' lang='lat' dir='ltr'>caris,</span> <span class='ocrx_word' id='word_1_27' title='bbox 934 1058 1083 1133; x_wconf 85' lang='lat' dir='ltr'>eliorum</span> <span class='ocrx_word' id='word_1_28' title='bbox 1100 1082 1218 1135; x_wconf 89' lang='lat' dir='ltr'>rerum</span> 
     </span>
     <span class='ocr_line' id='line_1_6' title="bbox 144 1182 1221 1281; baseline -0.005 -19"><span class='ocrx_word' id='word_1_29' title='bbox 144 1186 299 1261; x_wconf 88' lang='lat' dir='ltr'>omnium</span> <span class='ocrx_word' id='word_1_30' title='bbox 318 1193 355 1259; x_wconf 88' lang='lat' dir='ltr'>et</span> <span class='ocrx_word' id='word_1_31' title='bbox 371 1192 548 1281; x_wconf 65' lang='lat' dir='ltr'>menenio</span> <span class='ocrx_word' id='word_1_32' title='bbox 568 1182 750 1277; x_wconf 85' lang='lat' dir='ltr'>suiipsius</span> <span class='ocrx_word' id='word_1_33' title='bbox 765 1182 925 1269; x_wconf 83' lang='lat' dir='ltr'>oblitum,</span> <span class='ocrx_word' id='word_1_34' title='bbox 940 1182 1003 1256; x_wconf 86' lang='lat' dir='ltr'>din</span> <span class='ocrx_word' id='word_1_35' title='bbox 1013 1184 1109 1256; x_wconf 88' lang='lat' dir='ltr'>nulla</span> <span class='ocrx_word' id='word_1_36' title='bbox 1119 1206 1221 1279; x_wconf 80' lang='lat' dir='ltr'>pror-</span> 
     </span>
     <span class='ocr_line' id='line_1_7' title="bbox 145 1296 1222 1402; baseline 0 -18"><span class='ocrx_word' id='word_1_37' title='bbox 145 1333 208 1385; x_wconf 89' lang='lat' dir='ltr'>sus</span> <span class='ocrx_word' id='word_1_38' title='bbox 227 1311 265 1383; x_wconf 93' lang='lat' dir='ltr'>in</span> <span class='ocrx_word' id='word_1_39' title='bbox 282 1332 323 1383; x_wconf 91' lang='lat' dir='ltr'>re</span> <span class='ocrx_word' id='word_1_40' title='bbox 339 1308 411 1383; x_wconf 85' lang='lat' dir='ltr'>nisi</span> <span class='ocrx_word' id='word_1_41' title='bbox 429 1309 465 1380; x_wconf 95' lang='lat' dir='ltr'>in</span> <span class='ocrx_word' id='word_1_42' title='bbox 481 1308 573 1381; x_wconf 86' lang='lat' dir='ltr'>iliius</span> <span class='ocrx_word' id='word_1_43' title='bbox 593 1296 813 1402; x_wconf 66' lang='lat' dir='ltr'>amplexibus*</span> <span class='ocrx_word' id='word_1_44' title='bbox 833 1306 1064 1401; x_wconf 69' lang='lat' dir='ltr'>acquievisse,</span> <span class='ocrx_word' id='word_1_45' title='bbox 1082 1329 1222 1384; x_wconf 82' lang='lat' dir='ltr'>summa</span> 
     </span>
     <span class='ocr_line' id='line_1_8' title="bbox 43 1428 1221 1525; baseline -0.003 -17"><span class='ocrx_word' id='word_1_46' title='bbox 43 1494 50 1507; x_wconf 94' lang='lat'><strong><em>.</em></strong></span> <span class='ocrx_word' id='word_1_47' title='bbox 143 1456 224 1508; x_wconf 89' lang='lat' dir='ltr'>oum</span> <span class='ocrx_word' id='word_1_48' title='bbox 242 1430 478 1525; x_wconf 72' lang='lat' dir='ltr'>indignatione</span> <span class='ocrx_word' id='word_1_49' title='bbox 496 1452 642 1503; x_wconf 87' lang='lat' dir='ltr'>snorum</span> <span class='ocrx_word' id='word_1_50' title='bbox 661 1452 705 1504; x_wconf 86' lang='lat' dir='ltr'>ac</span> <span class='ocrx_word' id='word_1_51' title='bbox 721 1428 852 1504; x_wconf 82' lang='lat' dir='ltr'>dolore</span> <span class='ocrx_word' id='word_1_52' title='bbox 878 1429 1029 1503; x_wconf 76' lang='lat' dir='ltr'>Tandem</span> <span class='ocrx_word' id='word_1_53' title='bbox 1050 1450 1132 1503; x_wconf 88' lang='lat' dir='ltr'>enm</span> <span class='ocrx_word' id='word_1_54' title='bbox 1150 1430 1221 1505; x_wconf 82' lang='lat' dir='ltr'>iem</span> 
     </span>
     <span class='ocr_line' id='line_1_9' title="bbox 145 1550 1221 1651; baseline -0.001 -22"><span class='ocrx_word' id='word_1_55' title='bbox 145 1556 219 1651; x_wconf 86' lang='lat' dir='ltr'>spei</span> <span class='ocrx_word' id='word_1_56' title='bbox 233 1553 319 1627; x_wconf 83' lang='lat' dir='ltr'>nihil</span> <span class='ocrx_word' id='word_1_57' title='bbox 335 1562 536 1647; x_wconf 76' lang='lat' dir='ltr'>superesset</span> <span class='ocrx_word' id='word_1_58' title='bbox 556 1550 733 1648; x_wconf 81' lang='lat' dir='ltr'>(quoniam</span> <span class='ocrx_word' id='word_1_59' title='bbox 751 1574 855 1627; x_wconf 80' lang='lat' dir='ltr'>ames</span> <span class='ocrx_word' id='word_1_60' title='bbox 871 1553 988 1646; x_wconf 75' lang='lat' dir='ltr'>regim</span> <span class='ocrx_word' id='word_1_61' title='bbox 1005 1552 1221 1628; x_wconf 83' lang='lat' dir='ltr'>salutaribus</span> 
     </span>
     <span class='ocr_line' id='line_1_10' title="bbox 145 1675 1224 1772; baseline 0.002 -21"><span class='ocrx_word' id='word_1_62' title='bbox 145 1675 299 1751; x_wconf 84' lang='lat' dir='ltr'>consiliis</span> <span class='ocrx_word' id='word_1_63' title='bbox 309 1677 457 1749; x_wconf 82' lang='lat' dir='ltr'>insonus</span> <span class='ocrx_word' id='word_1_64' title='bbox 468 1675 828 1772; x_wconf 63' lang='lat' dir='ltr'>moronensem),</span> <span class='ocrx_word' id='word_1_65' title='bbox 845 1675 1007 1749; x_wconf 64' lang='lat' dir='ltr'>minam</span> <span class='ocrx_word' id='word_1_66' title='bbox 1019 1676 1133 1771; x_wconf 81' lang='lat' dir='ltr'>ipsam</span> <span class='ocrx_word' id='word_1_67' title='bbox 1146 1698 1224 1753; x_wconf 72' lang='grc' dir='ltr'>ωι-</span> 
     </span>
     <span class='ocr_line' id='line_1_11' title="bbox 144 1797 1222 1897; baseline 0.004 -26"><span class='ocrx_word' id='word_1_68' title='bbox 144 1802 257 1875; x_wconf 88' lang='lat' dir='ltr'>torum</span> <span class='ocrx_word' id='word_1_69' title='bbox 275 1821 419 1875; x_wconf 82' lang='lat' dir='ltr'>oausam</span> <span class='ocrx_word' id='word_1_70' title='bbox 433 1799 611 1897; x_wconf 77' lang='lat' dir='ltr'>insperata</span> <span class='ocrx_word' id='word_1_71' title='bbox 625 1818 721 1871; x_wconf 89' lang='lat' dir='ltr'>mors</span> <span class='ocrx_word' id='word_1_72' title='bbox 737 1797 895 1871; x_wconf 83' lang='lat' dir='ltr'>obstulit:</span> <span class='ocrx_word' id='word_1_73' title='bbox 910 1798 1012 1871; x_wconf 89' lang='lat' dir='ltr'>cuius</span> <span class='ocrx_word' id='word_1_74' title='bbox 1027 1800 1079 1871; x_wconf 84' lang='lat' dir='ltr'>nei</span> <span class='ocrx_word' id='word_1_75' title='bbox 1093 1799 1222 1893; x_wconf 73' lang='lat' dir='ltr'>ingens</span> 
     </span>
     <span class='ocr_line' id='line_1_12' title="bbox 143 1918 1223 2017; baseline 0.002 -22"><span class='ocrx_word' id='word_1_76' title='bbox 143 1920 294 2017; x_wconf 83' lang='lat' dir='ltr'>primum</span> <span class='ocrx_word' id='word_1_77' title='bbox 317 1920 355 1995; x_wconf 92' lang='lat' dir='ltr'>in</span> <span class='ocrx_word' id='word_1_78' title='bbox 374 1920 483 2015; x_wconf 75' lang='lat' dir='ltr'>regia,</span> <span class='ocrx_word' id='word_1_79' title='bbox 503 1920 568 1994; x_wconf 85' lang='lat' dir='ltr'>sed</span> <span class='ocrx_word' id='word_1_80' title='bbox 590 1922 703 1994; x_wconf 82' lang='lat' dir='ltr'>latens</span> <span class='ocrx_word' id='word_1_81' title='bbox 721 1918 889 2013; x_wconf 76' lang='lat' dir='ltr'>goudium</span> <span class='ocrx_word' id='word_1_82' title='bbox 908 1921 989 2004; x_wconf 81' lang='lat' dir='ltr'>iuit;</span> <span class='ocrx_word' id='word_1_83' title='bbox 1009 1919 1139 1995; x_wconf 83' lang='lat' dir='ltr'>deinde</span> <span class='ocrx_word' id='word_1_84' title='bbox 1155 1924 1223 1997; x_wconf 79' lang='lat' dir='ltr'>do-</span> 
     </span>
     <span class='ocr_line' id='line_1_13' title="bbox 143 2042 1224 2139; baseline 0.002 -24"><span class='ocrx_word' id='word_1_85' title='bbox 143 2047 197 2117; x_wconf 91' lang='lat' dir='ltr'>lor</span> <span class='ocrx_word' id='word_1_86' title='bbox 212 2055 345 2119; x_wconf 73' lang='lat' dir='ltr'>nutum</span> <span class='ocrx_word' id='word_1_87' title='bbox 360 2043 475 2139; x_wconf 83' lang='lat' dir='ltr'>priore</span> <span class='ocrx_word' id='word_1_88' title='bbox 490 2043 643 2137; x_wconf 74' lang='lat' dir='ltr'>gravior,</span> <span class='ocrx_word' id='word_1_89' title='bbox 659 2051 831 2139; x_wconf 77' lang='lat' dir='ltr'>qusmum</span> <span class='ocrx_word' id='word_1_90' title='bbox 850 2042 995 2116; x_wconf 83' lang='lat' dir='ltr'>ioediore</span> <span class='ocrx_word' id='word_1_91' title='bbox 1011 2043 1134 2117; x_wconf 88' lang='lat' dir='ltr'>morbo</span> <span class='ocrx_word' id='word_1_92' title='bbox 1143 2066 1224 2119; x_wconf 88' lang='lat' dir='ltr'>cor-</span> 
     </span>
     <span class='ocr_line' id='line_1_14' title="bbox 144 2165 1222 2261; baseline 0.001 -22"><span class='ocrx_word' id='word_1_93' title='bbox 144 2177 279 2261; x_wconf 89' lang='lat' dir='ltr'>reptam</span> <span class='ocrx_word' id='word_1_94' title='bbox 295 2166 391 2260; x_wconf 75' lang='lat' dir='ltr'>regis</span> <span class='ocrx_word' id='word_1_95' title='bbox 408 2166 563 2239; x_wconf 89' lang='lat' dir='ltr'>animum</span> <span class='ocrx_word' id='word_1_96' title='bbox 578 2165 762 2252; x_wconf 80' lang='lat' dir='ltr'>uidebant3</span> <span class='ocrx_word' id='word_1_97' title='bbox 773 2166 876 2239; x_wconf 90' lang='lat' dir='ltr'>cuius</span> <span class='ocrx_word' id='word_1_98' title='bbox 886 2188 953 2239; x_wconf 90' lang='lat' dir='ltr'>nee</span> <span class='ocrx_word' id='word_1_99' title='bbox 965 2175 1077 2239; x_wconf 89' lang='lat' dir='ltr'>morte</span> <span class='ocrx_word' id='word_1_100' title='bbox 1091 2166 1222 2240; x_wconf 85' lang='lat' dir='ltr'>lenitus</span> 
     </span>
     <span class='ocr_line' id='line_1_15' title="bbox 144 2288 1223 2384; baseline 0 -22"><span class='ocrx_word' id='word_1_101' title='bbox 144 2292 258 2377; x_wconf 81' lang='lat' dir='ltr'>fumr3</span> <span class='ocrx_word' id='word_1_102' title='bbox 290 2290 356 2365; x_wconf 87' lang='lat' dir='ltr'>sed</span> <span class='ocrx_word' id='word_1_103' title='bbox 378 2289 416 2361; x_wconf 92' lang='lat' dir='ltr'>in</span> <span class='ocrx_word' id='word_1_104' title='bbox 443 2289 559 2384; x_wconf 85' lang='lat' dir='ltr'>ipsum</span> <span class='ocrx_word' id='word_1_105' title='bbox 582 2288 785 2362; x_wconf 82' lang='lat' dir='ltr'>obscoenum</span> <span class='ocrx_word' id='word_1_106' title='bbox 809 2288 962 2361; x_wconf 82' lang='lat' dir='ltr'>cadaver</span> <span class='ocrx_word' id='word_1_107' title='bbox 992 2297 1031 2360; x_wconf 87' lang='lat' dir='ltr'>et</span> <span class='ocrx_word' id='word_1_108' title='bbox 1055 2308 1223 2383; x_wconf 73' lang='lat' dir='ltr'>exangue</span> 
     </span>
     <span class='ocr_line' id='line_1_16' title="bbox 144 2409 1219 2505; baseline 0.001 -22"><span class='ocrx_word' id='word_1_109' title='bbox 144 2414 332 2486; x_wconf 87' lang='lat' dir='ltr'>translatus</span> <span class='ocrx_word' id='word_1_110' title='bbox 356 2421 428 2495; x_wconf 88' lang='lat' dir='ltr'>est;</span> <span class='ocrx_word' id='word_1_111' title='bbox 446 2413 542 2505; x_wconf 86' lang='lat' dir='ltr'>quod</span> <span class='ocrx_word' id='word_1_112' title='bbox 561 2411 730 2496; x_wconf 85' lang='lat' dir='ltr'>balsamo,</span> <span class='ocrx_word' id='word_1_113' title='bbox 751 2421 787 2482; x_wconf 90' lang='lat' dir='ltr'>et</span> <span class='ocrx_word' id='word_1_114' title='bbox 805 2409 1019 2483; x_wconf 81' lang='lat' dir='ltr'>aromatibus</span> <span class='ocrx_word' id='word_1_115' title='bbox 1032 2411 1219 2499; x_wconf 81' lang='lat' dir='ltr'>eonditum,</span> 
     </span>
     <span class='ocr_line' id='line_1_17' title="bbox 144 2530 1221 2626; baseline 0.003 -21"><span class='ocrx_word' id='word_1_116' title='bbox 144 2544 309 2620; x_wconf 86' lang='lat' dir='ltr'>onustum</span> <span class='ocrx_word' id='word_1_117' title='bbox 327 2533 490 2626; x_wconf 78' lang='lat' dir='ltr'>gemmis,</span> <span class='ocrx_word' id='word_1_118' title='bbox 507 2544 544 2605; x_wconf 88' lang='lat' dir='ltr'>et</span> <span class='ocrx_word' id='word_1_119' title='bbox 561 2534 713 2605; x_wconf 78' lang='lat' dir='ltr'>velatum</span> <span class='ocrx_word' id='word_1_120' title='bbox 730 2552 885 2625; x_wconf 86' lang='lat' dir='ltr'>purpura</span> <span class='ocrx_word' id='word_1_121' title='bbox 902 2530 1030 2604; x_wconf 86' lang='lat' dir='ltr'>diebus</span> <span class='ocrx_word' id='word_1_122' title='bbox 1048 2554 1092 2606; x_wconf 87' lang='lat' dir='ltr'>ac</span> <span class='ocrx_word' id='word_1_123' title='bbox 1109 2533 1221 2607; x_wconf 83' lang='lat' dir='ltr'>noeti-</span> 
     </span>
     <span class='ocr_line' id='line_1_18' title="bbox 143 2653 1221 2749; baseline 0.004 -23"><span class='ocrx_word' id='word_1_124' title='bbox 143 2655 211 2727; x_wconf 90' lang='lat' dir='ltr'>bus</span> <span class='ocrx_word' id='word_1_125' title='bbox 232 2664 303 2726; x_wconf 84' lang='lat' dir='ltr'>tam</span> <span class='ocrx_word' id='word_1_126' title='bbox 320 2654 509 2727; x_wconf 79' lang='lat' dir='ltr'>miserabssi</span> <span class='ocrx_word' id='word_1_127' title='bbox 524 2676 630 2749; x_wconf 86' lang='lat' dir='ltr'>quam</span> <span class='ocrx_word' id='word_1_128' title='bbox 649 2653 775 2749; x_wconf 91' lang='lat' dir='ltr'>cupido</span> <span class='ocrx_word' id='word_1_129' title='bbox 795 2654 1122 2749; x_wconf 84' lang='lat' dir='ltr'>fovebatamplexu.</span> <span class='ocrx_word' id='word_1_130' title='bbox 1147 2657 1221 2730; x_wconf 86' lang='lat' dir='ltr'>Dici</span> 
     </span>
     <span class='ocr_line' id='line_1_19' title="bbox 144 2776 1222 2871; baseline 0.006 -24"><span class='ocrx_word' id='word_1_131' title='bbox 144 2776 278 2870; x_wconf 87' lang='lat' dir='ltr'>nequit,</span> <span class='ocrx_word' id='word_1_132' title='bbox 292 2798 397 2870; x_wconf 89' lang='lat' dir='ltr'>quam</span> <span class='ocrx_word' id='word_1_133' title='bbox 414 2777 558 2862; x_wconf 86' lang='lat' dir='ltr'>discors,</span> <span class='ocrx_word' id='word_1_134' title='bbox 572 2787 610 2851; x_wconf 88' lang='lat' dir='ltr'>et</span> <span class='ocrx_word' id='word_1_135' title='bbox 624 2799 729 2870; x_wconf 62' lang='lat' dir='ltr'>mem</span> <span class='ocrx_word' id='word_1_136' title='bbox 745 2779 835 2849; x_wconf 86' lang='lat' dir='ltr'>mule</span> <span class='ocrx_word' id='word_1_137' title='bbox 848 2797 888 2849; x_wconf 90' lang='lat' dir='ltr'>sc</span> <span class='ocrx_word' id='word_1_138' title='bbox 901 2798 1127 2871; x_wconf 82' lang='lat' dir='ltr'>compassum</span> <span class='ocrx_word' id='word_1_139' title='bbox 1138 2802 1222 2853; x_wconf 91' lang='lat' dir='ltr'>con-</span> 
     </span>
     <span class='ocr_line' id='line_1_20' title="bbox 143 2898 1220 2993; baseline 0.003 -20"><span class='ocrx_word' id='word_1_140' title='bbox 143 2898 229 2973; x_wconf 89' lang='lat' dir='ltr'>ditio</span> <span class='ocrx_word' id='word_1_141' title='bbox 243 2911 299 2973; x_wconf 87' lang='lat' dir='ltr'>est</span> <span class='ocrx_word' id='word_1_142' title='bbox 315 2899 462 2973; x_wconf 86' lang='lat' dir='ltr'>amantis</span> <span class='ocrx_word' id='word_1_143' title='bbox 487 2921 529 2972; x_wconf 87' lang='lat' dir='ltr'>ac</span> <span class='ocrx_word' id='word_1_144' title='bbox 552 2898 660 2991; x_wconf 78' lang='lat' dir='ltr'>regis.</span> <span class='ocrx_word' id='word_1_145' title='bbox 679 2899 864 2993; x_wconf 80' lang='lat' dir='ltr'>Nunquam</span> <span class='ocrx_word' id='word_1_146' title='bbox 879 2900 1032 2992; x_wconf 86' lang='lat' dir='ltr'>protecto</span> <span class='ocrx_word' id='word_1_147' title='bbox 1048 2903 1220 2976; x_wconf 83' lang='lat' dir='ltr'>contrariu</span> 
     </span>
     <span class='ocr_line' id='line_1_21' title="bbox 144 3021 1221 3117; baseline 0.004 -21"><span class='ocrx_word' id='word_1_148' title='bbox 144 3022 222 3096; x_wconf 88' lang='lat' dir='ltr'>sine</span> <span class='ocrx_word' id='word_1_149' title='bbox 232 3022 291 3096; x_wconf 80' lang='lat' dir='ltr'>tite</span> <span class='ocrx_word' id='word_1_150' title='bbox 302 3022 505 3117; x_wconf 82' lang='lat' dir='ltr'>iunguntur.</span> <span class='ocrx_word' id='word_1_151' title='bbox 520 3021 612 3106; x_wconf 83' lang='lat' dir='ltr'>Quid</span> <span class='ocrx_word' id='word_1_152' title='bbox 623 3031 680 3094; x_wconf 86' lang='lat' dir='ltr'>est</span> <span class='ocrx_word' id='word_1_153' title='bbox 691 3033 807 3094; x_wconf 85' lang='lat' dir='ltr'>autem</span> <span class='ocrx_word' id='word_1_154' title='bbox 820 3044 978 3115; x_wconf 77' lang='lat' dir='ltr'>regnum,</span> <span class='ocrx_word' id='word_1_155' title='bbox 991 3023 1060 3095; x_wconf 93' lang='lat' dir='ltr'>nisi</span> <span class='ocrx_word' id='word_1_156' title='bbox 1076 3023 1170 3098; x_wconf 86' lang='lat' dir='ltr'>iusta</span> <span class='ocrx_word' id='word_1_157' title='bbox 1184 3038 1221 3100; x_wconf 85' lang='lat' dir='ltr'>et</span> 
     </span>
     <span class='ocr_line' id='line_1_22' title="bbox 144 3144 1222 3241; baseline 0.003 -23"><span class='ocrx_word' id='word_1_158' title='bbox 144 3147 294 3238; x_wconf 81' lang='lat' dir='ltr'>gloriosa</span> <span class='ocrx_word' id='word_1_159' title='bbox 305 3146 516 3220; x_wconf 80' lang='lat' dir='ltr'>dominatio?</span> <span class='ocrx_word' id='word_1_160' title='bbox 529 3147 664 3234; x_wconf 81' lang='lat' dir='ltr'>Contra,</span> <span class='ocrx_word' id='word_1_161' title='bbox 674 3144 761 3241; x_wconf 91' lang='lat' dir='ltr'>quid</span> <span class='ocrx_word' id='word_1_162' title='bbox 772 3157 945 3234; x_wconf 82' lang='lat' dir='ltr'>estamor,</span> <span class='ocrx_word' id='word_1_163' title='bbox 960 3146 1028 3217; x_wconf 91' lang='lat' dir='ltr'>nisi</span> <span class='ocrx_word' id='word_1_164' title='bbox 1039 3147 1132 3221; x_wconf 84' lang='lat' dir='ltr'>ioedo</span> <span class='ocrx_word' id='word_1_165' title='bbox 1145 3171 1222 3222; x_wconf 89' lang='lat' dir='ltr'>ser·</span> 
     </span>
     <span class='ocr_line' id='line_1_23' title="bbox 144 3267 1219 3363; baseline 0.007 -27"><span class='ocrx_word' id='word_1_166' title='bbox 144 3267 238 3338; x_wconf 92' lang='lat' dir='ltr'>vitus</span> <span class='ocrx_word' id='word_1_167' title='bbox 258 3278 294 3340; x_wconf 90' lang='lat' dir='ltr'>et</span> <span class='ocrx_word' id='word_1_168' title='bbox 311 3269 457 3340; x_wconf 75' lang='lat' dir='ltr'>iniusta?</span> <span class='ocrx_word' id='word_1_169' title='bbox 474 3272 595 3363; x_wconf 86' lang='lat' dir='ltr'>itaque</span> <span class='ocrx_word' id='word_1_170' title='bbox 610 3292 691 3342; x_wconf 89' lang='lat' dir='ltr'>cum</span> <span class='ocrx_word' id='word_1_171' title='bbox 707 3269 864 3343; x_wconf 79' lang='lat' dir='ltr'>certatim</span> <span class='ocrx_word' id='word_1_172' title='bbox 885 3269 930 3342; x_wconf 87' lang='lat' dir='ltr'>ad</span> <span class='ocrx_word' id='word_1_173' title='bbox 952 3281 1132 3356; x_wconf 84' lang='lat' dir='ltr'>amantem,</span> <span class='ocrx_word' id='word_1_174' title='bbox 1155 3292 1219 3344; x_wconf 90' lang='lat' dir='ltr'>seu</span> 
     </span>
     <span class='ocr_line' id='line_1_24' title="bbox 144 3386 1220 3486; baseline 0.008 -28"><span class='ocrx_word' id='word_1_175' title='bbox 144 3386 280 3471; x_wconf 65' lang='lat' dir='ltr'>mnus,</span> <span class='ocrx_word' id='word_1_176' title='bbox 292 3388 338 3459; x_wconf 88' lang='lat' dir='ltr'>ad</span> <span class='ocrx_word' id='word_1_177' title='bbox 349 3400 521 3463; x_wconf 84' lang='lat' dir='ltr'>amentem</span> <span class='ocrx_word' id='word_1_178' title='bbox 534 3414 655 3484; x_wconf 78' lang='lat' dir='ltr'>regem</span> <span class='ocrx_word' id='word_1_179' title='bbox 667 3414 730 3485; x_wconf 92' lang='lat' dir='ltr'>pro</span> <span class='ocrx_word' id='word_1_180' title='bbox 742 3392 888 3464; x_wconf 88' lang='lat' dir='ltr'>summis</span> <span class='ocrx_word' id='word_1_181' title='bbox 902 3391 1220 3486; x_wconf 76' lang='lat' dir='ltr'>regnincgotiisle-</span> 
     </span>
     <span class='ocr_line' id='line_1_25' title="bbox 143 3507 1219 3608; baseline 0.008 -27"><span class='ocrx_word' id='word_1_182' title='bbox 143 3507 299 3601; x_wconf 84' lang='lat' dir='ltr'>getiones</span> <span class='ocrx_word' id='word_1_183' title='bbox 317 3510 470 3601; x_wconf 82' lang='lat' dir='ltr'>gentium</span> <span class='ocrx_word' id='word_1_184' title='bbox 485 3513 708 3607; x_wconf 83' lang='lat' dir='ltr'>praeiectique</span> <span class='ocrx_word' id='word_1_185' title='bbox 723 3525 760 3585; x_wconf 92' lang='lat' dir='ltr'>et</span> <span class='ocrx_word' id='word_1_186' title='bbox 775 3514 1032 3608; x_wconf 85' lang='lat' dir='ltr'>provinciarum</span> <span class='ocrx_word' id='word_1_187' title='bbox 1045 3515 1219 3608; x_wconf 85' lang='lat' dir='ltr'>praesides</span> 
     </span>
     <span class='ocr_line' id='line_1_26' title="bbox 142 3632 1220 3727; baseline 0.006 -21"><span class='ocrx_word' id='word_1_188' title='bbox 142 3632 379 3721; x_wconf 84' lang='lat' dir='ltr'>convenirent,</span> <span class='ocrx_word' id='word_1_189' title='bbox 392 3635 423 3706; x_wconf 90' lang='lat' dir='ltr'>is</span> <span class='ocrx_word' id='word_1_190' title='bbox 435 3632 471 3705; x_wconf 94' lang='lat' dir='ltr'>in</span> <span class='ocrx_word' id='word_1_191' title='bbox 483 3636 608 3707; x_wconf 87' lang='lat' dir='ltr'>lectulo</span> <span class='ocrx_word' id='word_1_192' title='bbox 620 3658 684 3709; x_wconf 89' lang='lat' dir='ltr'>suo</span> <span class='ocrx_word' id='word_1_193' title='bbox 696 3636 811 3724; x_wconf 85' lang='lat' dir='ltr'>miser,</span> <span class='ocrx_word' id='word_1_194' title='bbox 825 3638 990 3711; x_wconf 90' lang='lat' dir='ltr'>omnibus</span> <span class='ocrx_word' id='word_1_195' title='bbox 1004 3640 1170 3727; x_wconf 85' lang='lat' dir='ltr'>exclusis,</span> <span class='ocrx_word' id='word_1_196' title='bbox 1184 3650 1220 3712; x_wconf 87' lang='lat' dir='ltr'>et</span> 
     </span>
     <span class='ocr_line' id='line_1_27' title="bbox 143 3757 1218 3854; baseline 0.008 -25"><span class='ocrx_word' id='word_1_197' title='bbox 143 3757 312 3830; x_wconf 87' lang='lat' dir='ltr'>obseratis</span> <span class='ocrx_word' id='word_1_198' title='bbox 327 3757 473 3844; x_wconf 85' lang='lat' dir='ltr'>foribus,</span> <span class='ocrx_word' id='word_1_199' title='bbox 487 3769 601 3831; x_wconf 85' lang='lat' dir='ltr'>amoto</span> <span class='ocrx_word' id='word_1_200' title='bbox 616 3764 822 3854; x_wconf 78' lang='lat' dir='ltr'>corpusculo</span> <span class='ocrx_word' id='word_1_201' title='bbox 837 3763 1051 3848; x_wconf 72' lang='lat' dir='ltr'>coherebat,</span> <span class='ocrx_word' id='word_1_202' title='bbox 1072 3765 1218 3838; x_wconf 86' lang='lat' dir='ltr'>emicem</span> 
     </span>
     <span class='ocr_line' id='line_1_28' title="bbox 143 3881 1219 3980; baseline 0.006 -28"><span class='ocrx_word' id='word_1_203' title='bbox 143 3904 243 3954; x_wconf 90' lang='lat' dir='ltr'>suam</span> <span class='ocrx_word' id='word_1_204' title='bbox 259 3881 390 3969; x_wconf 78' lang='lat' dir='ltr'>crebro,</span> <span class='ocrx_word' id='word_1_205' title='bbox 405 3883 502 3955; x_wconf 86' lang='lat' dir='ltr'>velut</span> <span class='ocrx_word' id='word_1_206' title='bbox 521 3881 708 3976; x_wconf 88' lang='lat' dir='ltr'>spirantem</span> <span class='ocrx_word' id='word_1_207' title='bbox 725 3906 1052 3978; x_wconf 84' lang='lat' dir='ltr'>responsuramque,</span> <span class='ocrx_word' id='word_1_208' title='bbox 1069 3888 1219 3980; x_wconf 85' lang='lat' dir='ltr'>compet-</span> 
     </span>
     <span class='ocr_line' id='line_1_29' title="bbox 143 4003 1218 4100; baseline 0.005 -25"><span class='ocrx_word' id='word_1_209' title='bbox 143 4003 236 4076; x_wconf 84' lang='lat' dir='ltr'>lens:</span> <span class='ocrx_word' id='word_1_210' title='bbox 255 4004 304 4077; x_wconf 88' lang='lat' dir='ltr'>iiii</span> <span class='ocrx_word' id='word_1_211' title='bbox 324 4026 426 4099; x_wconf 86' lang='lat' dir='ltr'>curas</span> <span class='ocrx_word' id='word_1_212' title='bbox 446 4005 654 4100; x_wconf 84' lang='lat' dir='ltr'>laboresque</span> <span class='ocrx_word' id='word_1_213' title='bbox 675 4028 758 4079; x_wconf 90' lang='lat' dir='ltr'>suos</span> <span class='ocrx_word' id='word_1_214' title='bbox 777 4006 957 4092; x_wconf 82' lang='lat' dir='ltr'>narrabat,</span> <span class='ocrx_word' id='word_1_215' title='bbox 978 4008 1026 4079; x_wconf 89' lang='lat' dir='ltr'>illi</span> <span class='ocrx_word' id='word_1_216' title='bbox 1051 4007 1218 4081; x_wconf 84' lang='lat' dir='ltr'>blandum</span> 
     </span>
     <span class='ocr_line' id='line_1_30' title="bbox 142 4127 1217 4223; baseline 0.007 -30"><span class='ocrx_word' id='word_1_217' title='bbox 142 4137 349 4200; x_wconf 89' lang='lat' dir='ltr'>murmuret</span> <span class='ocrx_word' id='word_1_218' title='bbox 367 4138 536 4201; x_wconf 85' lang='lat' dir='ltr'>nocturna</span> <span class='ocrx_word' id='word_1_219' title='bbox 555 4127 716 4223; x_wconf 84' lang='lat' dir='ltr'>suspirie,</span> <span class='ocrx_word' id='word_1_220' title='bbox 738 4128 784 4199; x_wconf 88' lang='lat' dir='ltr'>illi</span> <span class='ocrx_word' id='word_1_221' title='bbox 804 4150 945 4223; x_wconf 87' lang='lat' dir='ltr'>semper</span> <span class='ocrx_word' id='word_1_222' title='bbox 960 4131 1089 4202; x_wconf 87' lang='lat' dir='ltr'>amoris</span> <span class='ocrx_word' id='word_1_223' title='bbox 1110 4129 1217 4205; x_wconf 89' lang='lat' dir='ltr'>comi-</span> 
     </span>
     <span class='ocr_line' id='line_1_31' title="bbox 142 4246 1211 4337; baseline 0.011 -27"><span class='ocrx_word' id='word_1_224' title='bbox 142 4250 195 4312; x_wconf 85' lang='lat' dir='ltr'>ter</span> <span class='ocrx_word' id='word_1_225' title='bbox 216 4246 375 4320; x_wconf 88' lang='lat' dir='ltr'>lacrimas</span> <span class='ocrx_word' id='word_1_226' title='bbox 394 4249 593 4333; x_wconf 81' lang='lat' dir='ltr'>instillabat3</span> <span class='ocrx_word' id='word_1_227' title='bbox 619 4250 832 4323; x_wconf 85' lang='lat' dir='ltr'>horrendum</span> <span class='ocrx_word' id='word_1_228' title='bbox 858 4249 1010 4322; x_wconf 82' lang='lat' dir='ltr'>miseriae</span> <span class='ocrx_word' id='word_1_229' title='bbox 1036 4253 1211 4337; x_wconf 87' lang='lat' dir='ltr'>solamen,</span> 
     </span>
     <span class='ocr_line' id='line_1_32' title="bbox 142 4361 1218 4472; baseline 0.013 -38"><span class='ocrx_word' id='word_1_230' title='bbox 142 4361 206 4434; x_wconf 90' lang='lat' dir='ltr'>sed</span> <span class='ocrx_word' id='word_1_231' title='bbox 225 4368 319 4456; x_wconf 89' lang='lat' dir='ltr'>quod</span> <span class='ocrx_word' id='word_1_232' title='bbox 335 4391 442 4442; x_wconf 89' lang='lat' dir='ltr'>unum</span> <span class='ocrx_word' id='word_1_233' title='bbox 468 4382 583 4453; x_wconf 84' lang='lat' dir='ltr'>tamen</span> <span class='ocrx_word' id='word_1_234' title='bbox 612 4396 660 4446; x_wconf 85' lang='lat' dir='ltr'>ex</span> <span class='ocrx_word' id='word_1_235' title='bbox 683 4373 845 4445; x_wconf 85' lang='lat' dir='ltr'>omnibus</span> <span class='ocrx_word' id='word_1_236' title='bbox 870 4393 949 4455; x_wconf 84' lang='lat' dir='ltr'>rex,</span> <span class='ocrx_word' id='word_1_237' title='bbox 983 4372 1135 4466; x_wconf 89' lang='lat' dir='ltr'>alioquin</span> <span class='ocrx_word' id='word_1_238' title='bbox 1162 4377 1218 4472; x_wconf 93' lang='lat' dir='ltr'>(ut</span> 
     </span>
     <span class='ocr_line' id='line_1_33' title="bbox 142 4481 1217 4591; baseline 0.016 -37"><span class='ocrx_word' id='word_1_239' title='bbox 142 4481 249 4578; x_wconf 80' lang='lat' dir='ltr'>aiunt)</span> <span class='ocrx_word' id='word_1_240' title='bbox 273 4489 562 4578; x_wconf 83' lang='lat' dir='ltr'>sapientissimus,</span> <span class='ocrx_word' id='word_1_241' title='bbox 589 4495 764 4584; x_wconf 76' lang='lat' dir='ltr'>elegisset.</span> <span class='ocrx_word' id='word_1_242' title='bbox 785 4491 929 4564; x_wconf 81' lang='lat' dir='ltr'>Addunt</span> <span class='ocrx_word' id='word_1_243' title='bbox 951 4493 1094 4580; x_wconf 80' lang='lat' dir='ltr'>subuleo,</span> <span class='ocrx_word' id='word_1_244' title='bbox 1121 4500 1217 4591; x_wconf 89' lang='lat' dir='ltr'>quod</span> 
     </span>
    </p>
   </div>
   <div class='ocr_carea' id='block_1_4' title="bbox 0 0 1350 5024">
    <p class='ocr_par' dir='ltr' id='par_1_4' title="bbox 0 0 1350 5024">
     <span class='ocr_line' id='line_1_34' title="bbox 0 0 1350 5024; baseline 0 0"><span class='ocrx_word' id='word_1_245' title='bbox 0 0 1350 5024; x_wconf 95' lang='lat' dir='ltr'> </span> 
     </span>
    </p>
   </div>
  </div>
 </body>
</html>
