2692 5024
409 792 502 840 bruun
522 792 868 842 smnus-urrsroun
890 796 931 842 ιιι.
1158 785 1211 844 331

137 939 182 1008 lia
195 947 436 1009 memorantes.
455 938 553 1009 illum
572 939 633 1010 libi
650 939 851 1010 familiarem
866 941 970 1011 facias
988 943 1105 1025 velim3
1120 943 1214 1014 illum
1318 959 1323 970 “

89 1065 93 1079 ’
135 1061 169 1130 in
191 1060 353 1131 manibus
373 1061 519 1147 babeas,
542 1063 703 1156 quotiens
735 1063 827 1134 notis
862 1063 996 1135 indiciis
1026 1064 1215 1138 adventare

108 1214 110 1220 ’
134 1183 358 1279 podagricum
373 1185 527 1256 senseris
540 1185 706 1272 dolorem.
721 1186 938 1279 Quamquam
956 1198 1010 1258 est
1026 1188 1092 1259 alia
1109 1192 1216 1261 multo

135 1307 268 1379 dulcior
288 1309 466 1400 multoque
486 1310 642 1393 suavior,
676 1320 713 1382 et
744 1310 846 1382 docto
879 1331 919 1381 ιο
952 1311 1115 1403 religioso
1140 1311 1215 1384 viro

135 1429 272 1521 dignior
302 1431 472 1503 medicina
504 1432 539 1502 in
572 1432 745 1537 omnibus¹
765 1430 944 1505 laboribus
968 1455 1008 1504 ιο
1037 1432 1215 1506 doloribus

134 1553 276 1638 nostris,
299 1552 427 1646 quibus
447 1576 566 1626 carere
585 1556 706 1649 nequit
722 1556 794 1627 vita
818 1556 986 1639 mortalis,
1014 1555 1214 1627 meminisse

134 1674 291 1747 laborum
313 1698 353 1747 ιο
373 1677 531 1748 dolorum
552 1700 640 1770 quos
666 1701 727 1774 pro
747 1677 847 1750 nobis
874 1677 1035 1749 Christus
1061 1677 1213 1771 pertulit;

134 1801 334 1872 meminisse
354 1804 554 1885 vulnerum,
585 1803 714 1895 quibus
748 1805 893 1873 vulnera
925 1811 1045 1872 nostra
1076 1812 1211 1889 sanata,

134 1944 267 2016 nosque
287 1923 441 2019 periculo
466 1925 684 2019 sempiternae
709 1925 829 1995 mortis
851 1924 959 2017 erepti
980 1946 1119 2006 sumus;
1141 1948 1215 1997 me·

134 2045 276 2118 minisse
300 2050 478 2120 clavorum
499 2067 540 2120 ιο
564 2051 706 2132 lancem,
733 2047 1046 2143 pretiosissimique
1073 2049 1214 2139 sangui-

133 2169 202 2255 nis,
221 2193 291 2263 quo
311 2173 462 2256 lavacro,
483 2171 645 2256 sordibus
666 2171 806 2254 ablutis,
830 2171 989 2255 recreati,
1008 2181 1043 2242 et
1062 2172 1213 2242 clemen-

133 2302 187 2364 ter
206 2293 370 2365 admoniti
393 2315 524 2380 sumne,
549 2295 753 2387 temporales
770 2297 839 2366 alto
856 2295 970 2365 animo
987 2295 1122 2365 calcare
1138 2316 1213 2366 mo

133 2417 267 2497 lestias3
285 2415 440 2508 nihilque
461 2416 527 2487 nisi
548 2428 689 2488 aeternae
705 2416 949 2501 damnationis
972 2429 1007 2487 et
1028 2438 1210 2510 poenarum

133 2539 375 2610 immortalium
398 2540 564 2633 supplicia
584 2540 779 2612 formidare.
801 2538 887 2610 illud
920 2539 1063 2633 insuper
1089 2539 1211 2610 memi-

131 2662 227 2734 nisse
243 2663 424 2757 profuerit,
447 2684 515 2733 non
533 2665 636 2736 modo
653 2665 842 2749 Christum,
861 2662 916 2735 cui
937 2674 1077 2759 propter
1096 2662 1211 2735 Deita-

132 2794 203 2858 tem
227 2807 339 2870 suam,
366 2796 504 2879 propter
528 2786 828 2878 incomparabilem
855 2787 999 2878 gloriam
1024 2785 1212 2859 inaccessi-

133 2907 304 3002 bilemque
338 2910 541 3001 potentiam,
569 2909 682 2980 omnia
707 2931 816 3004 prona
841 2919 940 2979 erant
960 2917 1065 3001 atque
1085 2908 1208 2991 sacilia;

135 3032 197 3103 sed
212 3031 434 3103 candidatum
454 3054 592 3125 quoque
613 3054 716 3124 quem
737 3039 863 3102 vocant
888 3040 1080 3124 martyrum
1105 3038 1210 3100 esler-

131 3152 248 3238 citum,
271 3158 476 3248 multosque,
498 3166 538 3225 ut
557 3177 620 3225 nos
643 3175 775 3234 sumus,
797 3155 961 3225 mortales
981 3151 1152 3237 homines,
1174 3164 1210 3224 et

133 3274 238 3370 (quod
268 3275 423 3347 miraculi
446 3277 601 3349 clarioris
625 3276 692 3370 est)
727 3298 794 3346 non
827 3274 930 3346 modo
963 3273 1059 3346 viros
1088 3277 1206 3357 fortes

131 3397 195 3469 sed
216 3419 311 3492 saepe
331 3399 434 3473 etiam
457 3401 677 3472 mulierculas
702 3422 743 3471 ac
767 3401 914 3495 puellas,
941 3397 1061 3471 divino
1086 3397 1209 3491 spiritu

132 3522 275 3608 afflatas,
290 3522 346 3593 illa
361 3526 557 3616 pertulisse,
581 3523 779 3617 inquorum
800 3521 1089 3614 comparationem
1107 3520 1208 3614 quid-

132 3642 215 3734 quid
231 3645 359 3739 pateris
375 3647 475 3739 quies
493 3657 597 3740 atque
615 3646 774 3717 solatium
791 3644 858 3716 dici
875 3645 996 3737 possit.
1011 3643 1103 3714 Trita
1118 3643 1205 3728 hmo,

131 3775 166 3835 et
197 3765 257 3837 tibi
290 3768 324 3837 in
354 3768 473 3863 primis
507 3769 732 3863 professionis
762 3781 832 3840 tuae
863 3767 981 3838 debito
1015 3766 1204 3837 notissima.

130 3887 281 3983 ideoque
297 3891 428 3963 diutius
449 3914 517 3963 non
535 3891 665 3978 insisto,
684 3892 729 3963 ad
748 3891 933 3963 secretiora
946 3889 1125 3960 festinans.
1144 3890 1208 3958 Est

128 4012 273 4084 remedii
300 4036 424 4105 genus,
446 4015 541 4107 quod
567 4025 603 4084 tu
629 4017 715 4087 forte
740 4037 808 4085 non
828 4011 975 4104 cogitas,
1008 4012 1204 4105 quodcum

130 4135 255 4225 legenti
277 4136 360 4205 mibi
381 4139 512 4207 litteras
534 4146 611 4206 tuas
630 4135 745 4206 subito
761 4136 982 4217 occurrisset,
1002 4133 1111 4203 risum
1134 4153 1206 4203 mo

128 4256 193 4343 vit,
222 4267 260 4327 ut
283 4260 368 4330 dixi.
388 4259 474 4330 Nolo
494 4267 609 4328 autem
631 4257 833 4350 indigneris,
856 4278 926 4341 me,
949 4253 1043 4347 quod
1062 4254 1095 4325 in
1118 4256 1205 4328 meis

128 4401 224 4477 saepe
245 4385 354 4466 soleo,
375 4383 409 4450 in
428 4381 495 4453 tuis
513 4381 612 4451 malis
628 4381 731 4452 etiam
749 4379 863 4451 iocari.
882 4379 957 4449 Non
976 4378 1009 4447 in
1027 4377 1203 4451 doloribus

127 4512 278 4590 tantum,
302 4504 366 4577 sed
386 4504 421 4574 in
438 4511 549 4577 morte
568 4503 673 4576 iocari
693 4502 813 4576 solitos
829 4501 926 4573 viros
944 4502 1050 4574 fortes
1066 4501 1203 4576 doctos·

127 4647 195 4718 que
213 4628 457 4720 comperimus.
479 4627 600 4699 Testes
622 4637 704 4700 sunt
721 4624 959 4720 Vespasianus
978 4622 1150 4720 princeps,
1167 4634 1203 4696 et
