2692 5024
126 664 166 727 22
383 672 552 725 milwe!
568 670 746 723 ssimum
765 670 944 723 mnino.

128 837 249 901 taneos
279 846 321 897 ao
357 821 542 895 concives:
580 843 671 917 quos
702 822 928 915 monentium
959 842 1077 895 comes
1105 822 1201 897 haud

127 946 234 1021 dubie
251 944 365 1031 torsit,
389 955 426 1018 et
448 945 484 1018 in
507 966 613 1019 voces
636 943 802 1039 compulit
824 944 980 1029 invidia3
1004 966 1113 1039 quam
1137 966 1201 1020 nec

128 1068 269 1144 Sidonio
287 1090 429 1143 oausam
448 1070 559 1153 locus,
578 1088 644 1141 nee
661 1076 800 1160 tempus
818 1066 1021 1141 indulserat
1033 1068 1113 1153 Quo
1124 1088 1203 1165 ¹tsna-

127 1192 183 1285 gis
207 1191 390 1287 magisque
412 1191 567 1265 nmmum
590 1190 799 1278 vicinitus,
819 1200 860 1263 ut
882 1200 1004 1263 contra
1025 1188 1201 1265 indubitu-

128 1313 426 1409 tumeloquentiae
446 1314 634 1410 principem
651 1312 859 1407 eloquenda
879 1312 1059 1387 studiosus
1083 1312 1201 1387 insur-

127 1432 236 1532 geret,
269 1436 338 1510 alio
369 1436 511 1521 saeoulo,
544 1447 648 1531 atque
678 1435 747 1511 elio
776 1444 880 1509 name
912 1437 1008 1509 orbe.
1047 1436 1094 1509 lit
1116 1458 1201 1511 senc

126 1572 251 1635 cuncta
274 1559 429 1634 versanti
451 1559 539 1633 nihil
560 1559 732 1646 occurrit,
756 1582 827 1655 quo
850 1560 910 1634 vel
931 1558 1026 1633 docti
1048 1558 1200 1633 homnis

127 1682 358 1777 ignorantiam
381 1702 547 1755 accusare
569 1681 719 1776 possim,
744 1683 803 1755 vel
830 1680 992 1755 iniuriam
1014 1704 1199 1771 monum,

128 1806 281 1900 nihilque
295 1806 391 1901 quod
407 1804 565 1899 suspicer
580 1803 842 1899 nenessitatem
858 1802 969 1877 tuisse
983 1803 1118 1891 iudicii,
1131 1828 1201 1881 non

127 1912 385 2003 nature'l'alli
407 1939 521 2003 umen
545 1926 670 2001 inlice
688 1946 850 2022 mesum,
875 1937 916 2000 ut
938 1926 976 1998 in
997 1926 1142 2001 multis:
1165 1928 1202 2001 in

127 2076 170 2126 eo
188 2064 281 2125 certe
303 2073 373 2124 non
397 2052 509 2137 fallor,
530 2053 589 2125 vel
612 2050 645 2123 si
663 2051 775 2135 lullor,
794 2070 876 2123 cum
895 2032 1013 2121 multis
1031 2051 1202 2145 busque

127 2174 330 2249 clarissimis
348 2173 418 2247 salli
437 2173 555 2261 iuvat,
576 2174 673 2269 quod
691 2172 817 2246 solute
835 2171 1008 2245 laonndiae
1031 2171 1203 2269 ptindpa-

128 2310 202 2385 tns‚
232 2297 544 2373 contradictoribus
576 2299 644 2371 late
674 2294 1203 2383 victis,uniusCioe1cnisest

128 2421 287 2517 proprius
302 2447 310 2490 :
330 2442 400 2515 quo
419 2423 495 2493 luce
512 2419 637 2493 clarior
653 2418 693 2490 fit
707 2422 765 2491 vel
782 2440 917 2490 morum
936 2419 993 2490 vel
1011 2415 1202 2493 intellectus

128 2543 335 2637 obbliquitas
359 2543 569 2616 contrarium
595 2542 796 2615 asserentis.
827 2543 886 2614 llle
916 2552 1033 2615 tamen
1063 2542 1204 2617 adducit

128 2668 366 2760 nescioquem
385 2664 512 2737 lulium
535 2666 722 2751 Titianum,
748 2675 784 2738 et
806 2664 926 2738 nescio
949 2686 1040 2758 quos
1060 2667 1204 2739 Flente-

128 2790 249 2862 nianos
274 2810 352 2861 suas
380 2787 550 2859 irrisionis
578 2800 760 2861 anemius:
786 2787 914 2882 quibus
938 2810 1006 2880 ege
1031 2788 1203 2883 simulque

128 2912 289 2985 omnibus
321 2912 413 2986 idem
445 2910 673 2983 sentientibus
705 2932 777 2983 nna
800 2932 888 2984 vooo
919 2911 1115 3005 respondeo
1139 2911 1202 2983 hoo

129 3038 259 3108 solum:
277 3037 367 3109 sicut
380 3034 542 3131 equidem
560 3056 685 3106 verum
700 3045 757 3106 est
775 3033 861 3108 illud
873 3036 1026 3122 Seneote,
1044 3036 1203 3130 quoniam

129 3158 282 3252 quidquid
305 3161 401 3230 lebet
425 3159 578 3230 Romane
604 3156 782 3252 facundia,
815 3157 901 3253 quod
928 3161 1085 3230 insolenti
1112 3159 1204 3233 Gre-

129 3284 188 3350 eioe
211 3293 268 3352 eut
300 3293 462 3374 opponat,
490 3293 549 3352 aut
578 3289 754 3376 praeferat,
779 3285 867 3354 otico
902 3279 1094 3354 Ciceronem
1117 3285 1203 3376 effic

129 3406 211 3476 uait:
231 3424 422 3495 verumque
440 3402 525 3475 illud
544 3403 746 3488 Quintiliani
766 3405 826 3476 ubi
847 3405 936 3477 inter
955 3407 1064 3479 multa
1079 3417 1114 3479 et
1131 3408 1204 3499 glo-

131 3528 223 3599 riosa
254 3526 427 3617 praeconia
457 3524 524 3596 viri
555 3526 677 3613 huius,
711 3525 797 3597 dotto
821 3526 962 3618 quodam
984 3528 1203 3622 providentio

128 3652 275 3744 qeoitum
294 3648 396 3733 dicit,
419 3651 455 3718 in
472 3672 535 3742 quo
552 3661 633 3720 totas
652 3651 790 3720 virtutes
804 3671 881 3720 suaa
900 3652 1086 3744 eloquentia
1103 3673 1203 3745 empe-

130 3778 267 3845 rlretur:
278 3783 313 3845 et
329 3782 407 3865 post
426 3773 534 3843 multa
552 3771 680 3865 quibus
701 3774 767 3845 hcc
785 3775 921 3868 probet:
940 3773 1061 3864 Quare,
1080 3775 1202 3870 inquit,

130 3922 199 3970 nou
218 3899 380 3970 immerito
395 3898 437 3968 ab
458 3896 608 3966 omuibus
626 3901 731 3969 aetatis
756 3919 824 3967 suc
848 3918 988 3988 reynero
1011 3901 1049 3969 io
1075 3897 1205 3970 iudiciis

130 4020 235 4094 dictus
254 4034 324 4093 eat:
344 4019 433 4116 apud
447 4031 594 4115 posteros
612 4042 690 4090 vero
710 4019 745 4091 id
768 4031 1000 4113 consequutus,
1025 4032 1064 4091 ut
1092 4018 1205 4091 Cicero

130 4146 198 4213 ium
216 4168 285 4217 uon
306 4145 448 4215 leminis
467 4165 603 4228 nomeu,
624 4140 680 4212 sed
699 4142 891 4232 eloquentiae
910 4144 1079 4213 habeatur.
1106 4142 1205 4212 Hunc

131 4264 233 4353 igitur
253 4280 454 4361 spectemus:
487 4269 545 4336 loc
573 4267 779 4362 propositum
812 4267 905 4338 nole
936 4268 1129 4360 coemptum
1153 4267 1204 4335 eit.

132 4383 193 4453 lile
225 4409 257 4457 se
278 4392 452 4481 profecisse
475 4390 557 4458 sciat
581 4390 638 4460 cui
663 4387 778 4458 Cicero
806 4388 901 4459 udde
925 4388 1091 4480 placebit:
1118 4389 1206 4461 sicut

134 4507 222 4590 hec,
246 4507 396 4599 inquam,
418 4530 502 4579 vem
520 4520 621 4591 sunt,
641 4509 692 4578 sie
707 4507 792 4578 illud
807 4528 945 4598 quoque
965 4511 1204 4593 verissimum,
