2692 5024
421 689 514 740 ninas
536 690 874 740 ramus-armanni
897 692 916 738 1.
1102 650 1107 656 ’
1165 680 1200 742 31

130 838 236 921 nient,
258 835 322 907 sed
341 836 520 908 mordaces
541 839 644 911 etiam
664 849 699 909 et
717 838 842 909 lividos
863 839 1090 910 detractores:
1110 843 1204 933 quod

127 960 278 1055 quisque
303 959 378 1028 suis
407 959 619 1051 temporibus
649 972 816 1055 expertus
848 971 912 1032 est.
942 961 1033 1047 Quid
1061 962 1205 1054 Virgilio

128 1083 240 1156 maius
258 1079 381 1152 habuit
397 1082 514 1173 lingua
531 1083 662 1154 latina?
679 1085 819 1177 Reperit
836 1095 950 1155 tamen
967 1085 1036 1169 ille,
1054 1086 1114 1177 qni
1134 1108 1204 1157 non

128 1215 279 1300 poetam,
300 1204 363 1275 sed
380 1214 551 1298 raptorem
572 1203 761 1277 alienarum
778 1207 1022 1292 inventionum,
1040 1217 1076 1279 et
1091 1218 1204 1279 trans-

128 1331 270 1401 latorem
296 1327 434 1399 diceret.
462 1328 540 1420 lpse
566 1339 680 1399 autem
705 1340 740 1399 et
763 1329 891 1421 ingenii
916 1329 1055 1416 fiducia,
1088 1341 1124 1402 et
1150 1331 1204 1400 in·

129 1453 205 1524 dice
219 1452 329 1522 fretus
346 1448 513 1541 Augusto,
529 1452 597 1521 alto
614 1451 729 1523 animo
745 1451 942 1523 invidorum
959 1454 1067 1525 verba
1081 1454 1204 1547 despe

129 1575 190 1646 xit.
220 1572 295 1644 Tibi
322 1572 464 1665 quidem
494 1594 656 1664 magnam
687 1573 814 1665 ingenii
847 1576 1091 1648 conscientiam
1124 1596 1203 1648 esse

129 1696 212 1769 scio.
238 1695 308 1766 Sed
332 1692 393 1764 nbi
412 1693 587 1786 Aguntum
611 1694 758 1767 indicem
783 1697 952 1782 invenies,
975 1719 1077 1791 quern
1101 1700 1203 1772 enixe

130 1816 318 1889 admodum
343 1827 446 1909 atque
472 1816 633 1888 omnibus
659 1818 771 1889 modis
797 1819 945 1909 ingeniis
967 1821 1020 1891 sui
1042 1822 1203 1914 temporis

130 1941 259 2012 lavisse
277 1951 491 2033 compertum
510 1942 585 2012 est‘l
601 1940 716 2039 Nostri
734 1962 834 2031 reges
855 1942 899 2012 de
920 1943 1101 2034 saporibus
1120 1967 1205 2037 epu-

130 2063 256 2148 larum,
277 2062 374 2134 etde
395 2063 511 2134 volatu
538 2064 655 2134 avium
681 2063 832 2135 iudicare
856 2075 1019 2157 possunt;
1040 2066 1084 2138 de
1108 2066 1205 2158 inge-

130 2185 197 2257 niis
216 2186 395 2256 bominum
415 2209 484 2257 non
505 2197 661 2278 possunt.
683 2186 784 2269 Quod
810 2186 840 2255 si
865 2190 950 2257 forte
971 2208 1205 2283 praesumpse-

131 2307 214 2392 rint,
237 2306 406 2400 superbiae
426 2318 540 2380 tumor
561 2309 695 2403 aperire
714 2309 833 2379 oculos
859 2317 919 2379 aut
943 2310 1093 2394 lleetere,
1116 2311 1203 2382 etin

132 2451 253 2502 verum
286 2428 391 2522 figere
420 2454 490 2503 non
525 2432 616 2503 sinit.
650 2433 769 2525 ltaque
798 2430 955 2523 nequid
985 2452 1061 2502 suae
1091 2434 1203 2505 aetatis

131 2551 307 2647 suspicere
318 2553 513 2639 videantur,
528 2555 697 2629 mirantur
710 2564 859 2636 veteres3
877 2574 966 2645 quos
984 2575 1111 2625 novere
1123 2576 1205 2627 con-

130 2685 303 2757 temnunt,
334 2686 373 2746 ut
402 2675 642 2748 defunctorum
672 2679 747 2749 laus
777 2676 970 2749 viventium
999 2680 1204 2752 contumelia

130 2819 198 2868 non
219 2809 329 2870 vacet.
347 2800 439 2870 lntcr
463 2800 528 2870 hos
554 2800 684 2871 iudices
710 2800 899 2872 vivendum
920 2801 1205 2895 moriendumque

130 2918 230 2991 nobis
254 2930 324 3004 est,
350 2932 386 2991 et
412 2921 521 3016 (quod
546 2933 600 2993 est
624 2922 763 3017 durius)
787 2924 979 2995 tacendum.
1007 2923 1071 2993 Ubi
1096 2925 1202 3008 enim,
1283 2942 1286 2949 ’

133 3052 171 3111 ut
197 3041 282 3129 dixi,
315 3041 511 3138 Augustum
543 3046 690 3117 iudicem
715 3050 938 3140 quaeremus?
963 3048 1075 3116 Unum
1102 3045 1204 3118 babet

132 3165 246 3237 ltalia:
271 3167 341 3239 imo
366 3191 449 3240 vero
473 3181 644 3240 terrarum
669 3168 763 3238 orbis
790 3189 896 3236 unum
927 3166 1048 3237 babet:
1074 3166 1205 3238 Rober-
1320 3190 1323 3197 ·

132 3302 204 3362 turn
234 3292 386 3364 Siculum
413 3315 539 3384 regern.
567 3293 752 3363 Fortunata
767 3291 943 3384 Neapolis,
963 3313 1043 3383 quae
1063 3291 1204 3361 unicum

132 3415 254 3486 saeculi
279 3418 388 3488 nostri
413 3418 519 3489 decus
546 3415 802 3509 incomparabili
823 3413 979 3486 felicitate
1005 3415 1124 3486 sortita
1142 3416 1200 3487 es!

132 3535 331 3624 Fortunata,
363 3540 523 3636 inquam,
549 3551 585 3611 et
609 3538 781 3611 invidiosa
811 3538 987 3631 Neapolis,
1014 3538 1203 3608 litterarum

130 3659 257 3731 domus
282 3662 545 3753 augustissima,
574 3683 655 3755 quae
681 3662 709 3732 si
735 3661 865 3734 Maroni
891 3659 1066 3753 quondam
1093 3656 1203 3727 dulcis

130 3782 209 3885 uisa
227 3804 282 3867 ee,
300 3795 431 3876 quanto
451 3808 543 3856 nunc
560 3785 691 3857 dulcior
708 3783 889 3867 videreris,
908 3781 966 3851 ubi
987 3778 1203 3870 ingeniorum

131 3926 172 3975 ac
201 3905 395 3978 studiorum
421 3908 644 4000 aequissimus
678 3907 866 3978 aestimator
899 3902 1053 3974 habitat?
1084 3894 1139 3968 Ad
1171 3907 1203 3969 te

130 4028 306 4121 confugiat
334 4032 493 4124 quisquis
519 4030 657 4122 ingenio
684 4029 767 4100 fidit.
794 4030 912 4120 Neque
937 4046 1021 4094 vero
1046 4019 1204 4092 differen-

130 4151 214 4223 dum
230 4165 343 4246 putet:
365 4167 525 4249 suspecta
545 4177 641 4226 mora
660 4163 724 4222 est.
746 4152 888 4220 Devexa
913 4147 1003 4216 enim
1028 4156 1082 4216 est
1103 4154 1201 4230 aetas,

129 4276 337 4347 otmundus
364 4277 585 4371 iampridem
609 4297 651 4345 co
676 4294 810 4356 carere,
836 4271 969 4362 etipse
994 4269 1039 4340 ad
1064 4268 1203 4341 meliora

130 4411 237 4491 regna
259 4399 406 4470 transire
423 4401 578 4483 meritus,
597 4417 788 4487 vereorque
807 4416 851 4465 ne
868 4394 1010 4463 multam
1030 4394 1104 4488 ipse
1119 4393 1202 4463 mihi

130 4541 220 4594 serae
232 4519 445 4615 poenitentiae
460 4522 637 4594 materiam
650 4518 851 4614 prolatando
864 4516 1072 4610 qrrmsierim.
1083 4516 1202 4585 Omnis
