2692 5024
389 693 481 741 nmen
503 691 666 741 secuturus.
676 709 713 722 -
727 692 881 741 srrsrons
898 690 930 740 11.
1144 678 1199 740 att

129 865 224 937 gere,
252 842 318 912 nisi
344 841 438 935 quod
466 842 541 936 ipse
572 843 665 913 Deus
696 851 773 924 est;
804 844 862 934 qui
887 844 1035 935 superlis
1058 846 1202 930 resistit,

128 966 305 1036 humilibus
321 977 432 1034 autern
447 963 503 1035 dut
522 967 681 1053 gretiam
702 987 768 1036 nee
786 966 940 1061 potentia
959 975 1079 1036 nostra
1095 989 1203 1059 egens

128 1088 173 1161 ud
193 1087 391 1180 agendum,
418 1088 581 1180 quonium
602 1091 670 1183 ipse
694 1088 784 1158 dimit
809 1100 839 1159 et
862 1092 953 1179 sueto
976 1099 1069 1171 suut,
1090 1111 1204 1183 neque

130 1212 174 1285 ad
196 1211 491 1308 persuadendum,
518 1213 713 1305 eloquentia
739 1211 886 1284 mortali.
908 1213 1020 1284 Vivus
1040 1221 1097 1284 est
1112 1213 1204 1283 enim

130 1337 191 1410 Dei
208 1358 338 1423 sermo,
359 1348 396 1408 et
413 1339 537 1410 efficax
555 1346 592 1408 et
603 1335 846 1430 penetrabilior
865 1335 957 1407 omni
976 1335 1091 1428 gladio
1111 1335 1207 1408 anci-

131 1459 204 1554 piti,
222 1468 259 1531 et
276 1462 477 1554 pertingens
494 1481 607 1551 usque
627 1460 672 1530 ad
692 1457 900 1530 divisionem
925 1457 1051 1530 animae
1071 1480 1111 1530 ac
1136 1459 1207 1551 spi-

131 1583 234 1668 ritus,
256 1605 462 1679 compagum
488 1603 626 1676 quoque
645 1593 681 1654 et
700 1580 951 1664 medullarum3
977 1592 1014 1653 et
1036 1581 1207 1654 discretor

130 1707 377 1799 cogitationum
393 1716 429 1777 et
445 1705 671 1777 intentionum
683 1703 809 1776 cordis.
832 1704 904 1775 Hoc
925 1681 1086 1776 sermone
1102 1702 1208 1775 disci-

131 1832 232 1925 pulos
259 1850 342 1901 suos
368 1838 577 1915 armaverat,
605 1828 745 1922 quando
768 1849 829 1900 eos
855 1828 900 1900 ud
925 1829 1207 1920 persuadendum

133 1952 251 2046 generi
264 1954 415 2024 humano
432 1961 503 2023 toto
518 1951 682 2046 dispersit
697 1950 782 2023 orbe
798 1961 978 2035 terrarum,
997 1975 1065 2023 uon
1082 1974 1209 2024 consu-

131 2075 197 2169 lari
218 2073 349 2158 trabea,
370 2095 439 2143 non
459 2071 624 2168 imperiali
644 2071 855 2159 diademate,
874 2093 943 2144 non
956 2074 1074 2146 laurea
1087 2073 1209 2145 trium-

134 2194 240 2289 phali,
263 2217 331 2266 non
352 2195 635 2290 philosophorum
655 2196 848 2280 sententiis,
871 2220 940 2269 non
957 2205 1132 2269 oratorum
1146 2199 1209 2271 llo-

134 2320 244 2402 rihus,
264 2342 332 2391 non
349 2319 478 2391 aculeis
500 2318 750 2411 sophistarum,
772 2340 842 2390 non
862 2319 1012 2415 denique
1032 2321 1131 2393 verbi
1153 2345 1209 2395 sa-

135 2444 261 2538 pientie
282 2443 333 2538 (ut
354 2442 401 2514 ait
421 2440 639 2537 Apostolus),
659 2464 701 2511 ue
724 2452 940 2512 evacuaretur
962 2466 1050 2513 crum
1076 2442 1207 2516 Christi.

133 2569 209 2640 Non
228 2569 317 2639 inter
333 2589 394 2639 eos
409 2567 528 2638 Caesar
548 2566 612 2637 fuit
625 2565 685 2660 qui
699 2575 852 2657 cogeret,
876 2588 945 2637 non
957 2543 1053 2637 Plato
1069 2568 1128 2661 qui
1145 2568 1210 2641 do-

134 2700 240 2773 ceret,
274 2713 342 2761 non
367 2688 572 2763 Aristoteles
605 2688 665 2783 qui
694 2699 873 2781 argueret,
904 2711 975 2760 nou
1005 2689 1124 2762 Cicero
1148 2691 1208 2784 qui

136 2812 318 2886 suaderet:
346 2812 409 2884 sed
429 2813 641 2898 homunculi,
663 2835 848 2906 pauperes,
872 2812 1076 2898 imbecilles,
1104 2823 1139 2885 et
1158 2813 1210 2885 in-

135 2941 240 3022 culti;
264 2938 323 3032 qui
341 2959 518 3032 nunquam
539 2947 599 3009 eut
620 2939 755 3010 scholas
774 2938 974 3020 intrassent,
1002 2944 1063 3006 aut
1078 2937 1209 3007 litteras

135 3061 348 3134 didicissent.
382 3060 408 3130 li
441 3069 555 3131 tammr
587 3060 676 3130 inter
708 3059 990 3154 persequentium
1018 3058 1151 3150 gladios
1175 3067 1211 3130 et

137 3186 286 3257 terarum
312 3184 435 3255 dentes
460 3183 686 3276 flammasque
710 3205 751 3254 ac
783 3191 930 3252 tortores
959 3192 1210 3274 persuaserunt

138 3306 274 3400 publice
298 3307 392 3400 quod
416 3305 598 3380 volebant:
633 3306 807 3378 Christum
840 3307 950 3377 Deum
976 3318 1011 3378 et
1035 3305 1209 3379 hominem

138 3440 269 3516 nutum,
297 3452 453 3524 passum,
480 3429 705 3501 descendisse
731 3428 937 3515 adiuturos,
966 3430 1165 3503 surrexisse
1189 3452 1209 3501 a

139 3555 296 3640 mortuis,
319 3553 520 3626 ascendisse
539 3553 575 3624 iu
591 3555 732 3638 coelum,
756 3553 947 3625 rediturum
968 3554 1012 3625 ed
1032 3553 1209 3633 iudicium;

140 3689 176 3750 et
187 3690 315 3749 caetere
332 3677 447 3749 omniu
459 3698 541 3772 quae
560 3676 616 3747 ille
637 3677 875 3761 mandaverat,
898 3676 957 3768 qui
980 3676 1030 3770 (ut
1047 3673 1210 3765 scriptum

141 3800 207 3895 est)
225 3802 325 3870 stultu
343 3797 460 3870 muudi
478 3800 573 3891 elegit
593 3811 623 3868 et
643 3801 784 3892 infirma,
803 3809 839 3868 ut
856 3795 1067 3889 confuuderet
1088 3796 1212 3884 sertim·

142 3924 203 4016 qui
234 3945 312 3995 oum
345 3923 513 4017 prodesse
544 3922 706 3995 omnibus
738 3922 913 4007 venisset,
946 3921 1058 4010 elegit,
1097 3927 1135 3990 ut
1165 3918 1213 3992 eit

143 4045 375 4138 Augustinus
397 4045 550 4140 prodesse
574 4048 768 4139 imperatori
789 4043 828 4113 de
851 4047 1028 4138 piscatore,
1063 4065 1130 4112 nou
1157 4045 1213 4136 pi-

90 4174 94 4182 '
141 4172 263 4241 scotori
285 4168 324 4238 de
347 4172 542 4263 imperatore
555 4194 566 4251 ;
591 4169 685 4262 quod
710 4166 866 4239 similiter
891 4188 1035 4260 prorsus
1065 4166 1110 4237 de
1134 4187 1214 4237 ora-

143 4302 216 4365 tore
234 4316 275 4365 ac
295 4292 499 4386 philosopho
531 4290 599 4362 dici
629 4299 753 4385 potest.
781 4289 887 4384 quue
913 4309 981 4359 non
1006 4297 1111 4360 eetate
1135 4287 1212 4360 rudi

142 4415 278 4500 accidit,
301 4426 336 4488 et
355 4415 398 4486 ad
417 4411 627 4486 credendum
647 4412 757 4496 lucili;
779 4411 842 4483 sed
864 4416 967 4504 louge
986 4412 1099 4508 magis
1119 4413 1214 4483 iuve-

143 4540 256 4609 teratis
279 4537 395 4610 litteris
418 4549 515 4630 utpue
538 4533 709 4620 doctrinis,
742 4535 893 4628 omnique
922 4533 980 4606 illo
1003 4537 1139 4628 uotique
1168 4557 1214 4606 em
