2692 5024
169 672 226 734 bll
509 683 550 731 uu
572 681 672 729 nunus
693 677 913 728 rnuumnrnus

167 847 247 910 nos,
266 835 304 896 ul
322 825 371 895 ait
391 827 535 909 Seneca,
559 845 603 893 ex
627 823 683 893 his
701 844 790 915 quos
808 841 981 903 amamus,
1001 819 1106 891 eliam
1126 819 1252 891 absen-

170 947 274 1030 tibus,
290 945 469 1036 gaudium;
486 943 550 1014 sed
569 942 603 1014 id
622 944 699 1013 leve
716 953 751 1013 el
767 942 966 1013 evanidam.
981 941 1199 1032 Conspectus
1217 953 1251 1013 et

169 1067 355 1163 praesenlia
374 1078 409 1137 et
429 1065 648 1137 conversatio
668 1064 798 1136 babent
817 1063 946 1155 aliquid
973 1064 1069 1134 vivae
1093 1065 1251 1156 volupta-

169 1192 223 1261 lis.
243 1191 294 1259 Ea
311 1209 396 1279 ergo
409 1188 667 1282 quamprimum
681 1184 781 1257 nobis
800 1182 998 1276 arripienda
1014 1193 1080 1255 est.
1098 1185 1249 1268 Etenim,

169 1313 197 1384 si
219 1311 395 1384 obscoenae
420 1309 609 1405 voluptatis
634 1307 919 1402 philosophorum
945 1307 1053 1399 aliqui
1076 1307 1165 1378 adeo
1189 1330 1252 1400 an

168 1444 326 1528 polentes
347 1436 499 1517 luerunt,
522 1442 562 1502 ut
581 1431 628 1502 ibi
656 1451 827 1501 summam
847 1428 928 1500 boni
946 1441 1124 1521 ponerent,
1151 1443 1189 1502 el
1214 1432 1252 1502 il-

167 1560 235 1629 lam
267 1557 497 1628 bumanorum
532 1564 673 1624 actuum
699 1551 874 1624 dominam
902 1560 1106 1636 statuenles
1141 1552 1250 1647 ipsius

166 1680 307 1770 quoque
341 1675 480 1746 virlulis
507 1675 573 1746 sibi
607 1673 790 1746 tribuerint
823 1678 1041 1759 lamulalum;
1076 1677 1157 1769 quis
1189 1676 1251 1749 eril

168 1808 236 1868 lum
258 1798 360 1868 lerrei
381 1795 529 1890 pectoris
550 1795 610 1890 qui
631 1794 790 1866 boueslae
808 1795 993 1888 voluptatis
1010 1817 1078 1866 non
1096 1798 1251 1891 capiatur

167 1918 356 2002 illecebris,
379 1941 484 2012 quam
511 1917 650 1988 virtutis
675 1938 793 1989 comes
820 1917 971 1988 amicilia
997 1930 1168 2013 praeslare
1192 1942 1251 2012 po

167 2043 263 2114 lesl‘l
282 2042 368 2111 Nam
389 2062 484 2133 quae,
507 2062 568 2112 oro
587 2051 633 2124 le,
656 2041 729 2111 vila
751 2040 878 2112 felicior
904 2050 964 2112 aut
989 2041 1118 2127 laetior,
1146 2067 1249 2137 quam

167 2186 244 2235 cum
266 2163 333 2235 illis
352 2164 492 2257 degere,
510 2187 588 2237 cum
606 2163 736 2258 quibus
759 2173 791 2233 le
810 2164 981 2254 perlectus
1000 2185 1099 2235 amor
1120 2174 1156 2235 el
1176 2189 1250 2236 mu-

167 2292 225 2353 tua
242 2284 395 2357 charitas
416 2309 525 2357 unum
546 2287 702 2370 fecerim,
722 2284 953 2356 indissolubili
970 2286 1125 2378 quodam
1145 2288 1247 2370 uodo,

165 2428 339 2479 consensu
363 2409 514 2480 unanimi
536 2431 652 2479 rerum
674 2408 828 2479 omnium
850 2406 1036 2478 adbibilo‘.l
1061 2410 1149 2480 Cum
1176 2413 1250 2504 qui-

165 2527 233 2599 bus
251 2530 311 2600 tibi
330 2532 375 2600 nil
397 2531 588 2613 dissonum,
610 2531 657 2599 nil
678 2532 865 2616 occultum,
887 2532 948 2602 sed
965 2534 1159 2605 concordes
1178 2534 1248 2604 ani-

166 2650 223 2730 mi,
265 2673 400 2721 sercnae
438 2655 583 2734 sronles,
627 2674 742 2722 sermo
780 2675 892 2723 verax
930 2663 966 2722 el
998 2653 1246 2738 inelaboratos,

165 2769 343 2862 apertique
364 2770 467 2840 eliam
490 2771 691 2861 cogitatus?
720 2774 801 2843 Haec
828 2774 858 2842 si
880 2774 981 2845 nobis
1001 2776 1073 2845 vila
1095 2778 1249 2869 conlige-

165 2891 223 2976 rit,
247 2892 293 2963 nil
314 2894 462 2985 amplius
484 2894 634 2986 oplob03
657 2904 694 2966 el
711 2894 821 2965 sicubi
840 2897 1080 2969 loeneralorem
1107 2880 1171 2970 aul
1192 2902 1251 2972 be-

165 3014 352 3108 redipetam
375 3014 488 3088 alieno
510 3017 679 3089 tumidum
703 3017 842 3102 videbo,
865 3020 993 3090 nullam
1018 3021 1103 3090 mibi
1128 3046 1253 3096 move·

164 3136 215 3206 bil
246 3137 424 3220 invidiam,
462 3161 516 3208 mc
549 3139 690 3231 quidem
719 3139 945 3223 aeslimalore‚
981 3144 1250 3234 pauperrimus:

164 3259 253 3341 licet,
278 3271 314 3329 ut
336 3260 513 3354 Satyricus
535 3261 595 3343 ait,

282 3458 434 3521 Possideat
452 3470 600 3539 quamum
617 3465 718 3542 rapuil
736 3464 830 3541 Nero,
849 3466 1006 3529 montibus
1023 3484 1134 3530 aurum

282 3555 442 3634 Exequel,
460 3574 515 3619 nec
532 3567 612 3621 amet
629 3577 831 3641 quemquam,
850 3581 904 3628 nec
922 3574 1043 3628 ametur
1060 3569 1096 3630 ab
1112 3567 1187 3630 ullo.

164 3746 226 3821 Ubi
242 3768 324 3818 sane
341 3772 447 3820 unum
468 3753 501 3819 in
520 3754 633 3823 locum
647 3757 916 3827 convenerimus
932 3813 939 3826 .
957 3814 964 3826 .
981 3814 987 3827 .
1005 3815 1011 3827 .
1033 3759 1137 3852 lQuid
1155 3762 1253 3833 enim

161 3881 196 3940 el
229 3881 377 3941 venturo
409 3873 569 3964 probibet
605 3877 785 3966 gaudere?
819 3879 996 3971 Siquidem
1030 3882 1095 3951 boc
1129 3904 1252 3956 meum

161 3991 393 4064 babitaculum
427 3996 619 4089 approbare
649 3998 831 4084 videmini,
859 4023 923 4071 noc
952 4001 1141 4072 immerito:
1175 4018 1255 4076 ele-

161 4117 241 4200 nim,
265 4118 331 4188 elsi
354 4140 420 4189 non
443 4120 544 4211 quale
567 4120 670 4192 babel
690 4123 782 4215 apud
807 4122 987 4214 Virgilium
1006 4125 1081 4194 Rex
1101 4125 1254 4200 Latinus

281 4315 465 4390 Augustum,
483 4314 602 4393 ingens,
621 4327 745 4380 oculum
763 4320 894 4383 sublimo
910 4321 1076 4395 columnis,

160 4493 195 4553 al
207 4495 299 4554 ccrlc
314 4488 516 4577 iucundum,
534 4498 735 4581 solilarium,
758 4498 911 4582 salubre,
931 4509 967 4568 el
983 4500 1139 4592 prolecto
1162 4524 1254 4594 pau-
