2692 5024
380 718 471 767 urana
494 717 830 767 narnus-aeramen
852 720 915 767 viu.
1145 710 1185 772 65

106 872 253 965 primum
280 869 419 940 virtutis
445 879 500 939 est
524 866 643 961 opus),
666 866 728 939 sed
750 866 919 936 sermonis
945 868 1050 937 etiam
1075 872 1184 941 nostri

104 990 388 1065 eonsuetudinem
409 991 642 1081 corrigamus3
663 989 759 1081 quod
776 987 972 1060 artificiosae
994 990 1094 1061 nobis
1114 994 1186 1064 elo-

104 1115 257 1210 quentiae
290 1134 375 1184 cura
400 1111 591 1204 praestabit.
618 1112 687 1182 Nee
712 1111 801 1180 enim
834 1133 966 1202 parvus
993 1124 1054 1184 aut
1078 1113 1184 1186 index

105 1236 208 1308 animi
228 1256 345 1306 sermo
363 1243 432 1316 est,
456 1243 516 1304 aut
537 1233 707 1303 sermonis
728 1233 925 1304 moderator
949 1245 1005 1305 est
1029 1235 1182 1317 animus;

106 1361 190 1429 alter
209 1357 337 1451 pendet
359 1379 407 1427 ex
432 1357 549 1426 altero.
578 1355 750 1425 Caeterum
776 1355 832 1425 ille
856 1356 939 1426 latet
964 1357 999 1425 in
1023 1367 1182 1449 pectore3

105 1478 160 1549 hie
182 1479 257 1549 exit
282 1477 317 1547 in
341 1476 533 1570 publicum:
560 1478 614 1547 ille
645 1476 749 1547 comit
772 1498 1014 1568 egressurum,
1036 1490 1071 1550 et
1096 1502 1184 1572 qua·

105 1599 169 1670 lem
188 1618 270 1669 esse
289 1599 366 1669 vult
386 1597 500 1687 fingit3
521 1598 588 1681 hio,
610 1598 807 1688 egrediens,
826 1602 939 1692 qualis
957 1602 1012 1673 ille
1030 1603 1075 1673 sit
1095 1626 1184 1674 nun-

105 1721 181 1791 tiat:
203 1720 295 1791 illius
316 1729 459 1813 paretur
484 1719 642 1803 arbitrio;
663 1721 768 1810 hujus
796 1722 992 1795 testimonio
1016 1725 1182 1797 creditur:

105 1843 240 1934 utrique
256 1842 363 1933 igitur
375 1841 626 1913 consulendum
643 1852 709 1926 est,
730 1853 768 1913 ut
783 1855 818 1914 et
835 1845 890 1914 ille
907 1845 942 1914 in
960 1846 1052 1916 huno
1069 1846 1184 1918 sobrie

106 1986 263 2048 severus,
282 1973 318 2034 et
337 1964 394 2034 hio
410 1963 446 2032 in
463 1964 558 2034 illum
575 1963 744 2035 veraciter
761 1965 851 2036 norit
866 1987 946 2036 esse
963 1966 1181 2057 magnificus.

104 2087 322 2177 Quamquam
344 2084 404 2155 ubi
425 2085 539 2157 animo
560 2088 756 2155 consultum
774 2089 887 2170 fuerit,
907 2090 1085 2177 neglectus
1103 2110 1183 2161 esse

104 2229 219 2278 sermo
250 2229 320 2277 non
351 2207 483 2298 possit3
510 2207 612 2286 siout,
630 2228 677 2276 ex
694 2207 847 2293 diverso,
876 2208 1001 2280 adesse
1032 2212 1181 2281 sermoni

104 2329 259 2418 dignitas
279 2350 347 2400 non
371 2339 498 2422 potest,
520 2329 588 2399 nisi
614 2329 729 2400 animo
750 2351 813 2400 sua
834 2329 999 2400 maiestas
1021 2331 1181 2402 adsuerit.

104 2450 196 2535 Quid
219 2450 312 2522 enim
337 2451 461 2522 attinet
483 2451 577 2543 quod
599 2450 833 2522 Ciceronianis
855 2462 888 2522 te
914 2450 1064 2522 fontibus
1085 2474 1183 2545 pror-

104 2596 164 2645 sus
183 2574 421 2644 immerseris?
434 2573 528 2665 quod
542 2575 634 2644 nulla
648 2584 681 2644 te
701 2596 815 2665 neque
840 2584 1036 2644 nostrorum
1055 2574 1183 2665 scripta

102 2696 469 2789 praetereanttOrnate
480 2694 636 2788 quidem,
652 2696 777 2789 lepide,
793 2696 952 2783 dulciter,
969 2696 1116 2767 altisone
1132 2697 1183 2767 lo

103 2820 161 2911 qui
193 2818 342 2912 poteris;
369 2818 537 2910 graviter,
566 2841 704 2904 severe,
733 2821 989 2913 sapienterque,
1015 2831 1061 2903 et,
1088 2820 1183 2911 quod

103 2963 207 3035 super
232 2940 348 3013 omnia
371 2951 437 3024 est,
466 2940 680 3013 uniformiter
705 2952 799 3013 certe
824 2966 894 3014 non
919 2941 1060 3034 poteris.
1089 2942 1183 3023 Quo-

103 3063 194 3132 niam
214 3061 282 3131 nisi
302 3060 451 3154 primum
472 3061 646 3134 desideria
665 3061 813 3132 invicem
836 3072 956 3132 nostra
973 3059 1182 3130 conveniant

104 3184 218 3278 (quod,
233 3193 360 3275 praeter
374 3183 575 3275 sapientem,
593 3183 679 3253 seito
692 3182 819 3253 nemini
832 3204 938 3273 posse
952 3181 1179 3275 contingere),

60 3367 64 3374 .
102 3306 185 3377 illud
210 3325 357 3375 neeesse
379 3315 448 3389 est,
472 3316 521 3391 ut,
544 3303 798 3377 dissidentibus
819 3305 928 3390 ouriS,
951 3316 986 3376 et
1006 3327 1123 3377 mores
1148 3317 1183 3377 et

100 3426 213 3499 verba
225 3425 481 3498 dissideantnt
493 3427 581 3500 bene
592 3427 763 3520 disposita
776 3450 875 3500 mens
890 3428 1001 3500 instar
1012 3429 1049 3499 in
1062 3440 1179 3502 monte

101 3547 311 3633 serenitatis,
334 3549 468 3643 placida
490 3574 628 3646 semper
649 3574 689 3623 ac
710 3551 894 3642 tranquilla
915 3562 978 3622 est.
1002 3550 1073 3620 Scit
1097 3550 1181 3641 quid

100 3671 198 3756 velit,
225 3682 261 3742 et
284 3672 379 3763 quod
405 3677 511 3745 semel
538 3676 663 3760 voluit,
686 3677 777 3745 velle
802 3696 871 3744 non
897 3672 1034 3745 desinit.
1063 3672 1181 3760 Itaque

101 3792 237 3865 tametsi
258 3795 418 3865 oratoriae
439 3796 523 3867 artis
545 3808 750 3868 ornamenta
769 3818 838 3866 non
857 3802 1056 3886 suppetant,
1077 3812 1123 3860 ex
1141 3812 1181 3863 se

99 3917 176 4008 ipsa
190 3916 533 4008 magnificentissima
546 3929 581 3989 et
592 3929 697 4004 certa,
718 3917 808 3988 siout
819 3936 984 3996 consona,
998 3911 1099 3981 elicit.
1113 3911 1181 3981 Na-

98 4036 174 4128 gari
195 4047 309 4109 autem
331 4039 450 4130 nequit
469 4039 634 4131 quiddam
659 4036 873 4130 singularius
895 4054 1074 4123 emergere
1094 4054 1181 4123 quo

97 4159 196 4245 tiene,
212 4159 413 4252 compositis
427 4161 577 4253 primum
591 4161 695 4231 animi
708 4156 870 4239 motibus
885 4153 1015 4247 quibus
1028 4162 1181 4223 aestuan-

96 4281 189 4353 tibus
207 4282 292 4351 nihi!
313 4283 457 4353 feliciter
475 4292 682 4353 eventurum
704 4299 844 4372 sperare
862 4277 952 4360 lieet,
972 4275 1179 4369 eloquentiae

96 4404 212 4475 studio
230 4414 367 4496 tempus
385 4402 610 4498 impenditur;
629 4421 710 4492 quae
729 4400 759 4471 si
776 4398 877 4469 nobis
895 4399 1092 4471 necessaria
1109 4420 1179 4469 non

33 4493 39 4521 ¹
95 4525 194 4611 toret,
215 4536 251 4597 at
270 4546 383 4613 mens⁴
400 4526 475 4598 suis
491 4523 628 4596 viribus
648 4522 738 4606 nisa,
758 4520 918 4615 bonaque
938 4522 1057 4595 suain
1077 4521 1180 4593 silan-

257 4649 275 4687 1.
1039 4635 1055 4684 5
