2692 5024
230 686 247 743 8
565 692 717 742 eplsront
739 694 780 742 Ab
800 693 970 743 sostenes

228 850 264 911 et
288 839 333 911 ab
363 840 448 911 urbe
476 841 584 909 Roma
609 840 771 924 Senatus
796 850 831 911 et
855 840 898 911 de
926 840 1067 910 Parisiis
1095 840 1295 912 cancellarii

229 962 338 1034 Studii
359 963 404 1033 ad
424 984 479 1033 mo
498 961 621 1032 litterae
641 973 879 1055 pervenerunt
900 963 1053 1034 certatim
1071 984 1126 1032 me
1145 963 1214 1033 illae
1229 965 1298 1035 Ro

229 1108 334 1170 mam,
353 1085 420 1156 illae
436 1085 602 1167 Parisios,
625 1085 670 1156 ad
690 1085 944 1179 percipiendam
961 1087 1113 1156 lauream
1131 1086 1297 1177 poeticam

228 1218 422 1281 evocantes.
444 1204 579 1289 Quibus
603 1228 669 1296 ego
695 1205 887 1277 iuveniliter
912 1206 1160 1297 gloriabundus
1184 1218 1220 1278 et
1243 1232 1297 1280 me

229 1330 372 1422 dignum
393 1328 549 1399 iudicans
573 1349 642 1419 quo
662 1350 717 1399 me
739 1328 882 1420 dignum
903 1329 987 1399 tanti
1007 1329 1073 1400 viri
1093 1329 1295 1415 iudicarent,

230 1474 291 1523 nec
319 1452 479 1521 meritum
507 1472 622 1521 mcum
651 1451 716 1523 sed
749 1452 894 1522 aliorum
925 1450 1056 1522 librans
1089 1453 1296 1535 testimonia,

229 1594 414 1666 parumper
444 1582 557 1643 tamen
588 1573 751 1646 haesitavi
779 1576 834 1644 cui
868 1574 981 1665 potius
1016 1596 1135 1645 aurem
1167 1574 1298 1655 domm,

229 1698 339 1788 Super
363 1717 433 1787 quo
458 1695 639 1766 consilinm
665 1697 827 1767 iohannis
853 1696 897 1767 do
922 1697 1088 1768 Columna
1107 1697 1300 1770 Cardinalis

230 1817 500 1911 supranominati
520 1841 581 1911 per
600 1819 732 1889 litteras
752 1819 892 1911 expetii.
918 1821 1003 1890 Erat
1024 1819 1115 1890 enim
1141 1820 1228 1892 adeo
1248 1821 1301 1893 vi-

228 1943 348 2027 cinus,
371 1951 411 2013 ut
426 1963 503 2011 cum
533 1942 600 2013 sibi
629 1963 707 2013 sero
739 1942 975 2034 scripsissem,
1006 1941 1062 2013 die
1087 1944 1193 2013 altero
1222 1953 1302 2013 ante

230 2065 351 2136 horam
374 2066 510 2136 tertiam
536 2088 742 2159 responsum
766 2065 841 2136 eius
868 2064 1070 2157 occiperem;
1095 2064 1194 2135 cuius
1218 2087 1301 2136 con-

231 2189 344 2259 silium
377 2200 531 2274 secutus,
563 2192 727 2260 Romanae
752 2188 851 2259 urbis
878 2187 1113 2259 auctoritatem
1138 2187 1299 2261 omnibus

230 2312 477 2403 praelerendam
503 2313 622 2399 statui,
649 2313 751 2384 etde
779 2312 1024 2404 approbatione
1051 2310 1183 2381 consilii
1208 2312 1301 2397 eius,

230 2456 306 2504 mea
325 2434 456 2528 duplex
476 2434 520 2505 ad
541 2437 636 2505 illum
656 2445 755 2506 extat
773 2435 929 2527 epistola.
952 2433 1002 2504 lvi
1018 2454 1110 2521 ergo,
1129 2444 1164 2503 et
1179 2454 1304 2524 quam-

230 2558 284 2628 vis
304 2580 382 2648 ego,
404 2579 500 2628 more
520 2558 701 2641 iuvenum,
724 2578 838 2626 rerum
860 2578 1014 2627 mearum
1033 2555 1302 2646 benignissimus

232 2680 336 2750 iudex
360 2702 488 2763 essem,
515 2678 638 2749 erubui
666 2688 779 2749 tamen
808 2680 852 2751 de
880 2702 936 2750 me
964 2680 1040 2771 ipso
1069 2676 1303 2747 testimonium

232 2800 338 2893 sequi,
353 2803 408 2871 vel
425 2823 544 2871 eornm
563 2822 583 2870 a
601 2800 728 2892 quibus
746 2801 934 2883 evocabam
952 2801 1045 2892 quod
1062 2801 1177 2891 procul
1196 2799 1304 2870 dubio

233 2944 298 2992 non
327 2922 487 2992 iecissent
515 2923 582 2993 nisi
611 2946 666 2993 me
696 2922 840 3013 dignum
865 2924 981 2995 oblato
1004 2924 1132 2993 honore
1152 2922 1304 2993 iudicas-

232 3054 316 3114 sent.
336 3044 432 3116 Unde
451 3045 627 3137 Neapolim
648 3046 797 3138 primum
814 3058 929 3139 petere
950 3045 1091 3130 institui,
1109 3056 1144 3116 et
1160 3047 1240 3115 veni
1258 3047 1303 3118 ad

231 3165 325 3235 illum
352 3190 523 3237 summum
549 3179 584 3239 et
609 3190 724 3259 regem
753 3180 788 3239 et
820 3168 1063 3262 philosophum
1092 3167 1300 3251 Robertum,

233 3310 299 3358 non
317 3310 423 3378 regno
440 3312 544 3382 quam
561 3292 682 3361 litteris
700 3291 891 3375 clariorem,
911 3314 1013 3383 quem
1031 3291 1168 3361 unicum
1185 3311 1302 3379 regem

232 3420 265 3478 ct
287 3409 438 3478 scientiae
459 3412 605 3482 amicum
630 3424 665 3483 et
689 3413 827 3483 virtutis
849 3423 966 3483 nostra
993 3424 1080 3483 aetas
1108 3410 1242 3492 habuit,
1265 3422 1305 3480 ut

233 3533 306 3625 ipse
323 3532 366 3603 de
383 3555 437 3603 me
453 3536 546 3626 quod
570 3535 634 3605 sibi
653 3538 769 3606 visum
787 3546 882 3605 esset
899 3543 1061 3605 censeret.
1081 3533 1111 3603 Α
1131 3555 1200 3625 quo
1217 3556 1304 3624 qua-

233 3656 308 3726 liter
332 3657 430 3727 visus
456 3668 490 3727 et
514 3659 570 3728 cui
596 3681 700 3750 quam
727 3669 885 3749 acceptus
911 3659 1033 3728 luerim
1058 3667 1092 3726 et
1115 3658 1190 3748 ipse
1213 3680 1303 3727 nunc

235 3780 349 3865 miror,
371 3792 406 3851 et
431 3791 467 3851 tu
494 3782 695 3866 sinereris
719 3782 838 3864 lector,
866 3792 947 3872 puto
973 3780 1153 3850 mirabere.
1175 3780 1304 3850 Audita

235 3915 347 3973 autem
374 3906 546 3978 adventus
572 3908 638 3975 mei
664 3924 780 3985 causa,
808 3904 933 3973 mirum
955 3905 989 3973 in
1009 3904 1148 3974 modum
1169 3904 1304 3973 exhila-

236 4036 331 4096 ratus
356 4040 421 4109 est,
448 4038 482 4097 et
507 4029 689 4098 iuvenilem
715 4026 871 4117 cogitans
897 4026 1070 4109 fiduciam,
1101 4037 1135 4096 et
1159 4026 1301 4095 forsitan

235 4149 388 4237 cogitans
415 4151 579 4220 honorem
605 4172 704 4239 quem
732 4160 880 4242 peterem
912 4172 976 4220 sua
1006 4150 1114 4240 gloria
1142 4169 1208 4216 non
1239 4168 1303 4216 va-

235 4291 327 4348 care,
349 4273 441 4359 quod
460 4295 526 4363 ego
547 4295 624 4341 eum
648 4274 758 4342 solum
780 4272 925 4343 iudicem
952 4273 1110 4343 idoneum
1130 4294 1150 4342 c
1170 4271 1302 4341 cunctis

236 4388 436 4463 mortalibus
453 4396 645 4483 elegissem.
660 4394 751 4474 Quid
769 4398 899 4465 multa‘?
911 4396 993 4465 Post
1009 4395 1207 4463 innumeras
1226 4417 1303 4465 ver-

236 4507 355 4577 borum
382 4516 579 4585 collationes
607 4516 711 4586 variis
738 4519 781 4588 de
811 4517 930 4587 rebus.
962 4526 1206 4607 ostensamque
1237 4515 1302 4585 sibi
