2692 5024
388 635 480 684 urum
502 636 880 692 sturmus—surmont
901 644 962 693 xiv.
1158 633 1217 695 393

541 921 718 985 aristote
740 923 810 985 11111.

234 1122 426 1174 FRANCISCUS
448 1124 615 1174 natanael
637 1127 742 1176 BRUNO
763 1129 966 1181 stonunrlno
989 1132 1014 1181 S.
1038 1134 1065 1181 P.
1090 1134 1120 1182 D.

458 1290 609 1344 Amanium
623 1307 695 1345 caeca
709 1307 771 1346 esse
786 1293 896 1348 iudicia.

233 1511 351 1582 Solum
373 1531 437 1581 seu
458 1510 542 1581 solis
563 1510 763 1584 comitatum
788 1515 881 1585 curis
903 1516 1051 1609 epistola
1076 1527 1136 1588 tna
1161 1541 1216 1591 me

120 1611 263 1724 'reperit
288 1631 430 1702 laudum
464 1654 620 1704 mearum
646 1643 774 1705 onusta
800 1636 1008 1726 praeconiis:
1034 1647 1071 1709 et
1094 1661 1217 1732 quam-

133 1775 239 1844 quam
263 1753 361 1824 testis
381 1752 525 1839 abforet,
548 1754 672 1825 erubui
694 1764 809 1826 tamen
832 1755 922 1827 inter
943 1758 1144 1849 legendum,
1167 1762 1216 1831 la-

133 1885 218 1946 teor.
240 1875 328 1960 Quia
350 1897 433 1948 vero
453 1898 522 1947 non
544 1877 719 1971 proprium
746 1885 807 1950 aut
830 1878 975 1949 alterius
1001 1902 1071 1951 non
1096 1902 1216 1954 aman-

134 1998 196 2081 tis,
220 1997 284 2070 sed
304 1998 395 2068 illius
421 1997 623 2070 amicissimi
650 1999 744 2070 senis
772 2000 1005 2072 testimonium
1033 2013 1154 2074 secuta
1179 2003 1213 2073 in

132 2141 211 2191 earn
235 2120 467 2191 narrationem
491 2131 654 2205 venerat,
681 2121 797 2193 minus
817 2124 932 2194 attulit
952 2123 1095 2216 negocii.
1124 2125 1213 2198 lllud

131 2243 224 2315 onim
244 2241 405 2316 omnibus
425 2265 507 2337 quae
529 2247 584 2316 vel
606 2243 815 2330 dictasunt,
839 2248 896 2317 vel
921 2247 956 2317 in
982 2247 1107 2320 eadem
1135 2270 1215 2319 sen-

134 2367 239 2439 tentia
251 2368 319 2440 dici
332 2377 488 2473 possunt,
504 2368 731 2463 respondisse
751 2369 944 2441 suffecerit:
966 2372 1078 2442 solere
1094 2392 1214 2441 aman-

134 2501 206 2562 tum
227 2512 322 2563 caeca
341 2512 422 2564 esse
442 2489 579 2564 iudicia.
602 2488 688 2561 Hinc
708 2500 744 2563 et
760 2491 852 2584 apud
869 2493 1029 2567 Flaccum
1048 2491 1213 2564 Balbinus

132 2612 243 2705 Agnae
263 2615 389 2708 polypo
409 2613 620 2696 delectatur;
641 2624 676 2683 et
697 2611 790 2708 apud
815 2616 944 2706 vulgus
971 2613 1138 2686 amatoria
1163 2615 1213 2684 fa·

132 2735 222 2809 bella
240 2744 296 2806 est
314 2736 392 2808 eius
412 2736 471 2828 qui
494 2737 686 2807 monoculae
708 2735 863 2808 mulieris
881 2758 998 2808 amore
1014 2745 1210 2829 correptus,

132 2879 152 2928 a
172 2858 375 2953 parentibus
396 2856 534 2930 tandem
555 2859 676 2930 morbo
696 2858 957 2930 consulentibus
974 2859 1010 2928 iu
1027 2859 1113 2929 alias
1130 2879 1212 2929 oras

131 2982 272 3063 missus,
287 2991 413 3076 etpost
426 2979 557 3072 aliquot
569 3001 689 3064 annos,
703 3001 821 3051 amore
835 2979 1002 3072 deposito,
1018 2977 1052 3049 in
1065 2979 1210 3070 patriam
1277 3067 1281 3074 Ι

131 3123 311 3187 ravennon,
334 3103 420 3172 forte
438 3100 484 3171 illi
502 3123 608 3194 quam
627 3100 852 3172 vehementer
869 3109 1050 3171 amaverat
1067 3098 1208 3184 obvius,

131 3248 172 3298 ac
187 3233 330 3319 repente
353 3224 442 3296 tristi
459 3223 615 3296 concitus
634 3225 842 3317 spectaculo,
862 3220 1040 3314 quaesivit,
1058 3243 1209 3315 quonam

130 3348 187 3418 illa
212 3368 297 3418 casu
332 3347 470 3417 oculum
499 3345 686 3416 amisisset.
720 3343 874 3427 Minime,
914 3342 1038 3436 inquit,
1071 3345 1210 3416 oculum

131 3469 243 3553 amisi,
272 3469 336 3540 sed
359 3461 406 3538 'tu
439 3470 557 3539 oculos
593 3465 767 3539 invenisti.
801 3466 963 3537 Graviter
995 3465 1135 3558 quidem
1170 3487 1210 3536 ac

129 3593 307 3685 praeolare.
328 3590 399 3661 Sed
420 3611 464 3659 ne
485 3590 596 3687 plura.
623 3589 657 3657 Si
684 3587 763 3679 quis
798 3609 945 3680 usquam
980 3596 1036 3658 est
1068 3605 1206 3668 amans,

129 3734 241 3784 senex
260 3720 380 3783 noster
399 3721 455 3782 est
474 3710 736 3782 amantissimus
758 3731 911 3781 suorum.
930 3709 968 3778 ln
985 3707 1127 3799 reliquis
1145 3706 1209 3796 igi·

84 3914 87 3920 ¹
130 3844 185 3905 tur
205 3834 385 3928 deinceps,
408 3832 543 3924 siquid
563 3831 648 3902 mihi
669 3829 750 3902 fidei
770 3841 840 3914 est,
864 3823 930 3900 sibi
950 3850 1019 3898 non
1040 3837 1079 3898 ut
1094 3827 1210 3899 Dodo-

129 3979 207 4029 naeo
227 3957 317 4039 lovi,
341 3956 396 4025 vol
417 3953 581 4046 Delphico
602 3951 766 4048 Apollini,
789 3950 852 4023 sed
876 3959 915 4020 ut
934 3950 1012 4020 viro
1030 3948 1130 4021 unice
1148 3970 1209 4018 ve-

128 4078 237 4149 ridico
249 4076 377 4148 adhibe
392 4096 496 4146 aures
513 4075 746 4167 animumque.
768 4072 935 4155 Quotiens
952 4069 997 4140 ad
1013 4090 1084 4151 me,
1103 4088 1206 4160 quem

129 4209 273 4291 paterne
294 4207 400 4282 amat,
423 4198 502 4268 eius
522 4197 708 4267 mellifluus
728 4203 764 4265 et
784 4193 904 4264 suavis
927 4211 1043 4263 sermo
1064 4191 1209 4262 desueu-

128 4321 233 4407 derit,
257 4320 395 4415 parcius
417 4318 535 4400 crede,
558 4318 624 4387 nisi
645 4318 732 4387 sorte
755 4313 862 4407 (quod
881 4313 1000 4383 nescio
1025 4333 1069 4382 an
1090 4312 1124 4380 in
1152 4333 1209 4383 sa-

127 4443 278 4535 pientem
300 4439 413 4533 cadat)
436 4460 554 4511 errare
575 4456 821 4530 nonnunquam
843 4446 878 4505 et
894 4432 1005 4528 dccipi
1022 4432 1124 4507 duloe
1140 4443 1205 4503 est.
