2692 5024
185 723 245 784 270
520 733 560 780 ns
582 733 681 781 annus
704 732 923 782 snurumnrsus

186 889 272 951 rent.
286 880 405 971 ltaque
421 878 504 950 dum
523 877 685 950 differunt
702 879 905 972 sensimque
922 888 1140 972 merguntur,
1155 904 1274 976 usque

186 1003 230 1075 ad
251 1003 419 1096 proximae
451 1000 560 1072 noctis
594 1011 724 1095 partem
754 1000 975 1093 naufragium
1004 1010 1159 1075 traxere.
1183 1006 1272 1076 Tum

186 1126 279 1212 victi,
302 1126 452 1197 desertis
465 1124 586 1209 armis,
601 1125 636 1195 in
652 1124 831 1218 superiora
844 1126 946 1197 navis
958 1135 1160 1219 eruperant.
1180 1130 1272 1199 Dum

184 1272 265 1323 eece
285 1261 410 1344 praeter
431 1270 527 1344 spem
549 1257 585 1318 et
603 1248 682 1319 eoeli
701 1249 821 1318 vultus
844 1248 1013 1334 serenari,
1035 1258 1070 1320 et
1089 1249 1178 1321 lessi
1195 1270 1272 1321 ma-

185 1373 233 1445 ris
247 1374 298 1447 ira
311 1376 502 1444 lentescere
515 1371 629 1467 eoepit.
642 1373 700 1458 lta,
715 1372 848 1444 eunetis
861 1371 1098 1467 pereuntibus,
1120 1373 1271 1466 pessimi

186 1497 339 1568 omnium
359 1517 521 1578 evasere,
544 1495 620 1566 sive
640 1496 721 1588 quia
740 1506 850 1566 servat
866 1496 984 1565 maltos
994 1498 1133 1585 fortune
1146 1517 1272 1566 occea-

186 1628 241 1701 tes,
262 1626 302 1688 ut
321 1618 496 1701 Lucanus,
520 1615 596 1686 sive
617 1619 698 1709 quia
718 1617 792 1687 Diis
811 1618 910 1687 aliter
929 1620 1038 1688 visum
1057 1629 1113 1702 est,
1132 1628 1175 1690 ut
1190 1618 1271 1690 Vir-

177 1714 289 1830 1ςιιιιε
309 1736 369 1821 ait,
392 1736 468 1807 sive
489 1748 527 1808 u
545 1738 689 1829 intelligi
709 1738 827 1822 uetur,
849 1739 926 1810 uros
947 1739 1037 1810 inter
1062 1738 1188 1811 morus
1208 1762 1271 1832 ps

187 1859 293 1931 ricula
313 1860 475 1945 tutiores,
509 1860 637 1956 quibus
671 1861 773 1932 vilior
800 1861 873 1933 vita
897 1871 962 1932 est.
984 1862 1068 1934 llaee
1089 1861 1271 1935 hesternae

186 1983 342 2057 historiae
363 2006 498 2056 summa
519 1996 587 2057 est:
610 2008 691 2078 quae
711 2008 755 2057 ne
776 1987 905 2057 trustra
930 1984 1059 2077 digitos
1084 2008 1187 2058 meos
1208 2009 1271 2060 an-

137 2201 139 2205 *
186 2131 313 2202 resque
344 2118 420 2180 tuas
445 2109 632 2180 detinuerit
654 2109 827 2203 (quamvis
844 2107 1076 2180 bumanorum
1093 2107 1270 2181 discrimi-

186 2256 267 2303 num
288 2236 437 2327 amplam
459 2235 619 2326 praelerat
638 2212 832 2316 materiam,
854 2232 899 2303 de
917 2230 1044 2324 quibus
1062 2233 1176 2303 multa
1192 2233 1270 2326 qui-

186 2353 265 2424 dem
300 2376 415 2448 saepe,
456 2356 519 2426 sed
555 2376 616 2449 pro
649 2355 697 2425 roi
731 2354 896 2447 qualitate
926 2375 1037 2447 pauca
1071 2374 1215 2446 semper
1250 2375 1268 2423 a

187 2479 399 2572 sapientibus
412 2480 478 2551 dici
494 2480 628 2574 solent),
644 2479 710 2550 hoc
725 2502 830 2549 unum
845 2478 930 2548 milri
942 2489 1033 2549 certe
1047 2480 1267 2571 praestiterit,

187 2610 224 2669 ut
246 2613 277 2670 te
297 2599 476 2671 obsecrem
496 2625 538 2671 ne
556 2624 612 2672 me
629 2623 781 2692 unquam
800 2600 947 2693 amplius
964 2599 1073 2671 vitam
1092 2602 1212 2672 ventis
1229 2624 1268 2673 ac

186 2722 347 2793 fluctibus
369 2723 511 2794 credere
532 2723 665 2794 iubeas.
687 2726 759 2794 lloe
783 2724 875 2793 enim
908 2733 962 2794 est
989 2724 1023 2793 in
1056 2747 1127 2816 quo
1153 2748 1267 2817 neque

188 2845 262 2930 tibi,
285 2867 398 2938 neque
418 2847 573 2916 llomano
592 2846 761 2931 Pontifici,
789 2870 902 2940 neque
927 2847 1014 2939 patri
1040 2868 1133 2931 mee,
1165 2846 1194 2919 si
1222 2849 1266 2920 ad

186 2972 297 3042 lucem
318 2971 451 3056 redeat,
472 2993 594 3065 parere
615 2972 729 3041 velim.
765 2969 888 3042 Aerem
923 2969 1140 3055 volueribus,
1171 2994 1267 3043 mare

185 3093 339 3186 piscibus
353 3095 525 3187 relinquo:
545 3105 720 3166 terrenum
734 3095 869 3178 animal,
887 3104 1052 3164 terrestre
1066 3093 1131 3165 iter
1150 3118 1265 3187 agam.

185 3218 274 3287 Dum
292 3241 354 3310 pes
375 3241 475 3290 meus
496 3229 622 3290 terram
644 3220 765 3303 calcet,
785 3240 848 3289 nec
865 3217 1102 3311 pharetratum
1124 3220 1268 3291 Sarma-

188 3347 270 3419 tam,
293 3361 358 3410 nec
379 3340 552 3411 ludentem
574 3341 608 3409 in
629 3339 824 3435 hospitibus
845 3340 1004 3411 blaurum
1026 3339 1122 3410 adire
1144 3363 1266 3412 renuo.

185 3461 281 3532 Mitte
302 3484 357 3531 me
378 3486 448 3555 quo
468 3465 536 3549 vis,
559 3487 601 3536 ne
620 3464 722 3534 ludos
752 3463 893 3555 quidem
915 3463 1064 3556 excipio
1082 3461 1266 3557 Alioquin,

186 3608 288 3680 parce
308 3589 480 3671 confesso,
503 3612 571 3659 non
589 3587 829 3659 decembribus
849 3597 979 3659 tantum
1003 3589 1266 3674 saturnalibus,

186 3711 249 3782 sed
271 3720 341 3782 toto
361 3733 451 3782 anno
472 3712 631 3783 libertate
653 3721 739 3783 utar.
762 3711 853 3795 Quid
873 3712 973 3795 enim,
997 3735 1058 3784 oro
1075 3710 1171 3797 mihi,
1192 3734 1269 3784 am-

185 3836 274 3927 plius
293 3835 455 3919 suadeas
475 3846 534 3906 aut
551 3834 677 3928 quibus
699 3857 852 3928 unquam
869 3857 924 3905 me
943 3834 1061 3905 verbis
1078 3835 1269 3925 aggredia-

186 3960 233 4028 ris
256 3969 293 4029 ιιι
313 3958 500 4050 navigem?
520 3957 667 4030 Firmam
690 3960 845 4051 puppim,
868 3959 989 4030 doctos
1010 3968 1135 4029 nautas
1157 3960 1267 4052 elige3

185 4083 295 4151 athis
317 4092 502 4175 utrumque
536 4084 737 4175 contigerat.
773 4085 859 4154 Cum
891 4085 961 4154 sole
991 4092 1129 4176 portum
1161 4093 1267 4176 pete,

185 4215 287 4276 noctu
321 4229 481 4278 ancoram
514 4209 670 4294 demitte,
706 4209 815 4281 bostis
841 4230 1024 4280 occursum
1056 4227 1157 4291 eave,
1187 4208 1270 4301 lege

186 4329 295 4398 litoris
316 4353 425 4414 oram;
448 4344 483 4404 at
503 4333 524 4402 ii
549 4334 683 4405 diurnis
708 4332 805 4404 boris
832 4333 865 4402 in
893 4343 1005 4426 portu,
1033 4352 1163 4401 ancora
1189 4355 1272 4404 are-

187 4450 242 4519 nis
264 4454 442 4526 tenacibus
464 4458 584 4541 allixa,
606 4467 640 4527 et
661 4477 759 4549 poene
778 4455 858 4528 litus
880 4456 995 4549 ipsum
1014 4453 1163 4545 remigio
1192 4464 1273 4527 tan·

190 4580 320 4660 gentes,
344 4576 429 4645 iuter
451 4587 499 4647 tot
520 4578 623 4647 millia
649 4578 887 4651 miserantium
907 4579 1094 4650 amicorum
1115 4581 1272 4673 periere.
