2692 5024
387 376 407 407 ο.
613 380 619 387 ·
841 370 844 375 “
1176 390 1184 403 ·
1269 362 1273 369 '

138 638 199 701 aad
472 652 515 703 os
536 650 637 703 mus
657 651 881 705 summamus

137 803 277 889 missos,
310 811 347 876 et
379 802 447 875 iam
480 802 610 876 strictis
642 802 867 877 mucronibus
886 802 1070 891 inuentos
1091 800 1220 881 blanda

135 928 291 1001 oratione
309 927 534 1025 compescuit,
557 926 770 1021 vicissetque
792 927 1033 1001 crudelitatem
1051 931 1220 1027 eloquen-

136 1051 200 1137 tia3
219 1051 287 1125 nisi
307 1073 399 1126 unus
419 1073 467 1124 ex
489 1072 534 1123 eo
552 1071 713 1137 numero,
738 1050 800 1145 qui
823 1072 905 1124 eum
925 1053 1130 1147 loquentem
1147 1076 1216 1127 uon

135 1175 333 1261 audiverat,
353 1173 492 1247 caeteris
520 1174 589 1246 iam
612 1172 794 1266 digressis,
808 1174 1101 1269 superveniens,
1122 1178 1218 1252 velat

134 1300 239 1393 aspis,
257 1298 480 1373 incantatoris
497 1319 584 1371 voce
598 1318 668 1370 nou
685 1298 818 1385 audita,
835 1298 935 1371 virus
947 1298 1095 1372 inillam
1109 1304 1217 1377 scele-

135 1424 180 1495 sti
200 1422 380 1495 ministerii
411 1421 603 1494 effudisset.
634 1420 705 1493 Sed
734 1420 821 1515 quid
853 1420 1033 1495 bominum
1053 1426 1216 1521 exempb

133 1544 394 1640 conquirimus?
419 1546 527 1617 Ursos
548 1543 726 1630 videmus,
747 1543 877 1641 pardos
900 1566 942 1618 ao
965 1546 1085 1619 leones
1111 1556 1214 1643 atque

133 1667 222 1739 alias
242 1677 359 1738 uoces
381 1674 419 1739 ot
441 1664 654 1762 parulidas
676 1664 812 1739 murras
835 1664 1015 1741 blanditiis
1037 1664 1212 1756 dadmtas,

133 1788 233 1884 parvi
247 1786 429 1862 domitoris
445 1787 628 1885 imperium
645 1788 815 1883 patienter
830 1788 1009 1885 excipere,
1026 1788 1148 1865 mina
1163 1792 1215 1865 iu·

133 1931 248 2006 super,
269 1934 458 1999 carcerem,
479 1912 594 1985 minas
609 1921 646 1985 et
664 1910 829 1999 verbora3
849 1914 1013 1987 volucres
1036 1916 1132 1989 ooelo
1152 1936 1215 1989 va-

133 2056 208 2130 gas,
225 2045 346 2111 contra
361 2036 566 2132 primevam
578 2043 715 2109 naturae
727 2055 804 2109 suae
816 2036 939 2129 legem,
952 2035 1147 2111 humanam
1158 2058 1214 2113 so-

131 2157 289 2231 ciotatem
310 2167 518 2254 anteponere
537 2157 702 2243 libertati,
723 2157 833 2230 vitam
852 2158 888 2229 in
908 2157 1060 2259 vinculis
1083 2180 1210 2255 agere,

132 2293 253 2379 operto
263 2282 391 2379 capite,
405 2290 647 2379 praercptoque
661 2281 765 2354 etiam
780 2281 902 2376 patrita
918 2282 1045 2356 natalis
1057 2294 1209 2381 aspoetu

131 2407 257 2479 famem
280 2427 380 2478 suam
399 2405 579 2478 nutritoris
600 2403 742 2477 arbitrio
757 2405 942 2490 moderari,
963 2405 1121 2481 delliius
1140 2430 1213 2483 ma-

132 2529 236 2601 nibus
255 2529 370 2600 oibum
393 2548 544 2611 sumere,
578 2548 701 2599 vocem
732 2527 884 2601 iubentis
904 2550 1114 2622 agnoscere,
1141 2535 1210 2607 ola·

132 2649 288 2721 moribus
304 2648 459 2734 obedire,
481 2650 533 2720 ire
553 2650 599 2722 ad
617 2650 807 2723 emittentis
823 2649 1003 2725 arbitrium
1017 2663 1055 2725 et
1070 2655 1208 2741 roverti,

131 2771 348 2867 optimusque
367 2773 505 2866 praedas
526 2794 596 2844 non
622 2773 688 2845 sibi
709 2774 773 2846 sed
791 2776 933 2849 domino
952 2786 1145 2871 reportare.
1163 2780 1211 2851 lle

131 2895 286 2992 piscibus
305 2895 392 2968 nibil
411 2897 491 2981 tale,
525 2895 621 2991 quod
642 2897 875 2983 meminerim,
907 2898 990 2992 legi;
1020 2899 1091 2973 nisi
1117 2900 1210 2997 quod

131 3018 313 3115 delphinos
352 3017 471 3091 nescio
513 3041 583 3114 qua
623 3019 777 3092 humano
819 3021 939 3114 generi
978 3022 1210 3097 familiaritate

131 3143 332 3215 coniunctos
360 3136 485 3215 ferunt.
507 3142 604 3215 Unde
637 3151 674 3215 et
705 3142 868 3216 Arionem
902 3144 1080 3238 quondam
1112 3156 1209 3241 tergo

130 3264 235 3336 buius
256 3266 361 3358 piscis
382 3265 587 3338 insidentem
608 3289 672 3359 per
692 3268 845 3342 tumidos
865 3267 992 3341 fluctus
1013 3270 1101 3342 mari
1126 3292 1209 3344 eva-

132 3387 235 3472 sisse,
251 3387 429 3472 historioa,
450 3411 512 3461 seu
526 3390 641 3483 potius
653 3391 819 3477 fabulosa,
834 3394 987 3466 narratio
999 3404 1065 3465 est.
1083 3395 1207 3469 Vento

131 3533 204 3583 rem
224 3510 340 3606 ipsum
366 3508 495 3583 fidibus
521 3523 701 3586 canentem
730 3515 872 3602 iaciunt,
898 3538 968 3609 quo
992 3517 1206 3611 navigationi

128 3633 259 3706 facilior
278 3631 367 3705 fides
388 3633 445 3720 sit,
468 3637 641 3709 mulcente
666 3658 771 3710 auras
791 3639 937 3725 musica,
964 3647 1000 3710 et
1024 3641 1206 3735 navigium

130 3758 345 3830 sublevante.
367 3757 489 3829 Visum
510 3768 567 3830 est
584 3760 677 3831 enim
696 3760 849 3833 fabulam
868 3784 937 3834 non
959 3762 1119 3851 admitti,
1142 3762 1207 3837 nisi

128 3884 221 3955 color
233 3879 414 3954 mendacio
424 3893 655 3976 quaereretur:
673 3884 958 3976 gubernaculum,
974 3887 1098 3972 malus,
1112 3887 1205 3969 vala,

129 4006 214 4078 remi
234 4004 393 4078 deerant:
414 4027 476 4099 pro
496 4004 552 4077 bis
573 4006 735 4079 omnibus
759 4007 864 4080 unius
883 4009 1030 4082 musicae
1049 4011 1207 4083 suavitas

128 4128 317 4223 subrogata
336 4137 401 4200 est.
423 4129 493 4201 Sed
512 4151 680 4224 quorsum
701 4131 778 4202 baec
802 4140 872 4203 tam
898 4133 1107 4225 peregrina?
1129 4156 1207 4231 per-

128 4252 333 4324 contaberis.
368 4253 412 4324 Ut
445 4252 634 4346 intelligas,
656 4275 712 4324 me
730 4254 905 4347 ingenium
928 4264 1027 4327 tuum
1057 4257 1206 4330 summis

127 4371 293 4459 inserere,
311 4376 371 4470 qui
391 4397 460 4448 non
480 4376 652 4464 homines,
674 4397 744 4450 non
763 4379 855 4450 laras
871 4389 932 4451 aut
947 4381 1124 4466 volucres,
1143 4379 1205 4454 sed

127 4493 323 4585 aquaticum
340 4497 407 4569 boc
424 4498 558 4584 animal,
573 4500 759 4573 educatum
776 4499 866 4573 inter
878 4503 989 4574 fontes
1001 4514 1037 4574 et
1049 4501 1201 4585 llumina,
