2692 5024
578 356 583 365 ‹

330 689 421 736 crura
444 687 824 739 summus-urimur
846 693 864 740 r.
998 688 1001 693 '
1078 681 1138 744 355

53 838 235 934 plectimur
260 834 394 905 alienis.
422 835 490 905 Sed
517 833 609 905 absit
635 845 671 905 ut
697 835 804 907 ltaliae
830 846 996 922 metuam,
1023 860 1044 908 a
1069 862 1138 933 qua

54 962 203 1033 rebelles
220 958 336 1055 potius
353 959 447 1068 quod
461 967 617 1028 metuant
629 957 824 1040 habebunt,
839 957 924 1030 dum
939 981 1048 1053 nuper
1061 961 1138 1032 urbi

55 1078 187 1150 reddita
214 1085 369 1173 potestas
396 1073 577 1146 tribunicia
604 1074 751 1166 vigebit,
780 1084 816 1145 et
835 1084 939 1168 caput
963 1088 1136 1164 nostrum,

56 1205 174 1286 Roma,
198 1221 266 1271 noo
287 1198 481 1291 aegrotabit.
503 1199 589 1269 Pars
610 1199 719 1270 ltaliae
746 1199 917 1271 solicitum
939 1200 1059 1273 babet:
1083 1202 1138 1275 illa

57 1325 217 1396 videlicet
233 1345 314 1416 quae
335 1323 415 1393 olim
441 1325 575 1413 Magna·
591 1321 723 1393 Graecia
748 1321 953 1394 dicebatur:
978 1325 1136 1410 Brutlus,

22 1523 24 1526 Α
55 1446 213 1531 Calaber,
237 1455 341 1540 atque
359 1444 506 1538 Apulus,
526 1468 618 1516 nunc
634 1445 781 1518 Laboris
802 1447 912 1538 regio,
935 1457 1039 1541 atque
1056 1449 1138 1521 olim

54 1578 253 1664 praepotens
274 1570 405 1664 Capua,
429 1592 520 1641 nunc
540 1569 661 1660 regina
680 1570 814 1641 urbium
840 1571 1067 1665 Parthenope.
1099 1574 1138 1644 ln

55 1694 119 1765 has
153 1702 263 1764 terras
294 1693 551 1765 amoenissimas
584 1693 629 1765 ab
655 1693 856 1789 asperrimis
879 1696 1027 1767 Danubii
1053 1697 1137 1793 ripis

55 1835 212 1910 praeceps
232 1816 301 1886 ruit
321 1816 512 1900 exercitum
530 1826 565 1888 ct
581 1816 659 1888 coeli
677 1816 785 1888 nostri
800 1817 1020 1890 serenitatem
1034 1820 1137 1893 loedis

55 1938 207 2010 nubibus
246 1939 392 2011 involvit
430 1938 475 2011 ab
506 1937 675 2033 Aquilone
707 1939 824 2011 oriens
853 1942 1023 2035 procella;
1055 1964 1136 2036 quae

55 2082 181 2133 vereor
193 2083 247 2146 ne,
262 2062 347 2134 dum
373 2084 580 2154 responsum
603 2072 701 2133 tuum
722 2064 891 2158 opperior,
906 2085 985 2133 cum
1006 2065 1136 2155 ingenti

53 2188 191 2278 fragore
203 2184 410 2256 detonuerit.
425 2186 480 2256 Sic
493 2186 608 2257 omnia
629 2187 697 2257 iam
718 2185 754 2255 in
774 2195 972 2256 extremum
986 2184 1135 2258 adducta

55 2308 261 2379 referuntur.
277 2310 348 2379 lam
363 2310 573 2392 Sulmonem,
594 2308 705 2400 primo
718 2307 798 2378 belli
813 2307 942 2403 impetu
955 2312 1133 2395 calcatum,

56 2430 268 2501 inditionem
283 2429 435 2501 bostium
458 2430 676 2523 pervenisse,
696 2433 786 2503 lama
807 2441 873 2502 est.
894 2433 968 2502 Heu
990 2454 1136 2524 genero-

56 2574 134 2624 sum
156 2553 335 2647 oppidum,
360 2564 452 2625 tuam
467 2566 502 2624 et
513 2554 661 2627 Nasonis
682 2555 840 2650 patriam,
863 2555 990 2648 quibus
1015 2578 1136 2649 prose-

54 2700 143 2771 quar
163 2677 322 2749 lamentis
344 2677 388 2747 ab
408 2677 464 2747 bis
486 2677 587 2750 bodie
608 2699 826 2770 possessam,
848 2679 939 2749 inter
963 2701 1053 2772 quos
1078 2678 1135 2751 ille

55 2809 164 2872 morte
185 2802 328 2891 gravius
349 2800 485 2895 putavit
503 2801 677 2872 exilium‘l
699 2801 764 2885 Qui
786 2813 900 2873 autem
921 2801 1009 2874 adeo
1031 2803 1136 2875 mise·
1239 2795 1240 2799 '

56 2922 210 2994 rabiliter
221 2946 291 2996 uon
305 2934 373 2994 tam
395 2924 438 2995 de
458 2923 577 3008 exilio,
600 2945 704 3016 quam
721 2924 767 2994 de
784 2927 859 2995 loco
875 2924 971 2994 exilii
988 2936 1134 3015 questus

55 3056 121 3130 est,
144 3058 183 3118 ut
201 3046 328 3118 librum
348 3069 417 3117 non
437 3046 604 3138 exiguum
626 3054 762 3117 texeret
781 3048 1022 3139 querelarum,
1050 3045 1135 3139 quid

54 3169 210 3242 dicturus
231 3169 368 3252 luisset,
390 3167 418 3238 si
438 3168 514 3238 lstri
532 3168 694 3262 populos,
716 3178 752 3237 et
772 3165 805 3237 id
828 3187 939 3259 genus
957 3167 1134 3238 bominum

55 3294 130 3386 qui,
155 3316 225 3386 qua
250 3315 364 3386 vagus
386 3293 541 3363 Sarmata
567 3300 602 3362 et
627 3292 822 3363 arcitenens
848 3291 967 3376 Getes,
1001 3290 1134 3365 nivosis

54 3415 218 3487 oberrant
238 3416 397 3501 collibuS,
420 3417 465 3488 ad
485 3415 721 3509 occrrpandam
742 3416 847 3486 armis
865 3417 1010 3509 patriam
1034 3438 1133 3490 suam

55 3549 222 3613 venturos
243 3543 311 3612 ullo
328 3551 482 3634 tempore
499 3541 735 3633 praevidisset:
757 3539 802 3610 ad
822 3560 911 3630 quos
930 3560 968 3612 se
982 3541 1133 3612 Caesaris

56 3664 200 3757 imperio
216 3662 388 3759 proficisci
410 3674 480 3735 tam
500 3663 618 3758 iniquo
639 3663 715 3734 tulit
735 3664 864 3750 auimo,
888 3673 926 3735 ut
942 3663 1026 3734 nibil
1040 3664 1135 3736 aliud

55 3784 152 3868 llere,
172 3784 255 3855 nibil
276 3784 368 3855 aliud
389 3785 584 3879 deprecari,
603 3786 686 3856 nibil
704 3786 798 3858 aliud
819 3785 910 3877 loqui
932 3786 1134 3877 possetlTe

54 3927 154 3991 vere,
175 3910 296 3991 frater,
318 3908 403 4000 quid
423 3931 515 3980 nunc
530 3909 645 3981 dicere
667 3908 816 3980 arbitrer
833 3908 900 3978 ista
919 3914 1131 3990 cernentem,

55 4050 135 4123 quae
163 4051 229 4102 uec
257 4051 325 4121 ego
349 4030 536 4123 praesentia
570 4032 644 4103 sine
670 4029 820 4119 lacrimis
847 4028 963 4112 audio,
990 4049 1054 4099 nec
1078 4028 1133 4097 ille

54 4153 171 4225 lutura
192 4154 265 4223 sine
288 4153 417 4245 gemitu
442 4153 662 4244 cogitasset?
687 4154 714 4224 0
740 4152 891 4222 feliciora
917 4151 984 4222 iam
1011 4152 1131 4223 saltem

49 4235 203 4349 basonis
228 4295 310 4345 ossa
338 4285 483 4344 externa
510 4275 630 4346 tellure
655 4274 794 4359 obruta,
821 4294 925 4366 quam
959 4273 987 4344 si
1013 4273 1133 4366 patriae

55 4398 245 4498 pyramidis
267 4399 397 4468 honore
418 4396 566 4480 condita,
586 4397 691 4469 buius
711 4396 875 4493 temporis
893 4395 1042 4469 ludibrio
1059 4417 1133 4468 ser-

55 4534 233 4597 varentur.
267 4524 337 4593 lam
372 4520 607 4614 tranquilliora
638 4520 789 4594 dixerim
822 4520 1005 4617 sepulchra
1042 4519 1134 4594 iuter
