2692 5024
120 628 181 693 356
455 634 498 683 lt!
518 632 620 683 ussus
640 628 865 681 susumus

122 780 249 853 lstrum
276 788 314 849 et
335 776 531 874 llypanem,
549 794 656 868 quam
676 770 766 845 inter
784 769 891 843 Lirim
920 782 962 845 st
989 770 1222 851 Vulturnum.

121 903 218 977 lllinc
233 898 381 973 Barbari
397 919 526 992 magno
544 876 691 989 agmind
702 890 907 987 diffugiunt3
919 892 996 969 buc
1006 896 1222 996 irrumpunt

124 1026 170 1100 Aa
183 1048 262 1121 ego,
276 1023 363 1097 dum
378 1022 537 1097 dolorem
548 1019 655 1092 animi
666 1038 806 1113 sequor,
824 1014 1057 1115 piopositum
1068 1022 1225 1109 excessi,

122 1162 159 1225 et
177 1148 356 1223 erebebnr
375 1143 530 1239 longius,
557 1141 703 1215 nisime
725 1150 924 1235 mpectans
947 1152 990 1217 et
1014 1144 1151 1221 crebm
1174 1145 1222 1219 in-

125 1276 310 1370 terpellans
331 1270 389 1343 bic
407 1266 551 1341 nuntius
570 1272 784 1337 revocasset
797 1261 911 1357 lgitur
924 1264 1027 1339 unde
1043 1264 1220 1341 disceme-

125 1420 200 1471 ram
226 1404 394 1467 revertor.
427 1390 556 1483 Magno
579 1408 686 1480 super
711 1396 745 1458 te
769 1406 903 1479 pavore
929 1398 1136 1483 torqueor;
1164 1390 1217 1465 scd

111 1514 259 1593 'nihilin
273 1536 329 1588 me
346 1513 454 1610 (quod
473 1511 549 1606 ipse
568 1510 739 1605 noverim)
755 1509 890 1583 consilii
910 1520 986 1597 est,
1008 1510 1105 1587 nibil
1126 1512 1214 1589 auxi-

128 1642 186 1711 lii:
205 1638 288 1732 quia
307 1648 423 1709 tamen
441 1635 520 1728 plus
539 1630 715 1707 interdum
734 1630 840 1725 niqui
857 1643 1031 1727 possunt,
1054 1658 1168 1731 quam
1183 1656 1212 1709 tt

128 1782 234 1858 posse
251 1757 443 1843 confidunt,
465 1757 495 1829 si
515 1754 601 1849 quid
617 1754 653 1827 in
672 1777 730 1828 me
748 1754 825 1849 opis
844 1756 1057 1848 agnoveris,
1073 1759 1153 1833 iuro
1165 1773 1212 1833 tuo

131 1896 239 1960 utero.
258 1882 421 1968 Gratiam,
442 1882 564 1965 tatem,
586 1902 655 1953 non
679 1876 886 1953 mediocrem
906 1879 1009 1973 apud
1025 1882 1211 1957 Tribunun

131 2007 238 2101 stirpe
256 2004 392 2092 humili,
420 2004 485 2077 sed
508 2004 652 2077 excelso
671 2002 786 2073 virum
806 1999 925 2073 animo
947 2005 1208 2102 propositoque,

106 2125 111 2132 ’
129 2140 165 2204 et
183 2126 277 2225 apud
294 2129 463 2224 Populum
474 2126 669 2199 llomanum
686 2122 814 2209 habco,
831 2124 938 2197 nullis
954 2128 1126 2221 profecto
1140 2128 1212 2201 mois

132 2253 286 2327 meritis:
312 2252 376 2325 sed
391 2252 487 2323 Deus
506 2248 591 2322 mibi
612 2250 781 2322 mulorum
800 2247 893 2331 odia,
916 2246 1106 2325 bonorum
1123 2253 1212 2325 bone

132 2377 284 2451 volentia
303 2374 561 2468 compensavit:
583 2395 652 2445 non
671 2371 765 2465 quod
784 2371 839 2441 vel
856 2369 924 2441 illis
945 2360 1149 2459 nocuerim,
1167 2375 1212 2445 acl

134 2502 189 2573 his
201 2499 400 2594 proluerim3
414 2499 470 2569 vel
488 2497 600 2567 malus
620 2516 702 2567 esse
718 2493 899 2578 desierim,
919 2498 979 2567 vel
998 2498 1074 2571 sim
1093 2498 1212 2571 boum:

135 2622 199 2694 sed
222 2622 304 2714 quia
328 2621 439 2692 malos
463 2618 596 2701 odisse,
622 2616 734 2691 bonos
757 2638 875 2689 amare
898 2617 1098 2715 disposui;
1123 2620 1213 2696 etrl

135 2744 269 2815 illorum
291 2740 393 2814 turba
416 2741 463 2812 ad
487 2740 611 2810 horum
637 2740 845 2835 paucitatem
871 2760 968 2835 saepe
997 2749 1214 2841 transfugere

136 2865 230 2939 volui
251 2864 281 2937 si
300 2863 421 2937 datum
437 2873 545 2947 esset,
566 2871 602 2935 et
621 2866 700 2935 volo
721 2864 751 2935 si
771 2863 919 2937 dabitur.
947 2865 984 2936 Si
1006 2869 1103 2961 quid
1123 2872 1215 2964 igitur

136 2989 170 3062 in
191 2987 354 3084 praesenti
375 2985 574 3059 discrimine
595 2985 689 3081 apud
708 2988 873 3079 prelatos
886 2985 1092 3064 Tribunum
1110 3016 1154 3067 ac
1165 3014 1215 3090 po

136 3116 255 3209 pulum
273 3109 440 3205 prodesse
461 3109 522 3180 tibi
544 3109 747 3183 intercessio
768 3132 844 3181 mea
863 3118 1003 3202 potest3
1030 3135 1138 3201 ecce,
1155 3115 1217 3191 cni-

137 3257 216 3306 mus
236 3246 272 3306 et
289 3237 444 3307 calamus
465 3241 596 3326 praesto
616 3242 707 3305 sunt.
725 3233 791 3305 Est
809 3230 892 3303 mihi
909 3243 1091 3326 praeterea
1106 3240 1142 3311 in
1155 3242 1217 3311 lon

138 3357 281 3451 ginquo,
302 3366 338 3429 et
357 3358 402 3430 ab
422 3357 478 3428 his
495 3355 649 3430 motibus
670 3376 792 3428 securo
818 3355 925 3427 ltaliae
951 3366 1071 3431 tractu
1098 3362 1216 3436 domus

138 3501 247 3573 parva
266 3481 429 3573 quidem3
456 3479 519 3552 sed
542 3480 680 3552 duobus
699 3501 805 3549 unum
826 3479 981 3550 animum
1009 3482 1216 3557 habentibus

138 3605 232 3676 nulla
261 3604 386 3676 domus
412 3613 562 3695 angusta
585 3613 652 3675 est.
672 3603 784 3674 Nulae
803 3602 895 3673 illam
921 3601 1113 3681 damnosae
1136 3605 1217 3683 diri

140 3726 217 3809 tiae,
239 3748 304 3798 nec
322 3736 522 3822 paupertas,
543 3748 608 3798 nec
631 3725 818 3821 cupiditas,
845 3723 948 3797 libelli
974 3738 1100 3803 autem
1126 3730 1219 3802 innu-

140 3847 324 3921 merabiles
349 3848 552 3920 inhabitant.
579 3849 660 3918 llaec
680 3847 784 3920 modo
804 3868 868 3919 nos
889 3858 1069 3943 expectat,
1098 3875 1158 3926 me
1179 3850 1219 3925 ab

140 3970 315 4045 occidente
335 3993 574 4057 reversurum,
595 3993 699 4064 quem
720 3971 789 4044 iam
809 3969 949 4042 biennio
969 3970 1133 4049 abluisse
1144 3997 1219 4049 oon

140 4093 312 4188 queritur;
334 4093 590 4178 oeaaborientc
613 4093 644 4165 si
663 4095 733 4166 tata
752 4093 945 4186 coegerint,
967 4070 1005 4168 et
1021 4096 1052 4169 si
1074 4098 1217 4180 libuerit

142 4229 337 4290 venturum.
364 4217 454 4304 Quid
478 4218 539 4290 tibi
565 4227 692 4312 praeter
716 4218 792 4288 haec
817 4217 977 4302 offeram,
998 4241 1072 4293 non
1099 4220 1218 4295 babeo.

142 4340 273 4413 Domus
289 4350 418 4426 autem,
433 4343 595 4437 adquam
609 4340 719 4414 invito
739 4350 786 4427 te,
808 4341 868 4415 ubi
886 4342 946 4428 sit,
963 4345 1076 4430 nosti;
1097 4345 1133 4419 in
1151 4347 1220 4418 loco

144 4460 274 4532 salubri
289 4473 325 4534 et
345 4465 536 4537 terroribus
553 4487 665 4537 vacuo
684 4476 720 4537 et
738 4466 841 4559 pleno
860 4463 1015 4557 gaudiis,
1039 4480 1079 4543 et
1099 4467 1220 4545 studiis
