2692 5024
395 691 488 740 nrena
506 690 630 741 amaus
641 710 680 722 -
691 691 844 741 urlsrots
864 696 895 742 x.
1168 684 1203 744 'll

128 840 242 913 valido
259 839 420 931 aquilone
432 839 605 910 iactatum.
618 839 693 911 Ibat
704 841 771 910 alle
785 840 999 910 suacinctus:
1013 838 1209 932 dederatque

128 964 240 1037 omnia
261 960 443 1056 diffundere
463 963 583 1044 neatis,
605 962 779 1033 Maroneae
796 961 942 1031 Veneris
960 962 994 1031 in
1013 984 1155 1033 morem.
1171 963 1207 1033 Si

126 1089 256 1176 fulvam
277 1086 349 1178 lupi
371 1081 411 1153 de
432 1084 518 1176 pelle
541 1085 702 1175 palorum,
732 1092 868 1174 tegmen
885 1082 989 1175 capiti
1006 1083 1206 1169 habuisset,

128 1212 161 1280 in
182 1207 341 1300 reliquis,
364 1206 509 1277 Hernico
526 1227 546 1277 a
562 1205 717 1296 Pelasgis
731 1215 869 1298 aooepto
882 1204 1018 1290 habitu,
1032 1205 1068 1275 in
1082 1205 1208 1278 bellum

129 1329 215 1414 ibat;
237 1327 369 1401 sinistri
389 1329 480 1427 enim
501 1327 600 1421 pedis
623 1326 771 1418 vestigia
786 1327 904 1399 nudus
920 1336 1006 1398 erat.
1024 1328 1076 1399 Ea
1093 1326 1208 1400 rabies

129 1449 290 1543 urgebat,
305 1459 344 1520 nt
356 1448 541 1521 convenire
562 1446 628 1518 sibi
649 1457 768 1540 posset
781 1449 875 1542 quod
888 1449 980 1541 apud
993 1450 1152 1521 Plautum
1166 1451 1210 1521 de

131 1594 168 1644 se
187 1594 344 1667 praeeeps
366 1573 422 1643 ille
439 1570 613 1662 parasitus
626 1570 808 1662 praedieat:
827 1593 906 1640 nam
922 1592 1014 1640 meas
1031 1583 1077 1641 est
1094 1572 1209 1642 talieta

130 1715 274 1786 maus,
297 1694 424 1763 cubitus
444 1692 626 1783 catapulta,
648 1692 803 1761 hammus
822 1692 927 1760 aries:
950 1691 1026 1763 talis
1052 1701 1141 1778 erat,
1163 1692 1210 1764 ita

132 1825 244 1887 tamen
261 1824 314 1900 ut,
333 1815 423 1886 inter
439 1813 566 1899 minas,
588 1813 765 1884 diuturnae
790 1813 890 1884 lamis
918 1813 1069 1905 vestigia
1092 1835 1211 1885 oerne-

133 1948 261 2008 rentur.
282 1936 463 2008 Hominem
488 1935 638 2026 denique
666 1934 723 2030 (ut
740 1936 883 2007 Plautus
905 1935 997 2007 idem
1019 1935 1084 2030 ait)
1107 1957 1210 2027 nepae

131 2060 387 2142 ieiuniosiorem,
413 2080 517 2149 nepae
535 2059 641 2146 mapale
662 2059 830 2149 effractam
853 2061 942 2147 same
967 2054 1050 2139 vidi,
1072 2076 1132 2126 aee
1157 2059 1212 2126 eui

132 2184 243 2253 miuus
258 2179 431 2275 procedat,
452 2178 607 2273 quidquid
628 2186 738 2272 faeere
763 2182 895 2273 occepit.
922 2180 1101 2250 Postremo
1126 2179 1209 2251 dum

130 2310 350 2395 econspeetu
362 2301 398 2371 in
411 2301 630 2393 angiportum
647 2301 884 2383 deflexissem,
898 2307 938 2369 ut
955 2298 1135 2390 piraticum
1151 2319 1211 2368 ve-

134 2427 186 2494 lut
207 2424 374 2495 scalmum
395 2422 537 2495 latebris
558 2423 758 2507 evaderem,
780 2421 852 2494 vidi
878 2421 974 2491 illum
1000 2420 1035 2490 in
1062 2419 1209 2490 transitu

132 2545 215 2616 lumi
236 2543 358 2637 globos
379 2566 440 2637 per
461 2544 604 2616 nebulas
626 2545 860 2628 exhalantem,
882 2565 946 2614 ceu
966 2542 1045 2614 Caci
1071 2543 1211 2635 spelun-

132 2675 283 2751 cam,aut
294 2664 486 2758 quamlibet
499 2665 707 2737 AEolieamm
720 2667 912 2737 insularum
924 2664 1209 2758 praeterveherer.

135 2786 262 2860 Audivi
287 2788 404 2859 neseio
437 2810 541 2880 quem
569 2790 752 2858 tremulum
778 2797 883 2881 atque
911 2790 1094 2859 confusum
1120 2787 1212 2857 illie

133 2910 289 2982 faucibus
306 2920 544 3002 erumpentem
563 2931 704 2994 sonum;
721 2911 807 3003 quid
823 2911 938 2982 dioere
955 2911 1058 2981 vellet
1075 2910 1209 2999 ignoro,

134 3040 203 3102 tam
223 3030 389 3102 oonoisim
406 3029 516 3101 verba
533 3031 729 3124 frangebat3
749 3032 811 3103 sed
828 3029 912 3123 puto
929 3031 1086 3123 proprios
1104 3028 1210 3121 pedes

133 3174 174 3223 ae
193 3155 353 3246 scapulas
374 3153 432 3225 illo
453 3156 604 3250 satyrico
631 3156 802 3226 solaretur
825 3153 952 3244 elogio,
967 3149 1096 3234 dicrota,
1115 3160 1212 3242 atque

132 3285 301 3368 eapectate
330 3275 469 3346 cicadas.
491 3276 607 3348 Habes
632 3276 727 3369 quod
752 3275 908 3370 optabas.
931 3274 1137 3348 Maledicum
1158 3294 1214 3344 me

132 3395 253 3466 fecisti.
274 3397 372 3467 Vale.

552 3784 729 3852 epistota
751 3785 796 3848 xl.

236 3973 432 4025 Falactscus
449 3974 619 4024 Putasses
637 3975 755 4027 anona
772 3972 970 4024 HESSANENSI
988 3973 1014 4020 S.
1033 3972 1061 4020 Ρ.
1079 3970 1109 4019 l).

365 4141 475 4195 Rursus
491 4140 519 4195 in
530 4155 629 4194 senem
643 4139 817 4194 dialecticum
831 4137 979 4191 invehitur.

232 4375 322 4446 ane
340 4376 464 4447 iterum
482 4385 666 4448 tentamur.
681 4373 887 4444 Dialectious
907 4380 1003 4456 tuus,
1019 4381 1058 4443 ut
1076 4371 1211 4457 scribis

134 4497 312 4587 qniesoere
333 4520 402 4569 non
421 4509 546 4591 potest.
569 4496 730 4570 llliraris‘.l
752 4495 898 4567 mirarer
917 4515 984 4586 ego
1005 4497 1034 4569 si
1060 4497 1216 4590 quiesce-
