2692 5024
510 651 773 702 Pnotsseotturtort.
1083 655 1158 703 llClll

135 798 172 871 Ep.
190 798 233 853 18.
255 797 300 852 Ab
312 809 449 850 meorum
461 825 496 836 -
508 795 571 850 Tibi
584 797 702 866 quidem
715 799 836 853 amima.

280 887 351 958 Arp.
373 884 540 940 Obscoenum
554 901 677 940 amorem
691 886 836 959 improbat.

132 978 171 1051 Ep.
190 977 234 1033 19.
257 979 300 1034 Ab
314 993 452 1035 lurcorum.
471 977 552 1042 Quod
567 977 717 1031 obiectum.

282 1070 354 1141 Arp,
375 1068 451 1123 Idem
465 1066 539 1139 quod
553 1066 581 1120 in
595 1066 709 1137 epistola
723 1068 867 1138 superiori.

562 1250 669 1313 LlBEli
689 1251 721 1313 V.

130 1423 172 1495 Ep.
208 1421 236 1477 1.
258 1421 393 1477 Baunaro
406 1421 598 1476 Suuuonattsr.
609 1448 644 1460 -
654 1418 736 1484 Quod
749 1420 876 1474 verebor.

281 1513 353 1583 Arp.
373 1510 460 1565 Deflet
473 1514 591 1563 mortem
605 1507 717 1563 Roberu'
732 1507 824 1578 Regis.

129 1600 172 1673 Ep.
210 1600 239 1656 2.
261 1600 382 1656 lonssur
396 1598 543 1653 Genusum
555 1596 720 1651 Ganornaur.
731 1628 766 1638 -
777 1597 894 1652 Gratias
908 1614 971 1669 apo.

280 1687 352 1759 Arp.
371 1685 491 1741 Nunciat
504 1702 534 1739 se
548 1684 666 1740 Romam
679 1686 835 1758 pervenisse
845 1691 872 1740 et
881 1685 1023 1758 Neapolim
1037 1688 1090 1741 iam
1101 1704 1163 1759 pro·

318 1792 432 1849 perure:
456 1774 491 1829 de
514 1774 630 1846 acceptis
651 1773 789 1830 beneflciis
812 1776 902 1847 dequo
928 1792 983 1830 uno
1009 1777 1161 1848 praesertim

320 1865 453 1920 maximas
467 1863 522 1934 agit
535 1864 644 1933 gratias.

128 1957 173 2030 Ep.
210 1955 238 2011 3.
260 1954 384 2010 leuraam
398 1953 545 2011 Conuuum
557 1953 723 2008 Cannrnnur.
734 1983 770 1994 -
782 1954 815 2008 Ut
828 1953 924 2024 fidem.

282 2045 354 2116 Arp.
375 2043 430 2099 Iter
442 2060 524 2098 suum
538 2043 681 2114 Neapolim
696 2060 784 2115 usque
798 2042 940 2098 describit:
956 2051 984 2099 et
996 2045 1070 2098 illius
1084 2045 1162 2099 Aulae

318 2139 428 2206 turpem
440 2132 596 2204 laedamque
609 2132 718 2186 exhibet
731 2133 885 2200 imaginem.

128 2225 173 2297 Ep.
211 2224 239 2279 4.
261 2223 384 2279 lonium
398 2222 543 2278 cornuue
557 2222 722 2276 Cenomani.
734 2252 768 2261 -
779 2223 838 2275 llos
852 2223 927 2274 saihs·
941 2227 1014 2276 tum.

283 2313 355 2384 Arp.
375 2313 410 2367 Se
423 2328 473 2383 per
486 2311 585 2367 vicinia
597 2311 727 2383 Neapolis
740 2311 887 2383 voluptatis
897 2329 978 2366 causa
992 2328 1055 2366 cum
1069 2312 1164 2367 amicis

318 2400 479 2457 excurrisse.
495 2400 535 2454 De
549 2400 635 2454 Maria
648 2401 797 2454 Puteolana
810 2401 932 2470 viragine
945 2401 1055 2471 insigni.

132 2490 176 2564 Ep.
214 2491 241 2546 5.
263 2489 384 2544 Ionam
399 2487 545 2542 Cotum
559 2487 928 2559 omninnn1.-lnsi9nem
943 2494 1146 2560 tempestatem.

282 2579 354 2650 Arp.
375 2575 548 2633 Horrendam
569 2581 758 2650 tempestatem
778 2577 807 2631 in
830 2577 899 2632 freto
922 2577 1100 2650 Neapolitano
1119 2579 1166 2633 de·

318 2667 421 2723 scribit.

131 2760 175 2832 lip.
212 2759 240 2815 6.
260 2758 383 2813 lonssur
396 2755 543 2812 muman
556 2755 894 2811 Ganorans1.-Absotoi
906 2757 1049 2827 pociora.

283 2847 354 2918 Arp.
374 2844 468 2901 Ludos
477 2844 652 2916 gladiatorios
661 2847 823 2917 detestatur,
835 2847 1001 2918 nunciatque
1012 2847 1126 2918 Neapoli
1136 2864 1164 2900 se

318 2933 394 2988 brevi
408 2932 606 2988 discessurum.

132 3023 175 3095 Ep.
213 3023 239 3077 7.
261 3021 383 3076 Ionium
397 3020 526 3075 Anomn
539 3021 726 3076 Bouottlssrtst.
738 3022 928 3076 —Nocturno
942 3027 968 3074 tc
981 3021 1102 3073 somnio.

284 3112 355 3183 Arp.
375 3110 443 3175 Quo
460 3111 575 3166 somniis
588 3112 656 3166 fides
674 3110 799 3165 habenda
818 3113 871 3164 sit:
892 3115 918 3163 et
938 3110 971 3164 de
986 3109 1094 3164 duobus
1107 3110 1166 3180 qui-

319 3201 373 3255 bus
385 3201 468 3255 unius
481 3200 562 3255 amici
576 3216 661 3267 mors,
676 3201 789 3255 alterius
803 3201 905 3255 sanitas
921 3200 971 3254 sibi
987 3200 1100 3271 praevisa
1113 3205 1163 3254 est.

133 3291 176 3364 Ep.
213 3291 240 3347 8.
261 3291 385 3345 lonanru
397 3290 526 3345 Aeonum
540 3291 726 3346 Bononiensi
736 3322 770 3331 -
779 3292 821 3347 De
836 3292 1010 3346 adolescente
1024 3297 1082 3345 tuo.

284 3378 356 3450 Arp.
377 3378 417 3433 De
430 3378 601 3434 adolescente
614 3379 679 3434 soedi
692 3381 793 3435 amoris
807 3379 943 3434 illecebris
956 3386 1044 3452 capio.

135 3468 178 3540 Ep.
215 3467 242 3524 9.
263 3468 385 3524 lousrmr
398 3469 527 3523 Annam
541 3469 727 3523 Bononmasr.
736 3470 955 3524 -Dissimitem
965 3471 1083 3540 priinoe.

287 3558 357 3629 Are.
378 3558 417 3613 De
432 3575 497 3613 sene
510 3557 664 3612 libidinoso.

136 3646 179 3718 Ep.
198 3647 243 3704 10.
266 3649 400 3703 Banusro
414 3646 605 3702 Suuuoasasr.
617 3647 696 3702 -Ut
710 3664 790 3702 more
804 3655 910 3702 nostro.

287 3738 359 3807 Arp.
379 3736 480 3790 Parma
493 3735 616 3789 hostibus
630 3734 741 3790 obsessa
753 3753 782 3790 se
792 3736 862 3790 olam
869 3738 994 3809 elapsum
1008 3737 1036 3789 in
1052 3752 1164 3789 manum

321 3824 460 3878 latronum
479 3839 543 3877 cum
562 3823 687 3878 inciderit
704 3825 747 3878 vix
766 3825 872 3880 salvum
891 3831 918 3880 et
936 3824 1091 3879 incolumen
1107 3840 1165 3877 eva·

322 3929 399 3967 sisse.

136 3997 179 4072 Ep.
199 4001 244 4056 11.
265 4000 393 4056 Aroma
405 3999 576 4054 Maurorum.
588 4030 623 4041 -
637 4001 691 4054 Vim
704 4017 834 4072 unquam
848 4000 944 4053 aliter.

288 4089 359 4161 Arp.
380 4088 520 4143 Adversus
532 4089 656 4144 invidum
670 4089 882 4159 obiurgatorem.

137 4179 180 4253 Ep.
200 4180 245 4236 12.
266 4180 395 4236 Asnam
407 4179 580 4234 merulae.
590 4208 626 4220 -
636 4180 732 4234 Theon
745 4180 804 4232 itte.

289 4271 361 4342 Arp.
381 4270 458 4324 ldem
472 4269 547 4341 quod
560 4269 588 4324 in
602 4269 738 4341 superiori
751 4267 873 4339 epistola.

139 4355 182 4431 Ep.
201 4358 246 4414 13.
267 4358 400 4414 Socnsrr.
411 4358 575 4414 -Obsecro
589 4360 773 4429 obtestorque.

291 4447 363 4519 Arp.
383 4446 601 4520 compescendos
613 4464 672 4502 esse
686 4447 768 4504 animi
783 4452 883 4501 motus.
943 4448 946 4453 '
