2692 5024
212 695 270 757 :too
550 706 590 753 na
613 704 712 753 nuans
735 704 975 753 rnnrcrsaious·

213 872 251 931 ut
272 857 436 950 Virgilius
457 858 514 927 ait.
539 856 608 926 Vos
629 855 770 948 quidem
791 853 933 925 divitias
954 858 1049 927 male
1061 868 1192 949 partas
1215 860 1302 931 iusti

213 981 339 1054 ficasse
371 979 552 1064 videmini,
584 979 614 1050 si
644 978 775 1074 praedae
805 978 1081 1072 rapinarumqne
1106 993 1301 1055 vestrarum

213 1125 401 1201 pauperem
435 1101 611 1174 Christum
641 1101 766 1193 cogitis
797 1121 881 1171 esse
905 1100 1133 1195 participem,
1169 1116 1208 1177 et
1226 1128 1303 1179 amo

212 1228 382 1300 ohsidctis
394 1227 553 1297 invitum.
568 1224 642 1296 Non
664 1224 720 1296 hic
741 1224 899 1317 placandi
912 1225 1070 1298 numinis
1088 1228 1237 1301 modus.
1257 1229 1302 1300 ln

213 1374 281 1423 non
296 1350 430 1441 legistis
451 1343 545 1442 apud
569 1348 751 1431 Senecam,
779 1350 871 1418 Deos
897 1357 980 1419 tunc
993 1349 1172 1442 propitios
1201 1351 1302 1424 luisse

212 1496 291 1545 cum
326 1470 449 1543 fictiles
483 1472 646 1542 luerunt?
674 1470 780 1564 Atqui
799 1471 892 1542 Deos
925 1491 1114 1563 nunquam
1139 1476 1302 1569 propitios

212 1599 330 1678 luisse,
345 1618 410 1667 nec
422 1617 504 1667 esse
517 1596 682 1689 potuisse,
693 1603 826 1667 certum
837 1605 903 1665 est.
913 1594 1104 1680 Quomodo
1116 1600 1218 1671 enim
1233 1623 1302 1693 pro

213 1720 318 1812 pitius
338 1718 414 1789 aliis
434 1739 515 1790 esse
538 1727 667 1812 potest,
682 1718 743 1812 qui
764 1716 982 1789 miserrimus
1003 1718 1176 1791 estsihi‘?
1196 1723 1302 1795 Placet

212 1842 318 1935 igitur
338 1863 408 1912 non
429 1841 506 1913 haee
531 1843 676 1913 Senecae
701 1838 886 1924 sententia,
914 1839 980 1913 sed
999 1840 1131 1928 verba,
1155 1865 1242 1937 quae
1259 1846 1301 1915 le

211 1964 319 2035 liciori
340 1963 496 2035 materiae
515 1965 594 2035 licet
606 1964 770 2034 inserere.
793 1961 950 2033 Proiecto
972 1961 1144 2038 Christus
1167 1988 1299 2062 semper

213 2087 380 2181 propitius
413 2089 567 2159 humano
596 2085 734 2178 generi,
771 2085 835 2157 sed
872 2094 955 2156 tunc
990 2089 1213 2177 praesentior
1247 2092 1299 2162 tuit

211 2233 291 2282 cum
312 2208 425 2282 fictilis
451 2210 528 2282 luit.
553 2210 651 2280 Nunc
676 2218 924 2302 aureusatque
943 2221 1164 2300 gemmatus,
1190 2214 1300 2287 irasci·

214 2348 284 2419 tur,
311 2348 346 2407 et
372 2356 493 2428 preces
518 2346 656 2406 nostras
678 2333 869 2405 iustissima
889 2331 1135 2424 indignatione
1155 2360 1227 2409 non
1247 2360 1296 2409 au-

213 2458 274 2530 dit.
299 2459 375 2529 Non
393 2480 516 2528 aurum
542 2455 615 2528 odit
644 2457 714 2539 ille,
744 2454 805 2526 sed
825 2453 987 2547 cupidos;
1008 2455 1147 2549 quihus
1165 2460 1297 2556 optandi

213 2579 462 2672 quaerendique
471 2581 586 2649 nullus
595 2589 650 2649 est
665 2576 867 2649 linis.Primi
881 2577 1073 2659 hominum,
1082 2583 1185 2674 quod
1197 2596 1294 2661 eraut

214 2714 331 2795 aperte
345 2699 601 2793 profitebantur,
617 2701 823 2793 quaerebant
842 2700 982 2773 divitias
997 2711 1037 2771 ut
1062 2692 1295 2781 abundarent:

214 2846 278 2895 vos
296 2823 452 2918 quaeritis
466 2831 506 2893 ut
518 2823 648 2894 ornetis
663 2823 854 2895 Christum:
873 2822 967 2917 pium
989 2845 1091 2917 opus
1125 2828 1158 2897 si
1187 2828 1296 2922 spoliis

214 2947 269 3018 ille
290 2945 494 3017 miserorum
521 2957 556 3017 et
588 2967 656 3016 non
683 2946 797 3041 potius
819 2944 1009 3017 virtutihus
1042 2970 1084 3019 ac
1113 2949 1296 3024 devotione

215 3067 367 3141 fidelium
389 3070 496 3139 vellet
514 3069 643 3143 ornari:
659 3079 693 3138 et
715 3069 743 3137 si
761 3091 830 3140 non
844 3067 971 3139 fictioni
990 3069 1108 3142 iuncta
1130 3074 1296 3169 cupiditas

213 3193 365 3264 odiosior
400 3194 471 3263 Deo
500 3201 606 3263 esset.
635 3191 875 3263 Animadverti
908 3192 988 3263 olim
1011 3194 1080 3264 tale
1112 3196 1251 3291 aliquid
1268 3200 1295 3268 in

215 3313 426 3407 principibus
452 3314 672 3408 dominisque
698 3325 881 3398 terrarum,
909 3315 968 3407 qui
995 3316 1090 3385 omni
1119 3320 1242 3393 studio
1265 3322 1296 3390 li-

214 3434 296 3505 bros
317 3451 489 3528 quaerunt,
514 3448 648 3532 petunt,
673 3439 823 3534 rapiunt,
848 3449 1061 3521 mercantum
1083 3463 1159 3513 non
1175 3444 1297 3515 littora-

215 3581 290 3628 rnm
321 3581 446 3643 amore,
469 3582 558 3652 quas
592 3561 768 3652 ignorant,
793 3562 856 3634 sed
886 3562 1032 3633 avaritia
1054 3562 1210 3652 inducti;
1244 3590 1298 3640 uer

214 3680 332 3764 animi,
357 3680 419 3752 sed
442 3681 579 3752 thalami
602 3691 799 3773 quaerentes
817 3693 993 3765 ornatum;
1012 3704 1078 3754 uec
1104 3687 1297 3771 scientiam,

214 3803 275 3873 sed
300 3825 439 3883 nomen;
461 3825 574 3895 neque
601 3803 766 3874 librorum
795 3803 1002 3888 sententias,
1026 3806 1090 3876 sed
1112 3812 1231 3901 pretia
1250 3834 1300 3883 co

213 3925 374 4015 gitantes.
402 3927 531 3997 Verum
546 3926 600 3996 his
614 3928 764 3998 colorata
789 3927 980 4010 excusatio,
1009 3927 1087 3999 licet
1104 3930 1210 4019 lalsa,
1238 3957 1300 4007 non

212 4047 333 4149 deerit.
352 4050 473 4120 Dicent
488 4050 579 4119 enim
602 4048 757 4121 sobolom
776 4072 814 4121 se
835 4073 875 4121 ac
896 4060 1053 4142 posteros
1073 4056 1254 4146 cogitare,
1270 4070 1300 4129 et

214 4170 322 4240 verbo
342 4169 482 4263 quidem
502 4170 655 4242 nondum
677 4172 780 4255 natis,
803 4182 863 4242 aut
882 4169 976 4264 quod
999 4170 1082 4243 vitae
1102 4195 1224 4266 genus
1246 4181 1303 4253 eli·

213 4304 297 4381 gant
326 4316 471 4386 prorsus
502 4295 659 4379 incertis,
692 4315 775 4365 vere
806 4307 922 4366 autem
955 4294 1115 4368 avaritiae
1152 4305 1304 4397 propriae

212 4423 316 4505 atque
338 4417 540 4507 ignorantiae
566 4417 773 4490 hihliotheca
798 4417 1007 4510 congeritur.
1035 4418 1150 4492 Vohis
1178 4448 1305 4521 conge

215 4535 400 4606 rendarum
414 4560 516 4628 opum
533 4544 611 4631 quis
624 4554 677 4613 est
690 4544 808 4613 colori
823 4540 1159 4637 Respondebltis:ut
1173 4552 1304 4625 Christi
