2692 5024
158 662 198 725 30
493 674 536 725 uu
555 674 899 727 ussus-sumussrsus

159 823 327 909 omnium,
357 823 515 918 inquam,
544 845 634 918 quos
662 822 720 897 hic
747 821 922 896 mhenffl
950 842 1014 894 seu
1042 841 1140 894 amor
1169 840 1233 892 seu

160 945 304 1019 morbus
327 944 450 1033 tenuit,
470 945 671 1019 omniumvc
693 968 783 1042 quos
807 944 946 1020 tenebit.
971 944 1117 1039 Respice
1138 943 1233 1016 enim

159 1068 196 1141 in
227 1066 349 1163 primis
379 1088 529 1161 quorum
561 1078 643 1141 sunt
672 1068 732 1143 illu
761 1088 845 1164 quac
878 1066 1075 1143 laudantur.
1107 1067 1234 1152 Quaere

25 1272 34 1287 ‚
160 1202 339 1277 auctores;
365 1200 457 1265 certe
481 1190 615 1287 pridem
639 1192 675 1263 in
698 1192 848 1267 cineram
872 1190 1087 1264 versi⁸sunt
1113 1189 1176 1261 Vis
1199 1198 1236 1264 et

160 1324 220 1388 tua
243 1314 400 1388 laudarit
423 1336 570 1388 morere.
595 1312 627 1386 l
650 1325 762 1387 morto
787 1313 940 1387 hominis
968 1313 1089 1386 vivere
1116 1311 1236 1408 incipit

159 1436 336 1511 humanus
359 1439 474 1522 lavor,
499 1447 535 1509 et
558 1436 643 1508 vitae
667 1436 747 1509 finis
776 1435 981 1531 principium
1011 1444 1067 1507 est
1097 1434 1234 1527 gloriae':

160 1579 242 1655 quae
267 1559 298 1632 si
321 1570 401 1632 ante
422 1560 583 1653 coeperit,
610 1560 797 1653 singularis
821 1558 985 1655 quaedam
1008 1567 1044 1629 et
1070 1557 1237 1651 intempe-

163 1683 254 1756 stiva
273 1704 331 1755 res
350 1694 415 1755 est.
432 1684 516 1755 Plus
536 1681 667 1755 dicam:
684 1682 770 1757 dum
785 1704 907 1755 eorum
925 1680 987 1775 qui
1006 1689 1120 1752 locum
1136 1678 1238 1751 vixe-

164 1814 245 1877 runt
274 1804 461 1901 quisquam
493 1804 720 1901 superfuerit,
758 1806 933 1877 cumulate
966 1803 1106 1897 quidam
1142 1801 1238 1897 quod

163 1928 296 2024 appetis
313 1950 384 2003 non
399 1926 562 2014 hnhehis;
586 1950 667 2000 curn
691 1948 812 2002 omnes
836 1928 964 2023 pariter
987 1948 1077 1999 urna
1098 1926 1239 1999 conclu-

164 2051 261 2137 serit,
300 2051 442 2123 venient
475 2050 537 2145 qui
573 2050 649 2124 sine
683 2048 765 2125 odio
794 2058 831 2124 et
866 2048 942 2123 sinc
977 2047 1109 2123 invidia
1149 2047 1239 2121 iudi-

163 2182 254 2245 cent.
272 2170 375 2245 Ferat
393 2171 510 2267 itaque
527 2170 573 2245 de
592 2169 694 2246 nobis
713 2170 904 2267 quamlibet
923 2169 1127 2243 sententiam
1146 2188 1238 2263 pre-

165 2314 247 2367 scns
260 2304 360 2367 aetas.
373 2294 409 2365 Si
423 2315 574 2388 acquam
589 2294 742 2367 ieramus
759 2315 862 2388 aequo
877 2293 1009 2376 animo;
1027 2291 1236 2384 siiuiquam,

164 2415 211 2489 ad
229 2417 401 2510 aequiores
421 2417 569 2502 iudices,
591 2417 657 2488 hoc
675 2427 732 2487 est
750 2414 796 2486 ad
815 2425 972 2508 posteros
993 2434 1236 2507 provocemus,

165 2539 306 2631 qnando
329 2538 375 2611 ad
397 2539 484 2611 alios
509 2560 580 2610 non
603 2539 691 2610 licet.
716 2536 968 2610 Deicatissima
991 2557 1049 2608 res
1067 2546 1123 2609 est
1146 2536 1239 2629 iugis

165 2660 398 2731 conversatio:
423 2660 575 2732 minimis
599 2659 797 2746 offenditur,
823 2670 859 2733 et
881 2661 985 2731 iamoe
1010 2679 1148 2753 semper
1175 2658 1242 2730 ini-
1283 2654 1286 2659 ’

167 2781 255 2853 mica
273 2781 461 2874 praesentia
478 2791 545 2867 est,
562 2784 740 2877 multaque
758 2782 976 2857 admirationi
991 2781 1171 2854 hominum
1190 2783 1243 2855 ia·

166 2903 345 2979 miliaritns
369 2903 519 2977 denubit
541 2907 774 3000 frequensque
797 2907 987 2980 convictus.
1007 2905 1114 2979 Vides
1139 2928 1185 2979 ne
1203 2917 1241 2979 tu

167 3029 232 3100 hos
257 3028 503 3115 scholasticos,
529 3050 641 3122 genus
673 3027 853 3101 hominum
885 3029 1013 3121 vigiliis
1045 3050 1086 3101 ac
1113 3029 1251 3101 ieiunio·

168 3152 401 3245 squallidum?
418 3152 527 3225 Crede
546 3152 648 3225 milri:
665 3152 751 3225 nihil
770 3153 817 3226 ad
834 3151 1087 3224 lucubrandum
1103 3151 1239 3236 durius,

167 3275 253 3346 nihil
273 3276 410 3346 mollius
427 3276 473 3347 ad
490 3275 724 3349 iudicandum.
742 3277 829 3348 Cum
845 3276 954 3347 multa
973 3272 1242 3347 laboriosissime

168 3398 326 3489 legerint,
345 3397 431 3467 nihil
446 3399 666 3471 examinant:
682 3409 717 3471 et
736 3399 821 3493 quid
840 3398 875 3467 in
893 3420 930 3469 re
950 3397 995 3468 sit
1010 3397 1242 3488 dedignantur

168 3519 351 3613 inquirere,
371 3542 451 3591 cum
467 3521 641 3593 homiuem
658 3523 773 3616 ipsum
790 3542 896 3593 nosse
911 3519 1106 3591 rideantur.
1124 3520 1244 3614 ltaque

168 3642 321 3714 omnium
346 3665 417 3714 una
440 3644 499 3713 lex
523 3653 590 3714 cst:
617 3655 741 3716 cuncta
764 3642 857 3715 enim
881 3664 928 3713 ex
953 3662 1067 3735 aequo,
1093 3664 1244 3735 quorum

168 3776 326 3839 auctores
352 3767 409 3837 vel
435 3767 541 3836 semel
561 3766 774 3865 aspexerint,
797 3765 924 3858 scripta
943 3764 1133 3837 fastidiunt.
1155 3766 1242 3849 Hoc,

170 3887 319 3980 inquies,
341 3888 461 3982 parvis
485 3888 608 3961 accidit
626 3887 793 3979 ingeniis:
815 3909 942 3978 magua
960 3887 1053 3959 enim
1072 3898 1108 3959 et
1127 3885 1245 3959 valida

169 4033 230 4103 per
249 4010 422 4084 obstantia
446 4011 611 4105 quaelibet
633 4020 830 4102 erumpunt.
856 4009 975 4082 Redde
999 4008 1082 4081 mihi
1107 4009 1246 4100 Pitago-

169 4148 261 4208 ram;
287 4130 430 4202 reddam
457 4128 518 4199 tibi
542 4127 633 4199 illius
662 4127 790 4219 ingenii
819 4135 1084 4221 contemptores.
1115 4127 1246 4199 Redeat

170 4242 205 4314 in
222 4246 390 4322 Graeciam
406 4253 524 4336 Plat0;
542 4260 744 4323 renascatur
760 4253 950 4332 Homerus3
969 4248 1156 4321 reviviscat
1168 4247 1247 4319 Ari-

171 4368 326 4449 stotelem
347 4383 541 4445 revertatur
564 4374 600 4445 iu
626 4373 756 4445 ltaliam
776 4376 901 4456 Varr03
924 4381 1086 4461 resurgat
1105 4371 1245 4452 livium

172 4485 367 4559 reflorescat
391 4492 524 4565 Cicero:
552 4514 621 4563 nou
647 4493 751 4564 modo
776 4515 901 4581 seques
927 4491 1123 4563 laudatores
1148 4492 1248 4562 inve-
