2692 5024
349 710 442 760 tiana
463 710 822 762 statmo—salsum
842 713 894 761 XX.
1099 697 1155 759 18¹1

84 862 212 932 multos
234 861 317 931 vitae
344 860 487 932 somniis
511 862 630 933 elusos
655 868 951 955 expectantesque
977 879 1072 931 mors
1096 881 1160 953 op

83 983 264 1077 presserit,
298 995 450 1077 quotque
483 983 519 1053 in
548 981 654 1056 linem
687 1004 898 1077 oppressura
930 984 995 1070 sit,
1033 984 1158 1076 cogita.

82 1106 219 1191 Quibus
251 1129 319 1200 ogo
352 1107 507 1192 territus,
539 1107 629 1180 banc
661 1108 737 1202 ipse
765 1108 852 1179 mihi
884 1088 999 1202 legem
1036 1107 1155 1180 statui:

82 1233 205 1305 altiora
241 1251 297 1300 me
334 1252 404 1302 non
439 1252 621 1323 quaerere;
654 1231 749 1325 pan’a
785 1253 889 1314 vero,
928 1253 1040 1328 pauca
1082 1231 1160 1325 qui-

82 1356 163 1429 dem
199 1364 235 1427 et
272 1354 442 1425 modeste:
484 1351 612 1446 quibus
650 1354 778 1426 scilicet
802 1365 837 1426 et
860 1355 1011 1427 obtentis
1044 1353 1160 1427 sobrie

82 1477 268 1572 gaudeam,
306 1488 342 1549 et
376 1479 507 1549 amissa
544 1480 653 1549 leram
686 1478 833 1564 fortiter,
860 1487 897 1550 et
922 1480 1072 1574 repulsae
1095 1477 1160 1550 do-

81 1603 156 1673 lore
177 1621 247 1672 non
271 1609 443 1693 torquear.
470 1598 525 1670 Ad
547 1598 637 1672 hanc
659 1602 769 1692 legem
793 1602 839 1673 ita
859 1623 916 1674 me
937 1599 1094 1685 formavi,
1119 1608 1160 1671 ut

81 1723 146 1794 vix
162 1722 212 1793 rei
231 1722 440 1814 cuiusquam
452 1743 578 1794 verear
589 1731 766 1808 eventum,
784 1724 888 1795 modo
905 1719 1158 1818 expectationis

80 1844 219 1916 fastidia
239 1844 475 1919 detrahantur.
497 1844 729 1929 Quamobrem
748 1869 809 1939 per
827 1867 949 1918 omnes
969 1857 1004 1918 te
1021 1848 1160 1921 ooelioo-

82 1968 147 2050 las,
170 1966 288 2050 trater,
310 1987 384 2050 oro,
406 1965 452 2038 ab
476 1966 541 2039 hac
560 1967 816 2063 quamprimum
837 1969 1066 2064 perplexitate
1084 1971 1159 2043 dis-

82 2089 182 2161 solvi.
203 2087 309 2160 Aufer
327 2089 413 2160 mihi
431 2089 720 2183 expectationem:
733 2089 904 2185 quidquid
914 2091 989 2175 erit,
1003 2093 1159 2186 aequani-

81 2211 184 2282 miter
201 2212 321 2283 seram.
342 2213 462 2284 Finem
479 2213 568 2285 facio
583 2237 662 2285 oum
676 2214 741 2298 illo,
757 2215 857 2287 cuius
871 2215 937 2289 boo
947 2216 1033 2289 mibi
1045 2217 1159 2311 placet

80 2337 171 2407 inter
182 2345 323 2406 caetera:
337 2357 420 2428 pars
433 2337 583 2429 beneficii
592 2349 652 2421 est,
663 2336 752 2429 qood
764 2340 934 2433 petitorii
950 2341 1029 2410 belle
1046 2362 1153 2432 nepes.

80 2458 177 2530 Vale.
236 2494 240 2503 ·

491 2796 667 2863 epistota
684 2799 753 2866 llll.

255 2983 448 3035 FRANCISCUS
470 2986 638 3037 PETRARCA
659 2987 761 3038 Lento
782 2989 841 3038 SUO
862 2989 888 3038 S.
906 2989 934 3037 P.
951 2990 981 3038 D.

80 3147 263 3205 Commendat
277 3149 493 3220 adolescentem,
510 3151 613 3223 aliquid
628 3152 744 3207 humani
759 3151 861 3206 amoris
880 3167 962 3206 causa
976 3167 1156 3225 perpessum,

229 3239 309 3312 eique
323 3238 476 3294 Cardinalis
490 3238 682 3295 columnensis
696 3240 879 3313 patrocinium
893 3239 1008 3295 invocat.

178 3450 361 3546 lmpletum
381 3459 437 3521 est
456 3451 557 3546 plane
580 3450 614 3522 in
631 3449 731 3522 nobis
748 3449 842 3544 quod
857 3450 903 3524 de
917 3452 1081 3548 Pompeio
1098 3463 1158 3526 tuo

80 3572 309 3666 Cornelioque
335 3597 399 3647 sua
425 3574 600 3647 scribitur:
629 3584 806 3666 neuterque
828 3570 981 3646 recedens
1003 3576 1160 3646 sustinuit

80 3692 207 3764 dimisae
226 3696 310 3765 vole.
332 3694 401 3768 S&
421 3718 485 3768 nec
505 3696 621 3768 multis
639 3695 728 3767 inter
745 3717 811 3768 nos
828 3695 949 3768 verbis
966 3716 1055 3792 opus
1068 3703 1156 3781 erat,

81 3837 164 3910 quae
182 3817 229 3888 nil
249 3817 343 3891 aliud
362 3841 467 3913 quam
488 3820 678 3892 animorum
692 3830 727 3893 et
739 3819 940 3917 passionum
956 3840 1037 3911 quae
1054 3818 1087 3888 in
1105 3816 1158 3889 eis

80 3937 251 4026 habitant,
275 3953 367 4014 notae
387 3953 484 4029 sunt,
505 3967 584 4016 oum
605 3943 710 4017 animi
727 3943 849 4029 nostri,
868 3942 949 4014 licet
961 3940 996 4012 in
1011 3940 1156 4027 silentio,

81 4061 237 4133 vicissim
255 4073 404 4159 pateant.
423 4065 536 4137 Unum
554 4065 719 4160 estquod
736 4074 769 4137 te
785 4088 878 4137 nunc
895 4085 1015 4155 agere,
1031 4063 1062 4136 si
1077 4084 1159 4160 pos-

82 4182 229 4258 sibilitas
249 4186 363 4271 adest,
387 4186 503 4257 velim.
527 4188 667 4259 Iuvenis
687 4185 829 4281 quidam
850 4185 1038 4278 virginem,
1058 4185 1158 4289 ouius

83 4330 202 4381 amore
222 4310 420 4403 languebat,
443 4308 520 4402 ipsa
533 4330 601 4380 non
614 4309 821 4395 obluctante,
843 4308 1021 4401 cognovit,
1042 4308 1160 4381 matri·

83 4433 189 4503 monii
223 4435 332 4529 pactis
353 4432 576 4539 interpositis.
598 4432 722 4529 quue,
744 4432 971 4532 quodxmagis
996 4434 1032 4505 in
1056 4453 1159 4508 aures

84 4564 163 4626 tuas
189 4555 307 4644 intret,
339 4557 455 4631 nescio
480 4579 526 4630 an
548 4567 585 4632 et
603 4555 640 4629 in
666 4566 748 4644 toro,
769 4565 864 4630 certe
889 4555 982 4653 apud
1006 4556 1157 4631 Tborum
