2692 5024
394 695 487 744 urana
508 694 877 754 Quaeres-sersaoni
898 696 950 745 un.
1149 680 1213 761 ἥδ,

135 843 245 923 iaetuS,
264 834 493 933 episco'paiem
513 839 658 931 gradum
676 839 856 933 insigniter
873 839 1092 924 honestabat;
1106 850 1211 935 atque

132 965 288 1036 altiorem
308 986 378 1035 non
398 964 503 1035 modo
523 985 592 1033 uon
612 963 754 1057 optabat
774 984 974 1046 ascensum,
994 962 1078 1056 quin
1096 966 1210 1056 potius

131 1086 371 1161 detestabatur
395 1096 500 1180 atque
525 1087 660 1171 oderat,
686 1097 722 1158 et
748 1088 842 1158 velut
866 1084 1044 1180 praecipitii
1075 1087 1208 1172 sedern,

132 1212 218 1283 illud
232 1233 407 1303 supremae
423 1213 570 1282 sortunae
588 1208 763 1301 fastigium
782 1207 1018 1301 perhorrebat.
1038 1209 1143 1315 Cuius
1161 1210 1211 1280 rei

131 1358 212 1406 cum
245 1334 350 1407 totius
376 1334 459 1405 vitae
484 1343 584 1404 tenor
608 1342 713 1453 qtque
738 1353 829 1403 unus
856 1353 992 1426 semper
1018 1331 1210 1403 secretioris

133 1468 252 1529 textus
272 1457 410 1550 eloquii,
433 1456 468 1526 in
488 1478 557 1548 quo
578 1458 709 1526 celsum
730 1457 829 1526 illum
842 1478 882 1527 ac
899 1457 1120 1549 tranquillum
1137 1455 1212 1527 ani-

133 1603 228 1652 mum
250 1578 472 1661 videbamus;
493 1588 567 1650 tum
586 1579 762 1675 praecipue
782 1580 881 1651 testis
898 1588 953 1651 est
973 1579 1154 1672 gravitatis
1171 1600 1211 1650 ac

132 1702 315 1773 modestiae
334 1712 623 1795 contemptusque
644 1711 855 1773 terrenarum
879 1725 995 1774 rerum
1017 1704 1119 1797 plena
1138 1702 1212 1797 epi-

132 1828 235 1908 stola,
259 1846 363 1918 quam
384 1846 488 1894 manu
508 1826 647 1918 propria
668 1824 868 1896 novissimis
888 1827 969 1896 vitae
989 1847 1062 1896 sum
1079 1836 1212 1920 tempo-

132 1949 229 2020 ribus
257 1948 303 2019 ad
329 1958 360 2017 te
387 1947 536 2040 scripsit,
564 1969 739 2040 quamque
762 1946 845 2018 dum
871 1950 1004 2038 relego,
1033 1970 1210 2040 nunquam

132 2071 207 2142 sine
227 2069 387 2141 iucundis
408 2069 556 2139 lacrimis
575 2069 671 2139 facio.
694 2070 758 2139 Est
777 2069 868 2138 enim
890 2068 983 2161 apud
1008 2091 1078 2151 me,
1105 2090 1208 2160 quern

132 2193 223 2264 illius
243 2203 279 2264 et
298 2190 457 2262 custodia
475 2200 511 2262 et
530 2211 700 2283 responso
721 2191 866 2282 dignum
892 2191 1093 2264 credidisti:
1119 2215 1211 2265 nunc

131 2317 235 2388 etiarn
268 2324 304 2385 et
336 2325 545 2409 praesentem
575 2323 744 2407 spectare,
771 2323 806 2384 et
831 2315 933 2387 vivas
958 2336 1063 2387 voces
1089 2315 1210 2386 audire

131 2438 214 2509 mihi
241 2438 375 2522 videor,
409 2460 473 2509 nec
505 2458 715 2531 magnopere
749 2440 838 2509 ultas
863 2439 1040 2533 requirere
1060 2438 1211 2533 philoso-

131 2560 458 2656 phorumuschoiam
481 2570 550 2630 tam
572 2562 672 2654 piene
692 2559 738 2630 ibi
760 2561 979 2655 paucissimis
1005 2559 1124 2633 verbis
1149 2560 1211 2633 ab·

132 2685 237 2756 solvit
255 2705 335 2778 quae
356 2685 401 2756 ad
422 2683 642 2755 sobrietatem
668 2684 841 2778 pertinent
866 2695 901 2756 et
925 2684 970 2757 ad
995 2685 1132 2757 beatam
1157 2686 1213 2757 vi-

134 2820 215 2878 tam.
240 2807 353 2901 Atque
379 2808 469 2878 inter
493 2817 618 2879 caetera
649 2808 788 2903 (mirum
821 2809 944 2903 dictu),
978 2832 1057 2880 cum
1090 2809 1136 2881 de
1169 2830 1211 2880 eo

133 2931 315 3002 attollendo
341 2931 444 3001 altius
470 2930 611 3002 assidue
636 2941 810 3022 ageretur,
833 2931 1094 3022 religiosissimo
1120 2931 1212 3001 iure-

133 3052 279 3125 iurando
299 3054 516 3147 interposito,
539 3055 685 3124 affirmat
706 3076 744 3123 se
767 3075 872 3146 supra
891 3075 995 3144 quam
1016 3052 1109 3123 credi
1131 3072 1212 3144 pos-

131 3186 184 3248 set
215 3176 321 3250 rebus
354 3179 427 3249 suis
452 3200 532 3248 esse
558 3185 770 3261 contentum,
799 3199 862 3246 nee
889 3177 957 3246 uilo
982 3185 1085 3270 pacto
1109 3175 1211 3247 altius

130 3323 369 3384 ascensurum,
390 3312 425 3372 et
445 3301 479 3370 in
500 3321 570 3395 quo
588 3309 668 3372 tunc
685 3310 761 3371 erat
779 3309 870 3371 statu
887 3299 974 3371 mori
992 3320 1030 3371 sc
1047 3322 1116 3372 non
1133 3322 1213 3394 spe·

131 3447 208 3497 rare
229 3435 373 3508 tantum,
398 3425 461 3496 sed
481 3435 609 3519 optare.
632 3423 858 3496 Ascendisset
875 3432 990 3494 autem
1009 3425 1065 3495 vel
1082 3423 1211 3495 invitus

131 3569 301 3639 quocum
322 3557 357 3618 ct
378 3547 558 3639 sanguinis
580 3547 717 3620 claritas
734 3555 769 3618 et
787 3546 910 3618 merita
929 3546 1124 3630 trabebant,
1144 3545 1212 3615 nisi

131 3670 221 3752 oiim,
236 3690 316 3763 quae
330 3679 464 3742 mentes
482 3671 663 3743 curialium
677 3669 847 3766 possidet,
862 3671 1053 3742 obstitisset
1064 3665 1211 3747 invidia;

131 3802 167 3862 et
197 3814 298 3876 nunc,
324 3802 509 3888 postquam
535 3817 577 3866 ea
602 3796 670 3866 iam
697 3795 817 3888 gloriae
838 3818 877 3867 ac
900 3793 1017 3866 virtuti
1040 3800 1209 3874 cesserat,

132 3913 380 3988 virentissimae
392 3917 582 3989 iuventutis
594 3941 746 4002 cursum,
764 3919 880 3990 medio
893 3919 987 4001 calle,
1003 3937 1096 3986 mors
1109 3913 1213 3987 obvia

131 4038 379 4130 praevertisset.
402 4040 471 4111 Sed
491 4042 536 4113 ad
557 4040 713 4112 ordinem
735 4049 900 4111 revertor.
923 4041 1048 4110 Factus
1069 4037 1213 4130 Episco-

129 4182 206 4255 pus,
228 4163 405 4233 commissi
426 4162 581 4232 muneris
601 4163 861 4233 exactissimam
879 4183 998 4232 curam
1019 4159 1162 4244 babens
1179 4170 1212 4231 te

128 4287 385 4380 quamprimum
400 4285 526 4368 relicto,
546 4284 590 4355 ad
608 4283 726 4353 sedem
741 4283 914 4374 propriam
928 4281 1124 4355 maturavit.
1142 4283 1213 4357 Nec

128 4427 208 4476 eum
231 4417 325 4478 tanta
352 4429 468 4478 rerum
495 4410 718 4498 locorumque
744 4408 886 4478 mutatio
911 4407 1092 4479 exterruit.
1119 4386 1212 4481 Inter

129 4549 291 4602 romanas
312 4553 397 4627 opes
415 4552 456 4603 ae
472 4528 614 4604 delicias
629 4528 814 4616 enutritus,
833 4529 878 4603 ad
893 4530 1080 4626 Pyreuaeos
1102 4533 1211 4605 saltus

292 4665 307 4702 r.
1057 4655 1087 4704 15
