2692 5024
158 610 219 675 tto
493 618 536 669 ns
555 618 657 671 mnus
677 614 902 671 rammmus
1270 692 1275 697 Ι

158 769 216 844 diu
234 766 424 853 cumulent,
446 761 510 837 sed
526 759 678 835 habendi
703 759 853 848 libidine,
881 780 997 857 neque
1020 769 1092 835 tam
1116 770 1157 833 nt
1182 762 1240 833 in·

159 890 252 985 genii
268 886 482 985 praesidium,
500 906 607 981 quam
624 892 663 958 ut
678 883 820 957 thalami
835 892 1087 957 ornamentum.
1104 881 1237 979 Atque,

159 1026 199 1090 ut
215 1013 369 1109 reliquos
386 1010 520 1096 sileam,
538 1008 603 1082 tuit
617 1010 785 1085 llomauae
798 1006 1026 1081 Bibliothecae
1040 1028 1128 1081 curn
1142 1006 1239 1081 divis

159 1130 426 1231 imperatoribus
445 1131 530 1204 lulio
550 1128 695 1216 Caesm,
715 1138 753 1203 et
770 1126 901 1203 Caesari
919 1125 1094 1221 Augusto:
1111 1136 1241 1201 tantae-

158 1280 229 1353 que
248 1255 299 1330 rei
313 1254 500 1353 praelectus
520 1252 566 1337 ab
586 1243 696 1327 altem
713 1253 811 1349 {pace
830 1250 995 1325 Demetrii
1010 1249 1171 1325 Phalerei
1185 1251 1241 1326 di·

159 1379 284 1466 xerim,
305 1378 367 1473 qui
384 1377 421 1451 in
437 1377 503 1451 bac
520 1398 559 1450 re
576 1377 711 1451 clarum
725 1374 822 1469 apud
837 1374 1021 1472 AEgpptios
1036 1396 1165 1449 nomen
1176 1372 1242 1449 bu-

159 1502 231 1598 bet)
238 1502 323 1575 nihil
334 1499 484 1587 interior,
498 1521 543 1571 ne
555 1497 667 1573 dicum
679 1500 785 1593 longe
796 1496 964 1593 superior,
971 1496 1109 1571 Marcus
1115 1498 1239 1585 Varro,

163 1626 210 1699 ab
221 1622 646 1718 altempompeiusldacer,
654 1623 753 1695 viret
764 1620 840 1719 ipse
851 1620 1087 1697 doctissimus.
1094 1620 1242 1695 Summo

164 1768 303 1845 quoque
322 1747 457 1821 Graecae
474 1744 678 1840 Latinaeque
698 1742 922 1819 Bibliotheca
938 1742 1054 1817 studio
1077 1742 1243 1837 flagravi

161 1862 304 1941 Asiniui
321 1862 430 1940 Pellio
448 1873 565 1937 orator
580 1861 813 1948 clarissimus,
834 1860 896 1955 qui
916 1860 1050 1955 primns
1068 1859 1244 1937 bannile-

162 2008 231 2061 me
250 1985 448 2081 publicasse
467 1984 624 2059 traditur.
646 1986 707 2057 llln
723 1983 817 2057 enim
833 1984 971 2078 privata
987 1994 1083 2069 snut;
1099 1982 1244 2059 damme

162 2110 365 2185 insatiabilis
385 2109 551 2183 librorum
568 2111 691 2194 fames,
704 2108 805 2182 cuius
825 2106 945 2181 Cicero
961 2096 1141 2193 testis'eat3
1157 2106 1245 2202 ipsi·

164 2256 277 2331 usque
303 2232 480 2308 Ciceronis
504 2233 667 2307 ardorem
686 2231 734 2305 ud
756 2227 982 2325 inquirendos
998 2227 1116 2315 libros,
1135 2250 1245 2324 qnam

164 2361 283 2431 multae
308 2366 478 2430 testantur
502 2354 658 2452 epistolae
683 2352 728 2426 ad
752 2352 917 2438 Atticum,
934 2352 999 2425 'cui
1022 2374 1100 2427 eam
1119 2374 1244 2427 curam

163 2503 232 2553 non
254 2480 398 2572 segnius
418 2479 576 2572 imponit,
597 2496 707 2569 agens
728 2497 864 2548 summa
879 2475 1044 2549 instantia
1064 2477 1247 2571 multaque

164 2623 304 2695 pmcum
325 2601 375 2684 vi,
399 2621 469 2692 qua
487 2620 554 2691 ego
575 2620 667 2671 nunc
687 2584 764 2669 tibi
788 2598 891 2684 Quod
919 2598 949 2670 si
979 2598 1246 2693 opulentissimo

163 2722 302 2815 ingenio
321 2721 532 2815 permittitur
547 2721 715 2794 librorum
730 2721 918 2816 patrocinia
934 2721 1141 2809 mendicare,
1159 2724 1248 2818 quid

164 2859 268 2945 putas
287 2847 391 2920 licere
410 2846 529 2941 inopi?
548 2848 631 2921 Haec
646 2867 709 2940 pro
726 2845 953 2919 excusatione
970 2845 1046 2917 vitii
1064 2847 1146 2931 mei,
1165 2868 1247 2941 pro-

164 2995 234 3067 que
260 2972 383 3045 solatio
409 2980 582 3045 tantorum
602 2970 766 3045 comitum
787 2969 879 3043 dicta
904 2969 983 3041 sint.
1012 2970 1063 3042 Tu
1087 2991 1187 3055 vero,
1215 2970 1248 3043 si
1291 3006 1294 3010 ·

166 3093 226 3165 tibi
245 3117 347 3168 carus
375 3116 466 3181 sum,
493 3093 667 3189 aliquibus
693 3092 772 3167 fidis
797 3103 833 3165 et
857 3092 1015 3166 litteratis
1040 3092 1127 3165 viris
1153 3092 1248 3169 hanc

165 3239 285 3287 curum
317 3216 493 3312 imponito.
528 3217 703 3291 Etruriam
741 3216 962 3311 perquirant,
1001 3216 1247 3310 religiosorum

166 3336 314 3407 armaria
326 3339 499 3423 evolvant,
514 3350 789 3432 caeterorumque
803 3336 1039 3411 studiosorum
1051 3337 1246 3426 hominum,

167 3458 197 3531 si
216 3458 301 3552 quid
320 3481 432 3554 usque
451 3472 659 3554 emergeret,
682 3461 866 3548 leniendae,
887 3459 1015 3550 dicam,
1041 3486 1086 3536 an
1105 3463 1249 3537 irritan-

166 3584 223 3656 dae
244 3583 300 3657 siti
323 3604 410 3657 meae
430 3583 601 3657 idoneum.
629 3585 814 3670 Caeterum,
833 3584 900 3657 etsi
920 3606 990 3658 non
1010 3586 1150 3679 ignores
1167 3586 1249 3681 qni-

167 3692 233 3780 bus
253 3708 397 3781 lacubus
418 3707 555 3801 piscari,
583 3708 782 3804 quibusque
808 3709 975 3781 fruticetis
1000 3709 1168 3803 aucupari
1188 3732 1248 3784 su-

167 3832 232 3918 leo,
254 3854 298 3904 ne
319 3855 388 3926 qua
409 3839 523 3905 tamen
543 3831 612 3904 falli
632 3853 752 3927 queas,
774 3832 829 3905 his
848 3854 1007 3905 seorsum
1021 3833 1145 3905 litteris
1160 3833 1248 3927 quid

167 3956 318 4028 maxime
337 3956 441 4028 velim
460 3954 661 4028 interserui:
679 3978 818 4050 quoque
834 3951 1041 4050 vigilantior·
1049 3954 1127 4042 lias,
1148 3957 1245 4043 scito,

169 4100 223 4149 me
241 4079 384 4150 easdem
410 4099 532 4174 preces
559 4077 682 4152 amicis
708 4078 783 4151 aliis
809 4079 843 4150 in
868 4080 1080 4154 Britanniam
1100 4079 1249 4154 Gallias·

169 4220 235 4289 que
259 4210 294 4271 ct
320 4200 502 4295 Hispanias
529 4200 738 4274 destinasse.
759 4203 810 4273 Ne
829 4202 887 4279 cui
910 4224 996 4298 ergo
1021 4201 1092 4277 fide
1112 4204 1168 4276 vel
1195 4203 1247 4275 in·

30 4360 34 4368 ·
169 4319 303 4395 dustria
322 4325 474 4397 cessisse
496 4325 666 4412 videaris,
688 4325 829 4399 enitere.
851 4327 946 4400 Vale.
