2692 5024
185 667 245 726 llo
522 683 563 729 nu
585 682 686 730 nunus
708 678 929 730 nlurnuruaus

184 822 240 894 bis
271 825 346 893 sine
373 823 566 895 habitatore
592 825 823 896 remanserit?
847 822 994 906 Quando
1021 845 1176 914 unquam
1204 825 1267 894 tale

186 945 315 1037 aliquid
337 947 453 1017 visum
474 955 534 1016 ant
552 946 659 1017 fando
676 947 861 1018 auditum?
877 944 1011 1027 Quibus
1030 946 1097 1016 hoc
1114 966 1265 1037 unquam

186 1067 371 1139 annalibus
391 1070 517 1140 lectum
536 1078 605 1152 est,
625 1090 756 1140 vacuas
774 1067 911 1150 domos,
935 1067 1119 1138 derelictas
1143 1067 1265 1152 urbes,

188 1189 347 1282 squalida
373 1211 468 1273 rura,
496 1210 581 1260 arva
606 1188 840 1261 cadaveribus
867 1198 1028 1280 angusta,
1057 1189 1268 1259 horrendam

186 1323 396 1404 vastamque
416 1321 488 1382 toto
508 1311 594 1381 orbe
614 1309 864 1381 solitudinem?
884 1310 1034 1381 Consule
1059 1310 1266 1394 historicOS‚

189 1437 307 1505 silent:
329 1437 502 1525 interroga
523 1433 704 1529 physicos,
727 1416 995 1526 obstupescunt3
1016 1454 1136 1525 quaere
1155 1456 1176 1505 a
1195 1435 1267 1527 phi-

189 1555 358 1647 losophis,
381 1554 548 1626 humeros
569 1555 790 1639 contrahunt,
818 1557 965 1625 frontem
992 1564 1134 1644 rugant,
1157 1565 1194 1625 et
1215 1555 1266 1625 di-

188 1678 296 1767 gitulo
315 1677 415 1748 labiis
433 1678 617 1771 impresso,
638 1677 811 1748 silentium
832 1676 960 1747 iubent.
980 1675 1108 1746 Credet
1126 1676 1194 1749 ista
1211 1699 1267 1771 po·

189 1798 343 1883 steritaS,
364 1821 444 1870 oum
467 1799 534 1892 ipsi
559 1801 619 1892 qui
644 1799 796 1870 vidimus
821 1799 883 1869 vix
908 1797 1109 1882 credamus
1137 1801 1267 1870 somnia

188 1919 368 2004 credituri,
397 1921 462 1990 nisi
495 1920 691 2016 experrecti
717 1919 847 2012 apertis
873 1921 950 1991 haeo
973 1920 1083 1990 oculis
1109 1942 1267 1991 cernere-

189 2066 280 2127 mus,
302 2054 338 2114 et
353 2046 499 2115 lustrata
517 2043 603 2115 urhe
620 2043 800 2114 funeribus
818 2042 892 2112 suis
913 2044 1028 2135 plena,
1049 2041 1195 2113 domum
1218 2063 1269 2113 re

189 2168 298 2251 versi,
330 2166 505 2259 exoptatis
543 2166 748 2260 pignoribus
782 2186 927 2236 vacuam
968 2164 1061 2233 illam
1096 2164 1269 2258 reperien-

190 2300 259 2373 tes,
283 2289 452 2361 sciremus
478 2289 600 2381 utique
617 2310 700 2359 vera
717 2309 799 2358 esse
824 2305 904 2378 quae
929 2286 1136 2376 gemimus?
1153 2290 1181 2359 0
1199 2290 1268 2360 leli-

191 2435 267 2483 oem
283 2414 446 2506 populum
461 2422 696 2506 pronepotum,
712 2410 772 2503 qui
785 2409 850 2479 has
864 2408 1022 2479 miserias
1036 2432 1104 2481 non
1119 2413 1265 2502 agnovit,

189 2545 225 2604 et
244 2535 404 2605 fortassis
431 2535 665 2605 testimonium
691 2543 849 2603 nostrum
876 2532 965 2601 inter
990 2532 1127 2603 tabulas
1152 2556 1268 2604 nume-

191 2655 303 2723 rabit!
327 2657 503 2724 Meremur
522 2656 599 2724 haec
621 2654 762 2745 quidem
780 2662 816 2724 et
833 2655 1010 2744 graviora,
1030 2676 1099 2725 non
1117 2653 1246 2725 inficior
1261 2678 1268 2733 ;

191 2776 255 2848 sed
275 2783 311 2846 et
330 2776 479 2845 maiores
500 2775 610 2845 nostri
632 2775 743 2845 meriti
766 2784 856 2862 sunt,
880 2786 984 2869 atque
1006 2776 1139 2846 utinam
1158 2799 1223 2848 non
1236 2788 1272 2847 et

191 2898 322 2992 posteri
343 2907 571 2969 mererentur.
593 2896 685 2981 Quid
702 2910 758 2968 est
774 2921 874 2991 ergo,
894 2899 1047 2970 iudicum
1064 2898 1269 2984 iustissime,

191 3019 363 3112 quidest,
386 3019 481 3111 quod
505 3019 686 3109 insigniter
712 3020 800 3090 adeo
826 3021 861 3088 in
887 3030 1045 3089 nostrum
1065 3028 1203 3112 tempus
1224 3024 1273 3090 ul·
1321 3075 1327 3086 .

193 3140 294 3211 tionis
316 3151 387 3211 tuae
407 3140 524 3208 servor
544 3137 723 3209 incubuit?
745 3139 835 3223 Quid
856 3150 925 3223 est,
944 3138 1038 3230 quod
1059 3162 1139 3210 cum
1161 3143 1274 3234 culpae

192 3284 260 3331 non
286 3263 414 3343 desint,
442 3264 571 3333 desunt
595 3263 757 3354 exempla
784 3248 972 3355 supplicii?
997 3263 1083 3332 Cum
1108 3264 1273 3335 omnihus

192 3384 422 3476 peccavimus,
442 3386 658 3474 flagellamur
677 3384 751 3454 soli.
771 3384 852 3467 Soli,
876 3385 1032 3475 inquam,
1050 3387 1165 3456 audeo
1181 3389 1274 3458 enim

193 3507 366 3578 affirmare
382 3507 476 3597 quod
498 3507 527 3575 si
548 3506 703 3575 omnium
722 3508 929 3577 saeculorum
949 3506 1099 3597 flagella,
1120 3520 1200 3601 post
1220 3534 1276 3580 ar-

193 3629 385 3701 camillam
419 3628 686 3698 famosissimam
722 3629 886 3720 reliquias
912 3631 1109 3701 mortalium
1137 3633 1274 3703 informi

193 3752 316 3842 pelago
342 3748 654 3832 circumferentem,
675 3771 753 3818 cum
776 3749 1009 3841 praesentibus
1035 3754 1273 3833 aestimentur,

193 3871 325 3941 deliciae
352 3869 480 3938 luerint
503 3881 538 3939 et
564 3868 667 3938 ludus
692 3880 727 3939 et
753 3868 902 3959 requies.
930 3871 1049 3964 Neque
1074 3874 1167 3942 enim
1195 3896 1274 3942 cum

194 3993 247 4061 his
266 3992 365 4062 malis
387 3991 533 4061 conferri
553 3990 652 4061 decet
673 3988 761 4061 bella
781 3995 1007 4084 quantalibet,
1032 3997 1066 4063 in
1087 3993 1220 4085 quihus
1242 4007 1276 4066 et

192 4113 425 4184 remediorum
444 4114 550 4182 multa
569 4122 651 4181 suut
671 4136 815 4205 genera,
839 4125 874 4185 et
893 4116 1003 4209 (quod
1021 4117 1183 4188 ultimum
1203 4122 1275 4211 est)

193 4238 279 4307 viris
314 4240 434 4309 saltem
460 4235 592 4305 sortiter
623 4236 709 4303 mori
743 4238 832 4306 licet.
871 4239 934 4307 Est
967 4247 1083 4308 autem
1119 4242 1277 4311 solamen

194 4359 315 4427 mortis
336 4357 512 4442 eximium,
533 4357 620 4427 bene
637 4359 736 4427 mori.
757 4358 819 4428 Hic
837 4359 980 4429 remedii
1002 4359 1087 4430 nihil
1107 4382 1275 4453 prorsuS,

195 4477 348 4567 nihilque
382 4481 491 4549 solatii
526 4493 594 4563 est,
628 4483 836 4573 cumuloque
860 4482 968 4553 cladis
1002 4482 1161 4554 additum
1198 4486 1280 4558 mali
