2692 5024
396 687 490 736 nrssn
511 685 674 737 ssrrruus.
686 687 892 736 -urrsroul
913 688 944 736 11.
1151 674 1210 736 363

130 829 377 901 verisimilibus
397 834 605 904 coniecturis
625 855 809 927 assequor,
830 831 1049 926 septuaginta
1068 833 1125 902 vel
1145 830 1212 902 cir-

127 953 215 1023 citer
243 973 412 1024 annorum
446 956 595 1049 spatium
628 956 836 1028 intercessit.
863 954 1019 1046 Longius
1052 953 1211 1038 iarebur3

130 1074 193 1147 sed
213 1075 354 1146 nuntius
376 1085 458 1148 tuus
480 1079 645 1151 scribenti
666 1080 834 1163 imminet,
852 1089 888 1150 et
908 1077 1068 1169 singulos
1089 1075 1210 1147 calami

131 1207 261 1270 tractus
294 1212 399 1282 notat,
421 1205 645 1295 merulasque
677 1203 811 1276 medias
845 1201 998 1284 metitur,
1025 1208 1063 1271 ot
1087 1199 1211 1272 crebro

131 1322 256 1393 ostium
277 1325 474 1417 coelumque
494 1327 685 1418 respiciens
704 1326 866 1423 suspirat.
885 1326 1066 1405 Misereor,
1085 1344 1212 1416 exper-

132 1455 189 1515 tus
208 1445 292 1539 quid
317 1456 373 1516 est
391 1449 589 1540 expectatio
610 1449 806 1542 properanti
832 1449 970 1530 animo;
995 1455 1032 1519 et
1050 1455 1132 1518 ante
1150 1445 1213 1518 de-
1249 1449 1251 1452 ⁴

131 1567 294 1638 stinatum
315 1591 420 1659 cogor
439 1579 477 1641 ut
496 1570 609 1644 dicam
625 1598 632 1640 :
655 1572 884 1644 humilitatem
905 1592 993 1643 ama.
1012 1571 1106 1644 Vale.

633 1844 708 1856 ——nu

553 2057 731 2123 ullsloll
752 2059 796 2123 lll.

290 2251 481 2302 Fltlltclsclts
504 2253 672 2302 Pssrnnucn
695 2252 830 2301 soullllll
854 2253 913 2302 SUO
936 2254 962 2302 S.
985 2255 1012 2304 P.
1034 2253 1063 2302 Ι).

202 2437 242 2494 Dc
255 2439 385 2493 thesauro
398 2455 482 2510 quem
495 2455 525 2494 sc
538 2440 676 2495 invenisse
695 2456 745 2513 per
764 2441 904 2496 somnium
921 2441 973 2496 sibi
990 2441 1066 2497 visus
1084 2447 1140 2509 cst,

381 2528 455 2583 etde
469 2529 625 2585 divitiarum
639 2530 762 2601 periculo
776 2534 804 2584 ct
817 2531 963 2585 molestiis.

227 2777 409 2847 Hesternae
442 2776 552 2849 noctis
585 2778 758 2848 somnium
785 2780 931 2850 referam
957 2778 1027 2849 tibi.
1059 2779 1212 2852 Videbar

131 2898 227 2982 mihi,
251 2899 419 2970 incertum
442 2900 546 2981 unde,
570 2897 654 2968 nihil
674 2899 767 2970 enim
789 2902 858 2971 tale
878 2903 933 2971 vel
957 2901 1112 2993 cogitare
1132 2924 1210 2973 aum

130 3020 253 3093 solitus
285 3023 340 3091 vel
376 3021 483 3113 loqui,
520 3019 676 3105 videbar,
712 3021 869 3112 inquam,
904 3022 938 3092 in
970 3025 1083 3112 agello
1115 3044 1207 3107 meo,

131 3166 236 3239 quem
257 3143 302 3214 ad
322 3143 450 3214 iontem
476 3143 609 3233 Surgiae
635 3141 764 3226 habeo,
790 3143 993 3214 thesaurum
1018 3145 1208 3228 invenisse,

131 3275 280 3346 monetae
307 3274 520 3358 pervetustae
547 3286 664 3337 auroae
688 3287 757 3336 non
785 3264 995 3336 mediocrem
1020 3269 1208 3338 cumulum.

132 3388 206 3458 Una
239 3387 473 3482 spatiabamur
500 3387 578 3470 soli,
607 3397 645 3459 ut
668 3397 787 3458 noster
819 3398 874 3459 est
908 3410 994 3461 mos.
1022 3390 1070 3460 Te
1093 3389 1209 3482 itaque

130 3512 309 3582 confestim
330 3531 497 3596 evocans,
520 3510 630 3602 digito
652 3532 724 3581 rem
748 3510 916 3602 designo:
938 3511 1074 3595 ambos,
1097 3523 1136 3582 ut
1156 3509 1207 3590 fit,

131 3633 297 3725 gaudium
320 3642 508 3727 stuporque
532 3632 714 3708 defixerat.
741 3633 826 3706 Mihi
857 3633 998 3727 quidem
1033 3645 1071 3705 ut
1098 3656 1208 3718 eram,

132 3755 271 3827 memini
297 3756 404 3840 enim,
427 3758 633 3829 occurrebat
656 3757 739 3828 illud
764 3754 910 3828 Annaei:
945 3785 961 3821 n
994 3755 1097 3826 Vitare
1121 3778 1211 3846 pum-

133 3899 270 3968 cumque
285 3884 383 3973 culpo
401 3883 547 3974 placent,
565 3903 637 3972 quoe
654 3883 767 3952 tribuit
787 3900 904 3962 cosus;
920 3877 964 3948 od
979 3901 1074 3949 omne
1090 3881 1212 3969 fortui-

134 4013 203 4071 tum
225 4002 343 4072 bonum
362 4005 532 4096 suspiciosi
559 4014 590 4073 et
611 4002 728 4097 pauidi
754 4002 914 4073 subsistite
927 4025 938 4082 ;
964 4013 995 4070 ct
1012 4005 1135 4091 feruet
1154 4004 1210 4095 pi-

130 4127 193 4195 scis
212 4148 268 4218 spe
288 4127 400 4217 aliquo
419 4128 596 4195 oblectante
621 4125 791 4219 decipitur.
820 4123 961 4193 diunern
981 4126 1046 4194 tiu
1066 4127 1210 4213 fortuna

131 4271 205 4340 quoe
226 4252 363 4343 putatis,
390 4247 517 4319 insidiae
548 4262 635 4319 sunt.
663 4277 677 4313 s
701 4250 750 4319 De
770 4248 837 4320 hoc
852 4270 937 4339 ergo
960 4250 1206 4332 consultantes,

133 4393 321 4467 parumper
351 4371 603 4453 haesitavimus,
631 4371 701 4442 laeti
726 4370 931 4466 trepidique.
957 4370 1048 4454 Quid
1080 4373 1209 4442 multa?

133 4495 269 4568 Ultimae
294 4494 439 4567 insanias
464 4494 578 4567 visum
605 4503 678 4580 est,
704 4492 799 4589 quod
824 4515 887 4589 por
907 4505 1019 4569 terras
1037 4516 1079 4570 ac
1099 4495 1209 4568 marla
