2692 5024
388 609 481 659 urana
502 610 632 661 sexsus.
645 610 847 660 ——nrrsrona
870 612 912 660 nr.
1129 601 1182 663 321

108 761 259 854 quinque
280 780 390 830 annos
409 758 614 854 supervixit,
644 781 760 831 seram
785 763 998 854 voluptatem
1025 764 1209 859 suiope

107 884 156 954 ris
179 891 420 977 percepturus
447 881 588 953 Homeri
613 904 682 954 nou
708 894 840 956 tantum
867 895 1094 973 senectutem,
1123 890 1187 963 sed

105 1018 141 1078 et
158 1007 337 1077 oculorum
362 1005 552 1077 caecitatem
579 1009 667 1099 lego.
686 1008 768 1093 Sed,
796 1031 841 1080 an
868 1020 1031 1082 senectus
1056 1034 1100 1083 an
1120 1012 1187 1085 alia

105 1128 271 1201 caecitatis
288 1150 396 1201 causa
408 1129 461 1215 sit,
477 1108 664 1203 nescio'an
678 1140 715 1202 tu
734 1131 876 1224 legeris;
897 1133 982 1202 mihi
1002 1133 1096 1205 enim
1117 1157 1186 1207 uon

106 1253 265 1325 occurrit.
287 1251 430 1335 Qualem
452 1264 583 1338 autem,
611 1263 646 1325 et
666 1277 771 1348 quam
793 1256 977 1328 iucundam
1010 1257 1186 1330 credimus

37 1461 43 1472 ·
107 1373 321 1446 Homericam
356 1386 583 1459 senectutem,
604 1376 765 1448 omnibus
789 1378 863 1448 suis
883 1383 1134 1452 accumulatam
1151 1390 1187 1451 et

106 1499 307 1570 instructam
321 1499 430 1583 curis,
442 1522 590 1592 quarum
604 1522 726 1593 parvae
739 1500 905 1594 reliquiae,
920 1513 1000 1594 post
1013 1524 1184 1573 annorum

106 1621 219 1706 millia,
241 1632 334 1693 tanta
358 1644 414 1691 mo
439 1621 620 1694 dulcedine
654 1624 806 1696 afficiunt
838 1636 942 1718 atque
973 1625 1186 1718 perfundunt

107 1744 202 1839 (puto
227 1744 314 1817 idem
337 1745 412 1816 aliis
433 1744 613 1840 accidere),
641 1757 678 1817 ut
704 1771 797 1841 saepe
823 1771 979 1820 mearum
1006 1749 1186 1842 immemor

106 1890 282 1950 curarum,
301 1867 498 1962 oblitusque
519 1871 744 1965 praesentium
763 1873 946 1956 malorum,
976 1880 1068 1945 totus
1094 1872 1129 1942 in
1145 1872 1185 1942 il-

106 1990 172 2062 lius
192 1992 276 2063 caeci
302 1991 395 2062 senis
421 1993 601 2070 memoria
620 1996 885 2087 conquiescam?
911 1994 1109 2068 Carneades
1139 1997 1185 2068 ad

106 2115 385 2203 nonagesimum3
411 2114 594 2187 Cleanthes
615 2117 661 2188 ad
682 2116 1017 2199 undecentesimum
1038 2118 1183 2209 Gorgias

105 2237 295 2308 Leontinus
320 2237 364 2308 ad
397 2237 626 2308 centesimum
660 2262 700 2310 ac
732 2240 914 2332 septimum
946 2241 1030 2311 vitae
1055 2262 1184 2313 annum

108 2360 289 2452 tranquilla
307 2370 485 2431 senectute
506 2361 675 2453 pervenit.
690 2363 904 2459 Chrysippus
918 2385 1011 2436 nono
1025 2386 1065 2435 ac
1079 2363 1185 2455 trige-

107 2485 197 2555 simo
226 2505 316 2554 anno
347 2493 500 2577 coeptum
530 2484 606 2554 miri
631 2507 719 2578 opus
754 2487 939 2570 acuminis,
971 2485 1185 2578 octogesimo

107 2606 260 2679 moriens
278 2607 426 2701 reliquit.
448 2608 524 2689 Qua
540 2617 641 2679 aetate
660 2608 854 2680 Simonides
880 2609 914 2679 in
932 2610 1124 2681 carminum
1145 2630 1184 2681 se

107 2740 283 2801 certamen
309 2731 536 2802 descendisse
556 2742 813 2804 commemorat.
847 2732 959 2804 AEtate
983 2743 1185 2827 provectum

108 2854 279 2926 Socratem
301 2852 466 2945 legimus;
491 2862 527 2925 et
546 2854 617 2927 ibat
639 2855 797 2938 ulterius,
826 2855 892 2927 nisi
909 2864 1101 2926 venenatus
1122 2853 1185 2925 on

108 2977 253 3048 stitisset
267 2975 369 3048 calix.
391 2976 497 3047 Cuius
519 2978 807 3071 praeclarissimus
825 2979 880 3048 ille
897 2977 1088 3071 discipulus
1100 2978 1185 3061 Pla<

32 3082 37 3094 ⁹
107 3110 153 3186 to,
177 3124 245 3172 uno
265 3109 300 3170 et
320 3098 494 3192 octoginta
512 3099 611 3170 annis
635 3100 799 3193 expletis
822 3098 944 3170 eodem
965 3100 1040 3192 ipso
1060 3097 1184 3169 natalis

105 3226 160 3297 sui
180 3223 236 3295 die
258 3223 355 3307 obiit;
382 3233 418 3293 et
437 3224 472 3293 in
491 3245 533 3295 eo
551 3222 638 3315 ipso,
657 3223 712 3295 cui
736 3222 933 3294 diutissime
953 3221 1106 3294 animum
1132 3221 1185 3293 in-

106 3348 274 3431 tenderat,
297 3346 464 3418 exercitio
489 3345 690 3416 litterarum.
713 3345 820 3416 Cuius
840 3345 1031 3439 discipulus
1051 3341 1184 3418 Aristo

107 3474 193 3543 tetes
206 3471 344 3543 nonnisi
357 3471 401 3543 ad
414 3469 553 3543 tertium
567 3479 602 3548 et
616 3468 876 3561 sexagesimum
893 3469 1057 3554 accessit,
1079 3490 1183 3564 quem

106 3591 337 3684 periculosum
359 3615 542 3664 numerum
563 3612 745 3676 annorum,
768 3589 968 3662 ethumano
989 3589 1109 3682 generi
1126 3592 1183 3660 vel

107 3724 217 3787 morte
242 3718 299 3786 vel
332 3716 459 3808 insigni
478 3714 672 3817 calamitate
695 3713 882 3785 terribilem
908 3716 1036 3794 lerunt;
1062 3720 1098 3782 et
1122 3733 1184 3782 cur

106 3836 153 3910 ita
165 3839 224 3923 sit,
240 3839 391 3910 rationes
404 3836 561 3933 quidam,
581 3837 638 3909 alii
654 3836 932 3909 observationem
951 3834 1060 3905 solam
1076 3854 1184 3925 expe-

105 3962 240 4033 rientiae
260 3961 424 4055 longioris
446 3962 603 4032 afferunt.
626 3960 817 4053 Utrumque
840 3980 931 4042 sane,
952 3956 1037 4050 quid
1056 3954 1183 4027 virium

105 4083 248 4169 haheat,
271 4086 337 4179 ipsi
363 4086 421 4177 qui
449 4086 594 4156 attulere
612 4082 813 4156 discutiant:
834 4081 941 4164 hunc,
962 4079 992 4150 si
1011 4099 1095 4149 vera
1111 4099 1184 4150 me·

104 4220 253 4294 morant,
276 4209 360 4280 vitea
374 4209 553 4300 scopulum
566 4206 730 4290 humanm
746 4226 792 4275 ne
812 4203 961 4275 transire
981 4210 1101 4297 posset
1120 4223 1183 4274 no

105 4343 180 4403 ster
200 4333 330 4411 Cicero,
355 4351 423 4399 non
442 4336 618 4399 senectute
640 4347 715 4413 sua,
740 4326 802 4399 sed
822 4325 959 4398 Antonii
985 4325 1116 4399 crudeli
1142 4348 1183 4399 ac

106 4455 235 4527 nelario
251 4452 414 4549 imperio,
435 4450 594 4524 effectum
620 4459 686 4523 est.
707 4451 753 4524 Et
777 4450 940 4547 quoniam
961 4450 1180 4539 adnostros,

261 4587 278 4626 r.
1027 4569 1056 4622 tt
