<?xml version="1.0" encoding="UTF-8"?>
<!DOCTYPE html PUBLIC "-//W3C//DTD XHTML 1.0 Transitional//EN"
    "http://www.w3.org/TR/xhtml1/DTD/xhtml1-transitional.dtd">
<html xmlns="http://www.w3.org/1999/xhtml" xml:lang="en" lang="en">
 <head>
  <title>
</title>
<meta http-equiv="Content-Type" content="text/html;charset=utf-8" />
  <meta name='ocr-system' content='tesseract 3.04.00' />
  <meta name='ocr-capabilities' content='ocr_page ocr_carea ocr_par ocr_line ocrx_word'/>
</head>
<body>
  <div class='ocr_page' id='page_1' title='image "./epistolaederebu00fracgoog_0224.png"; bbox 0 0 2692 5024; ppageno 0'>
   <div class='ocr_carea' id='block_1_1' title="bbox 336 688 1126 766">
    <p class='ocr_par' dir='ltr' id='par_1_1' title="bbox 336 688 1126 766">
     <span class='ocr_line' id='line_1_1' title="bbox 336 688 1126 766; baseline 0.005 -23"><span class='ocrx_word' id='word_1_1' title='bbox 336 695 427 744; x_wconf 80' lang='lat' dir='ltr'>arnna</span> <span class='ocrx_word' id='word_1_2' title='bbox 449 696 786 748; x_wconf 75' lang='lat' dir='ltr'>ramus-nnuman</span> <span class='ocrx_word' id='word_1_3' title='bbox 808 699 859 748; x_wconf 82' lang='lat' dir='ltr'>vii.</span> <span class='ocrx_word' id='word_1_4' title='bbox 930 752 937 766; x_wconf 61' lang='grc'><strong><em>,</em></strong></span> <span class='ocrx_word' id='word_1_5' title='bbox 1092 688 1126 747; x_wconf 81' lang='lat' dir='ltr'>nt</span> 
     </span>
    </p>
   </div>
   <div class='ocr_carea' id='block_1_2' title="bbox 56 839 1189 4613">
    <p class='ocr_par' dir='ltr' id='par_1_2' title="bbox 56 839 1189 4613">
     <span class='ocr_line' id='line_1_2' title="bbox 57 839 1131 939; baseline -0.002 -23"><span class='ocrx_word' id='word_1_6' title='bbox 57 842 234 939; x_wconf 87' lang='lat' dir='ltr'>possibilia</span> <span class='ocrx_word' id='word_1_7' title='bbox 253 841 482 932; x_wconf 79' lang='lat' dir='ltr'><strong>negligamus.</strong></span> <span class='ocrx_word' id='word_1_8' title='bbox 503 841 637 913; x_wconf 82' lang='lat' dir='ltr'><strong>Dictum</strong></span> <span class='ocrx_word' id='word_1_9' title='bbox 654 841 773 927; x_wconf 88' lang='lat' dir='ltr'>breve,</span> <span class='ocrx_word' id='word_1_10' title='bbox 794 841 857 913; x_wconf 88' lang='lat' dir='ltr'>sed</span> <span class='ocrx_word' id='word_1_11' title='bbox 878 842 958 914; x_wconf 88' lang='lat' dir='ltr'>utile</span> <span class='ocrx_word' id='word_1_12' title='bbox 978 839 1058 936; x_wconf 77' lang='lat' dir='ltr'>(nisi</span> <span class='ocrx_word' id='word_1_13' title='bbox 1070 845 1131 914; x_wconf 86' lang='lat' dir='ltr'>ial-</span> 
     </span>
     <span class='ocr_line' id='line_1_3' title="bbox 57 964 1129 1063; baseline 0 -25"><span class='ocrx_word' id='word_1_14' title='bbox 57 967 118 1063; x_wconf 78' lang='lat' dir='ltr'>lor)</span> <span class='ocrx_word' id='word_1_15' title='bbox 138 977 175 1039; x_wconf 90' lang='lat' dir='ltr'>et</span> <span class='ocrx_word' id='word_1_16' title='bbox 199 964 422 1037; x_wconf 85' lang='lat' dir='ltr'>memorabile</span> <span class='ocrx_word' id='word_1_17' title='bbox 447 965 608 1049; x_wconf 83' lang='lat' dir='ltr'>inseram,</span> <span class='ocrx_word' id='word_1_18' title='bbox 636 966 731 1059; x_wconf 89' lang='lat' dir='ltr'>quod</span> <span class='ocrx_word' id='word_1_19' title='bbox 755 964 846 1060; x_wconf 93' lang='lat' dir='ltr'>apud</span> <span class='ocrx_word' id='word_1_20' title='bbox 872 965 1129 1053; x_wconf 82' lang='lat' dir='ltr'>Quintilianum,</span> 
     </span>
     <span class='ocr_line' id='line_1_4' title="bbox 58 1086 1133 1182; baseline -0.005 -18"><span class='ocrx_word' id='word_1_21' title='bbox 58 1089 296 1164; x_wconf 87' lang='lat' dir='ltr'>acutissimum</span> <span class='ocrx_word' id='word_1_22' title='bbox 307 1086 431 1174; x_wconf 87' lang='lat' dir='ltr'>virum,</span> <span class='ocrx_word' id='word_1_23' title='bbox 445 1088 529 1179; x_wconf 80' lang='lat' dir='ltr'>legi:</span> <span class='ocrx_word' id='word_1_24' title='bbox 542 1089 810 1182; x_wconf 90' lang='lat' dir='ltr'>quodquoniam</span> <span class='ocrx_word' id='word_1_25' title='bbox 824 1088 977 1160; x_wconf 88' lang='lat' dir='ltr'>breviter</span> <span class='ocrx_word' id='word_1_26' title='bbox 989 1111 1030 1160; x_wconf 87' lang='lat' dir='ltr'>ao</span> <span class='ocrx_word' id='word_1_27' title='bbox 1043 1088 1133 1160; x_wconf 93' lang='lat' dir='ltr'>dilu-</span> 
     </span>
     <span class='ocr_line' id='line_1_5' title="bbox 58 1210 1129 1304; baseline -0.005 -20"><span class='ocrx_word' id='word_1_28' title='bbox 58 1212 132 1285; x_wconf 87' lang='lat' dir='ltr'>cide</span> <span class='ocrx_word' id='word_1_29' title='bbox 152 1213 198 1284; x_wconf 90' lang='lat' dir='ltr'>ab</span> <span class='ocrx_word' id='word_1_30' title='bbox 213 1211 337 1283; x_wconf 88' lang='lat' dir='ltr'>eodem</span> <span class='ocrx_word' id='word_1_31' title='bbox 358 1210 523 1304; x_wconf 82' lang='lat' dir='ltr'>scripturn</span> <span class='ocrx_word' id='word_1_32' title='bbox 544 1222 632 1297; x_wconf 89' lang='lat' dir='ltr'>erat,</span> <span class='ocrx_word' id='word_1_33' title='bbox 655 1222 789 1284; x_wconf 87' lang='lat' dir='ltr'>mutare</span> <span class='ocrx_word' id='word_1_34' title='bbox 809 1213 917 1287; x_wconf 85' lang='lat' dir='ltr'>verba</span> <span class='ocrx_word' id='word_1_35' title='bbox 935 1235 1005 1285; x_wconf 93' lang='lat' dir='ltr'>non</span> <span class='ocrx_word' id='word_1_36' title='bbox 1022 1210 1129 1282; x_wconf 89' lang='lat' dir='ltr'>libuit.</span> 
     </span>
     <span class='ocr_line' id='line_1_6' title="bbox 57 1332 1133 1427; baseline -0.007 -18"><span class='ocrx_word' id='word_1_37' title='bbox 57 1336 183 1408; x_wconf 76' lang='lat' dir='ltr'>Accidit</span> <span class='ocrx_word' id='word_1_38' title='bbox 203 1337 307 1420; x_wconf 89' lang='lat' dir='ltr'>enim,</span> <span class='ocrx_word' id='word_1_39' title='bbox 328 1332 450 1427; x_wconf 89' lang='lat' dir='ltr'>inquit,</span> <span class='ocrx_word' id='word_1_40' title='bbox 469 1337 567 1405; x_wconf 88' lang='lat' dir='ltr'>etiam</span> <span class='ocrx_word' id='word_1_41' title='bbox 586 1335 765 1427; x_wconf 64' lang='lat' dir='ltr'>ingeniosis</span> <span class='ocrx_word' id='word_1_42' title='bbox 789 1335 1043 1407; x_wconf 64' lang='lat' dir='ltr'>adolescentibus</span> <span class='ocrx_word' id='word_1_43' title='bbox 1065 1337 1133 1425; x_wconf 77' lang='lat' dir='ltr'>sre-</span> 
     </span>
     <span class='ocr_line' id='line_1_7' title="bbox 56 1456 1132 1552; baseline -0.004 -22"><span class='ocrx_word' id='word_1_44' title='bbox 56 1471 202 1552; x_wconf 81' lang='lat' dir='ltr'>quenter,</span> <span class='ocrx_word' id='word_1_45' title='bbox 219 1469 256 1530; x_wconf 92' lang='lat' dir='ltr'>ut</span> <span class='ocrx_word' id='word_1_46' title='bbox 275 1459 383 1529; x_wconf 84' lang='lat' dir='ltr'>labore</span> <span class='ocrx_word' id='word_1_47' title='bbox 403 1470 653 1544; x_wconf 85' lang='lat' dir='ltr'>consumantur,</span> <span class='ocrx_word' id='word_1_48' title='bbox 672 1469 704 1529; x_wconf 88' lang='lat' dir='ltr'>ct</span> <span class='ocrx_word' id='word_1_49' title='bbox 719 1459 756 1529; x_wconf 89' lang='lat' dir='ltr'>in</span> <span class='ocrx_word' id='word_1_50' title='bbox 776 1461 944 1531; x_wconf 85' lang='lat' dir='ltr'>silentium</span> <span class='ocrx_word' id='word_1_51' title='bbox 964 1480 1064 1552; x_wconf 78' lang='lat' dir='ltr'>suque</span> <span class='ocrx_word' id='word_1_52' title='bbox 1077 1456 1132 1526; x_wconf 91' lang='lat' dir='ltr'>de·</span> 
     </span>
     <span class='ocr_line' id='line_1_8' title="bbox 57 1562 1132 1674; baseline -0.003 -23"><span class='ocrx_word' id='word_1_53' title='bbox 57 1579 225 1664; x_wconf 85' lang='lat' dir='ltr'>scendunt,</span> <span class='ocrx_word' id='word_1_54' title='bbox 247 1579 354 1650; x_wconf 89' lang='lat' dir='ltr'>nimia</span> <span class='ocrx_word' id='word_1_55' title='bbox 374 1580 453 1649; x_wconf 77' lang='lat' dir='ltr'>liene</span> <span class='ocrx_word' id='word_1_56' title='bbox 472 1562 604 1649; x_wconf 84' lang='lat' dir='ltr'>dicendi</span> <span class='ocrx_word' id='word_1_57' title='bbox 622 1578 809 1674; x_wconf 86' lang='lat' dir='ltr'>cupiditate.</span> <span class='ocrx_word' id='word_1_58' title='bbox 840 1580 916 1670; x_wconf 87' lang='lat' dir='ltr'>Oua</span> <span class='ocrx_word' id='word_1_59' title='bbox 940 1580 978 1652; x_wconf 89' lang='lat' dir='ltr'>de</span> <span class='ocrx_word' id='word_1_60' title='bbox 1001 1604 1040 1652; x_wconf 87' lang='lat' dir='ltr'>re</span> <span class='ocrx_word' id='word_1_61' title='bbox 1063 1601 1132 1654; x_wconf 89' lang='lat' dir='ltr'>me-</span> 
     </span>
     <span class='ocr_line' id='line_1_9' title="bbox 57 1696 1131 1794; baseline 0.004 -20"><span class='ocrx_word' id='word_1_62' title='bbox 57 1703 304 1774; x_wconf 81' lang='lat' dir='ltr'>mininarrasse</span> <span class='ocrx_word' id='word_1_63' title='bbox 316 1699 529 1771; x_wconf 81' lang='lat' dir='ltr'>miltiIulium</span> <span class='ocrx_word' id='word_1_64' title='bbox 540 1696 730 1772; x_wconf 85' lang='lat' dir='ltr'>Secundum</span> <span class='ocrx_word' id='word_1_65' title='bbox 743 1703 837 1773; x_wconf 91' lang='lat' dir='ltr'>illum</span> <span class='ocrx_word' id='word_1_66' title='bbox 844 1705 1003 1794; x_wconf 80' lang='lat' dir='ltr'>equolam</span> <span class='ocrx_word' id='word_1_67' title='bbox 1011 1726 1131 1793; x_wconf 88' lang='lat' dir='ltr'>meum,</span> 
     </span>
     <span class='ocr_line' id='line_1_10' title="bbox 57 1822 1133 1921; baseline 0.005 -26"><span class='ocrx_word' id='word_1_68' title='bbox 57 1836 153 1918; x_wconf 77' lang='lat' dir='ltr'>atque</span> <span class='ocrx_word' id='word_1_69' title='bbox 172 1845 255 1894; x_wconf 87' lang='lat' dir='ltr'>ame</span> <span class='ocrx_word' id='word_1_70' title='bbox 272 1823 322 1918; x_wconf 90' lang='lat' dir='ltr'>(ut</span> <span class='ocrx_word' id='word_1_71' title='bbox 341 1834 456 1894; x_wconf 89' lang='lat' dir='ltr'>notum</span> <span class='ocrx_word' id='word_1_72' title='bbox 472 1822 533 1917; x_wconf 82' lang='lat' dir='ltr'>est)</span> <span class='ocrx_word' id='word_1_73' title='bbox 552 1825 763 1914; x_wconf 73' lang='lat' dir='ltr'>familiariter</span> <span class='ocrx_word' id='word_1_74' title='bbox 786 1837 948 1911; x_wconf 78' lang='lat' dir='ltr'>ammam,</span> <span class='ocrx_word' id='word_1_75' title='bbox 970 1829 1064 1898; x_wconf 87' lang='lat' dir='ltr'>miroe</span> <span class='ocrx_word' id='word_1_76' title='bbox 1081 1833 1133 1921; x_wconf 80' lang='lat' dir='ltr'>sa-</span> 
     </span>
     <span class='ocr_line' id='line_1_11' title="bbox 58 1946 1132 2044; baseline 0.003 -25"><span class='ocrx_word' id='word_1_77' title='bbox 58 1946 187 2019; x_wconf 86' lang='lat' dir='ltr'>cundioe</span> <span class='ocrx_word' id='word_1_78' title='bbox 206 1949 328 2031; x_wconf 85' lang='lat' dir='ltr'>airum,</span> <span class='ocrx_word' id='word_1_79' title='bbox 351 1947 491 2040; x_wconf 78' lang='lat' dir='ltr'>infinitae</span> <span class='ocrx_word' id='word_1_80' title='bbox 508 1959 618 2018; x_wconf 77' lang='lat' dir='ltr'>mmen</span> <span class='ocrx_word' id='word_1_81' title='bbox 638 1969 734 2033; x_wconf 83' lang='lat' dir='ltr'>ama,</span> <span class='ocrx_word' id='word_1_82' title='bbox 756 1948 834 2042; x_wconf 81' lang='lat' dir='ltr'>quid</span> <span class='ocrx_word' id='word_1_83' title='bbox 853 1959 933 2019; x_wconf 85' lang='lat' dir='ltr'>esset</span> <span class='ocrx_word' id='word_1_84' title='bbox 952 1952 1015 2021; x_wconf 79' lang='lat' dir='ltr'>sili</span> <span class='ocrx_word' id='word_1_85' title='bbox 1033 1975 1132 2044; x_wconf 86' lang='lat' dir='ltr'>apa-</span> 
     </span>
     <span class='ocr_line' id='line_1_12' title="bbox 58 2069 1134 2165; baseline 0.003 -24"><span class='ocrx_word' id='word_1_86' title='bbox 58 2081 132 2141; x_wconf 86' lang='lat' dir='ltr'>truo</span> <span class='ocrx_word' id='word_1_87' title='bbox 147 2091 206 2140; x_wconf 86' lang='lat' dir='ltr'>suo</span> <span class='ocrx_word' id='word_1_88' title='bbox 224 2069 355 2141; x_wconf 86' lang='lat' dir='ltr'>dietum.</span> <span class='ocrx_word' id='word_1_89' title='bbox 374 2069 408 2140; x_wconf 85' lang='lat' dir='ltr'>Is</span> <span class='ocrx_word' id='word_1_90' title='bbox 421 2070 485 2163; x_wconf 79' lang='lat' dir='ltr'>suit</span> <span class='ocrx_word' id='word_1_91' title='bbox 498 2069 604 2142; x_wconf 85' lang='lat' dir='ltr'>Iulius</span> <span class='ocrx_word' id='word_1_92' title='bbox 616 2070 737 2142; x_wconf 86' lang='lat' dir='ltr'>Florus</span> <span class='ocrx_word' id='word_1_93' title='bbox 752 2074 790 2142; x_wconf 86' lang='lat' dir='ltr'>in</span> <span class='ocrx_word' id='word_1_94' title='bbox 807 2073 990 2165; x_wconf 70' lang='lat' dir='ltr'>eloquentia</span> <span class='ocrx_word' id='word_1_95' title='bbox 1006 2069 1134 2144; x_wconf 87' lang='lat' dir='ltr'>Gallia-</span> 
     </span>
     <span class='ocr_line' id='line_1_13' title="bbox 56 2191 1132 2288; baseline 0.007 -27"><span class='ocrx_word' id='word_1_96' title='bbox 56 2215 131 2262; x_wconf 87' lang='lat' dir='ltr'>rum</span> <span class='ocrx_word' id='word_1_97' title='bbox 151 2191 319 2287; x_wconf 74' lang='lat' dir='ltr'>(pamniam</span> <span class='ocrx_word' id='word_1_98' title='bbox 335 2195 382 2263; x_wconf 79' lang='lat' dir='ltr'>ilai</span> <span class='ocrx_word' id='word_1_99' title='bbox 393 2192 523 2263; x_wconf 89' lang='lat' dir='ltr'>demum</span> <span class='ocrx_word' id='word_1_100' title='bbox 536 2196 685 2264; x_wconf 83' lang='lat' dir='ltr'>eoaercua&#39;t</span> <span class='ocrx_word' id='word_1_101' title='bbox 702 2193 786 2287; x_wconf 84' lang='lat' dir='ltr'>eant)</span> <span class='ocrx_word' id='word_1_102' title='bbox 800 2196 969 2288; x_wconf 87' lang='lat' dir='ltr'>princeps,</span> <span class='ocrx_word' id='word_1_103' title='bbox 984 2198 1132 2287; x_wconf 82' lang='lat' dir='ltr'>alioquin</span> 
     </span>
     <span class='ocr_line' id='line_1_14' title="bbox 57 2314 1133 2410; baseline 0.004 -26"><span class='ocrx_word' id='word_1_104' title='bbox 57 2317 144 2385; x_wconf 88' lang='lat' dir='ltr'>inter</span> <span class='ocrx_word' id='word_1_105' title='bbox 158 2336 283 2408; x_wconf 85' lang='lat' dir='ltr'>paucos</span> <span class='ocrx_word' id='word_1_106' title='bbox 298 2314 449 2400; x_wconf 75' lang='lat' dir='ltr'>ducatus,</span> <span class='ocrx_word' id='word_1_107' title='bbox 465 2327 496 2387; x_wconf 92' lang='lat' dir='ltr'>et</span> <span class='ocrx_word' id='word_1_108' title='bbox 512 2314 631 2406; x_wconf 70' lang='lat' dir='ltr'>dianus</span> <span class='ocrx_word' id='word_1_109' title='bbox 643 2317 702 2386; x_wconf 88' lang='lat' dir='ltr'>illa</span> <span class='ocrx_word' id='word_1_110' title='bbox 715 2318 968 2410; x_wconf 75' lang='lat' dir='ltr'>propinquitate.</span> <span class='ocrx_word' id='word_1_111' title='bbox 983 2317 1017 2387; x_wconf 81' lang='lat' dir='ltr'>ls</span> <span class='ocrx_word' id='word_1_112' title='bbox 1033 2340 1133 2409; x_wconf 84' lang='lat' dir='ltr'>quum</span> 
     </span>
     <span class='ocr_line' id='line_1_15' title="bbox 61 2435 1133 2534; baseline 0.002 -25"><span class='ocrx_word' id='word_1_113' title='bbox 61 2435 260 2522; x_wconf 85' lang='lat' dir='ltr'>Secundum,</span> <span class='ocrx_word' id='word_1_114' title='bbox 278 2439 392 2510; x_wconf 81' lang='lat' dir='ltr'>sclola</span> <span class='ocrx_word' id='word_1_115' title='bbox 409 2437 514 2509; x_wconf 77' lang='lat' dir='ltr'>adlato</span> <span class='ocrx_word' id='word_1_116' title='bbox 531 2462 664 2533; x_wconf 83' lang='lat' dir='ltr'>operam</span> <span class='ocrx_word' id='word_1_117' title='bbox 681 2439 823 2524; x_wconf 82' lang='lat' dir='ltr'>dantem</span> <span class='ocrx_word' id='word_1_118' title='bbox 843 2442 967 2511; x_wconf 85' lang='lat' dir='ltr'>tristem</span> <span class='ocrx_word' id='word_1_119' title='bbox 982 2446 1065 2534; x_wconf 79' lang='lat' dir='ltr'>sorte</span> <span class='ocrx_word' id='word_1_120' title='bbox 1081 2443 1133 2512; x_wconf 85' lang='lat' dir='ltr'>oi-</span> 
     </span>
     <span class='ocr_line' id='line_1_16' title="bbox 57 2555 1133 2648; baseline 0.003 -23"><span class='ocrx_word' id='word_1_121' title='bbox 57 2555 161 2640; x_wconf 82' lang='lat' dir='ltr'>disset,</span> <span class='ocrx_word' id='word_1_122' title='bbox 176 2556 390 2648; x_wconf 77' lang='lat' dir='ltr'>interropaoit</span> <span class='ocrx_word' id='word_1_123' title='bbox 410 2579 481 2648; x_wconf 77' lang='lat' dir='ltr'>quae</span> <span class='ocrx_word' id='word_1_124' title='bbox 497 2564 596 2626; x_wconf 78' lang='lat' dir='ltr'>carna</span> <span class='ocrx_word' id='word_1_125' title='bbox 611 2560 730 2648; x_wconf 76' lang='lat' dir='ltr'>frontis</span> <span class='ocrx_word' id='word_1_126' title='bbox 744 2569 809 2628; x_wconf 90' lang='lat' dir='ltr'>tam</span> <span class='ocrx_word' id='word_1_127' title='bbox 824 2556 981 2641; x_wconf 83' lang='lat' dir='ltr'>obductoe;</span> <span class='ocrx_word' id='word_1_128' title='bbox 996 2579 1055 2628; x_wconf 87' lang='lat' dir='ltr'>nec</span> <span class='ocrx_word' id='word_1_129' title='bbox 1068 2557 1133 2629; x_wconf 87' lang='lat' dir='ltr'>dis-</span> 
     </span>
     <span class='ocr_line' id='line_1_17' title="bbox 57 2675 1136 2772; baseline 0.005 -26"><span class='ocrx_word' id='word_1_130' title='bbox 57 2678 224 2749; x_wconf 87' lang='lat' dir='ltr'>simulauit</span> <span class='ocrx_word' id='word_1_131' title='bbox 243 2675 426 2748; x_wconf 79' lang='lat' dir='ltr'>adolescens</span> <span class='ocrx_word' id='word_1_132' title='bbox 444 2678 576 2748; x_wconf 85' lang='lat' dir='ltr'>tertium</span> <span class='ocrx_word' id='word_1_133' title='bbox 596 2680 663 2749; x_wconf 83' lang='lat' dir='ltr'>iam</span> <span class='ocrx_word' id='word_1_134' title='bbox 679 2677 765 2750; x_wconf 87' lang='lat' dir='ltr'>diem</span> <span class='ocrx_word' id='word_1_135' title='bbox 785 2701 860 2764; x_wconf 86' lang='lat' dir='ltr'>esse,</span> <span class='ocrx_word' id='word_1_136' title='bbox 882 2703 928 2750; x_wconf 81' lang='lat' dir='ltr'>ea</span> <span class='ocrx_word' id='word_1_137' title='bbox 948 2703 1020 2772; x_wconf 84' lang='lat' dir='ltr'>quo,</span> <span class='ocrx_word' id='word_1_138' title='bbox 1043 2681 1136 2752; x_wconf 85' lang='lat' dir='ltr'>omni</span> 
     </span>
     <span class='ocr_line' id='line_1_18' title="bbox 60 2798 1134 2886; baseline 0.007 -18"><span class='ocrx_word' id='word_1_139' title='bbox 60 2802 181 2886; x_wconf 83' lang='lat' dir='ltr'>labore,</span> <span class='ocrx_word' id='word_1_140' title='bbox 206 2800 355 2870; x_wconf 79' lang='lat' dir='ltr'>materia</span> <span class='ocrx_word' id='word_1_141' title='bbox 386 2798 429 2870; x_wconf 86' lang='lat' dir='ltr'>ad</span> <span class='ocrx_word' id='word_1_142' title='bbox 452 2799 657 2872; x_wconf 84' lang='lat' dir='ltr'>scribendam</span> <span class='ocrx_word' id='word_1_143' title='bbox 682 2801 851 2874; x_wconf 81' lang='lat' dir='ltr'>destinate</span> <span class='ocrx_word' id='word_1_144' title='bbox 875 2826 942 2875; x_wconf 90' lang='lat' dir='ltr'>non</span> <span class='ocrx_word' id='word_1_145' title='bbox 968 2806 1134 2876; x_wconf 86' lang='lat' dir='ltr'>inueniret</span> 
     </span>
     <span class='ocr_line' id='line_1_19' title="bbox 59 2921 1134 3019; baseline 0.006 -27"><span class='ocrx_word' id='word_1_146' title='bbox 59 2921 244 3008; x_wconf 62' lang='lat' dir='ltr'>exordium</span> <span class='ocrx_word' id='word_1_147' title='bbox 264 2946 326 3018; x_wconf 81' lang='lat' dir='ltr'>quo</span> <span class='ocrx_word' id='word_1_148' title='bbox 346 2922 410 3009; x_wconf 80' lang='lat' dir='ltr'>sibi</span> <span class='ocrx_word' id='word_1_149' title='bbox 426 2946 493 2995; x_wconf 86' lang='lat' dir='ltr'>uon</span> <span class='ocrx_word' id='word_1_150' title='bbox 508 2946 656 3019; x_wconf 87' lang='lat' dir='ltr'>proesens</span> <span class='ocrx_word' id='word_1_151' title='bbox 674 2937 801 2996; x_wconf 90' lang='lat' dir='ltr'>tantum</span> <span class='ocrx_word' id='word_1_152' title='bbox 821 2925 925 3013; x_wconf 89' lang='lat' dir='ltr'>dolor,</span> <span class='ocrx_word' id='word_1_153' title='bbox 953 2924 1009 2997; x_wconf 85' lang='lat' dir='ltr'>sed</span> <span class='ocrx_word' id='word_1_154' title='bbox 1036 2929 1134 2998; x_wconf 82' lang='lat' dir='ltr'>etiam</span> 
     </span>
     <span class='ocr_line' id='line_1_20' title="bbox 57 3034 1135 3142; baseline 0.002 -27"><span class='ocrx_word' id='word_1_155' title='bbox 57 3034 292 3142; x_wconf 47' lang='lat' dir='ltr'>desperatio&#39;in</span> <span class='ocrx_word' id='word_1_156' title='bbox 307 3058 475 3142; x_wconf 86' lang='lat' dir='ltr'>posterum</span> <span class='ocrx_word' id='word_1_157' title='bbox 493 3049 594 3142; x_wconf 78' lang='lat' dir='ltr'>fieret.</span> <span class='ocrx_word' id='word_1_158' title='bbox 620 3048 701 3119; x_wconf 86' lang='lat' dir='ltr'>Tam</span> <span class='ocrx_word' id='word_1_159' title='bbox 713 3048 834 3120; x_wconf 80' lang='lat' dir='ltr'>Floria</span> <span class='ocrx_word' id='word_1_160' title='bbox 846 3047 1014 3120; x_wconf 59' lang='lat' dir='ltr'>eradens:</span> <span class='ocrx_word' id='word_1_161' title='bbox 1028 3048 1135 3118; x_wconf 91' lang='lat' dir='ltr'>Num-</span> 
     </span>
     <span class='ocr_line' id='line_1_21' title="bbox 57 3154 1189 3260; baseline 0.002 -27"><span class='ocrx_word' id='word_1_162' title='bbox 57 3162 135 3257; x_wconf 77' lang='lat' dir='ltr'>quid</span> <span class='ocrx_word' id='word_1_163' title='bbox 154 3175 202 3249; x_wconf 87' lang='lat' dir='ltr'>tu,</span> <span class='ocrx_word' id='word_1_164' title='bbox 223 3165 344 3257; x_wconf 84' lang='lat' dir='ltr'>inquit,</span> <span class='ocrx_word' id='word_1_165' title='bbox 365 3168 480 3235; x_wconf 86' lang='lat' dir='ltr'>melius</span> <span class='ocrx_word' id='word_1_166' title='bbox 501 3164 608 3236; x_wconf 87' lang='lat' dir='ltr'>dicere</span> <span class='ocrx_word' id='word_1_167' title='bbox 624 3168 675 3236; x_wconf 86' lang='lat' dir='ltr'>uis</span> <span class='ocrx_word' id='word_1_168' title='bbox 694 3189 792 3258; x_wconf 90' lang='lat' dir='ltr'>quam</span> <span class='ocrx_word' id='word_1_169' title='bbox 803 3167 917 3260; x_wconf 86' lang='lat' dir='ltr'>potes?</span> <span class='ocrx_word' id='word_1_170' title='bbox 936 3168 1007 3238; x_wconf 91' lang='lat' dir='ltr'>Hoe</span> <span class='ocrx_word' id='word_1_171' title='bbox 1019 3166 1134 3260; x_wconf 85' lang='lat' dir='ltr'>nepoti</span> <span class='ocrx_word' id='word_1_172' title='bbox 1184 3154 1189 3162; x_wconf 74' lang='grc'><strong>’</strong></span> 
     </span>
     <span class='ocr_line' id='line_1_22' title="bbox 59 3287 1131 3376; baseline 0.003 -19"><span class='ocrx_word' id='word_1_173' title='bbox 59 3309 123 3359; x_wconf 91' lang='lat' dir='ltr'>suo</span> <span class='ocrx_word' id='word_1_174' title='bbox 154 3288 289 3360; x_wconf 85' lang='lat' dir='ltr'>Florus.</span> <span class='ocrx_word' id='word_1_175' title='bbox 322 3287 554 3371; x_wconf 83' lang='lat' dir='ltr'>Quintilianus</span> <span class='ocrx_word' id='word_1_176' title='bbox 583 3299 697 3361; x_wconf 83' lang='lat' dir='ltr'>auten</span> <span class='ocrx_word' id='word_1_177' title='bbox 723 3287 837 3376; x_wconf 87' lang='lat' dir='ltr'>nobis,</span> <span class='ocrx_word' id='word_1_178' title='bbox 863 3289 932 3362; x_wconf 90' lang='lat' dir='ltr'>imo</span> <span class='ocrx_word' id='word_1_179' title='bbox 956 3287 1131 3374; x_wconf 79' lang='lat' dir='ltr'>omnibuS‚</span> 
     </span>
     <span class='ocr_line' id='line_1_23' title="bbox 60 3409 1135 3508; baseline 0.005 -29"><span class='ocrx_word' id='word_1_180' title='bbox 60 3419 119 3494; x_wconf 79' lang='lat' dir='ltr'>ita,</span> <span class='ocrx_word' id='word_1_181' title='bbox 142 3409 267 3502; x_wconf 84' lang='lat' dir='ltr'>iuquit,</span> <span class='ocrx_word' id='word_1_182' title='bbox 287 3431 321 3480; x_wconf 86' lang='lat' dir='ltr'>sc</span> <span class='ocrx_word' id='word_1_183' title='bbox 345 3433 397 3481; x_wconf 88' lang='lat' dir='ltr'>res</span> <span class='ocrx_word' id='word_1_184' title='bbox 421 3413 524 3483; x_wconf 82' lang='lat' dir='ltr'>labet.</span> <span class='ocrx_word' id='word_1_185' title='bbox 555 3409 748 3483; x_wconf 82' lang='lat' dir='ltr'>Curandum</span> <span class='ocrx_word' id='word_1_186' title='bbox 773 3423 819 3483; x_wconf 82' lang='lat' dir='ltr'>est</span> <span class='ocrx_word' id='word_1_187' title='bbox 838 3425 874 3484; x_wconf 91' lang='lat' dir='ltr'>ut</span> <span class='ocrx_word' id='word_1_188' title='bbox 894 3437 992 3505; x_wconf 81' lang='lat' dir='ltr'>quam</span> <span class='ocrx_word' id='word_1_189' title='bbox 1016 3416 1135 3508; x_wconf 88' lang='lat' dir='ltr'>optime</span> 
     </span>
     <span class='ocr_line' id='line_1_24' title="bbox 58 3529 1133 3631; baseline 0.004 -30"><span class='ocrx_word' id='word_1_190' title='bbox 58 3532 220 3615; x_wconf 88' lang='lat' dir='ltr'>dicamus;</span> <span class='ocrx_word' id='word_1_191' title='bbox 232 3529 402 3604; x_wconf 70' lang='lat' dir='ltr'>dicundum</span> <span class='ocrx_word' id='word_1_192' title='bbox 419 3545 526 3605; x_wconf 87' lang='lat' dir='ltr'>tamen</span> <span class='ocrx_word' id='word_1_193' title='bbox 541 3559 602 3630; x_wconf 87' lang='lat' dir='ltr'>pro</span> <span class='ocrx_word' id='word_1_194' title='bbox 612 3538 771 3627; x_wconf 74' lang='lat' dir='ltr'>facultate</span> <span class='ocrx_word' id='word_1_195' title='bbox 776 3563 786 3620; x_wconf 90' lang='lat'><em>;</em></span> <span class='ocrx_word' id='word_1_196' title='bbox 800 3535 844 3606; x_wconf 87' lang='lat' dir='ltr'>ad</span> <span class='ocrx_word' id='word_1_197' title='bbox 852 3542 1034 3631; x_wconf 68' lang='lat' dir='ltr'>profectum</span> <span class='ocrx_word' id='word_1_198' title='bbox 1046 3539 1133 3607; x_wconf 82' lang='lat' dir='ltr'>enim</span> 
     </span>
     <span class='ocr_line' id='line_1_25' title="bbox 59 3654 1134 3752; baseline 0.002 -26"><span class='ocrx_word' id='word_1_199' title='bbox 59 3678 139 3748; x_wconf 89' lang='lat' dir='ltr'>opus</span> <span class='ocrx_word' id='word_1_200' title='bbox 159 3666 205 3726; x_wconf 89' lang='lat' dir='ltr'>est</span> <span class='ocrx_word' id='word_1_201' title='bbox 222 3654 343 3743; x_wconf 88' lang='lat' dir='ltr'>studio,</span> <span class='ocrx_word' id='word_1_202' title='bbox 365 3680 432 3728; x_wconf 89' lang='lat' dir='ltr'>non</span> <span class='ocrx_word' id='word_1_203' title='bbox 445 3657 684 3752; x_wconf 76' lang='lat' dir='ltr'>indipnatione.</span> <span class='ocrx_word' id='word_1_204' title='bbox 699 3661 799 3745; x_wconf 89' lang='lat' dir='ltr'>Quod</span> <span class='ocrx_word' id='word_1_205' title='bbox 811 3663 992 3734; x_wconf 89' lang='lat' dir='ltr'>eonsilium</span> <span class='ocrx_word' id='word_1_206' title='bbox 1005 3658 1050 3731; x_wconf 90' lang='lat' dir='ltr'>ab</span> <span class='ocrx_word' id='word_1_207' title='bbox 1063 3661 1134 3730; x_wconf 81' lang='lat' dir='ltr'>elo</span> 
     </span>
     <span class='ocr_line' id='line_1_26' title="bbox 60 3779 1132 3874; baseline -0.002 -25"><span class='ocrx_word' id='word_1_208' title='bbox 60 3782 200 3870; x_wconf 85' lang='lat' dir='ltr'>quentia</span> <span class='ocrx_word' id='word_1_209' title='bbox 219 3780 378 3852; x_wconf 87' lang='lat' dir='ltr'>adactus</span> <span class='ocrx_word' id='word_1_210' title='bbox 400 3781 486 3853; x_wconf 90' lang='lat' dir='ltr'>alios</span> <span class='ocrx_word' id='word_1_211' title='bbox 504 3781 586 3855; x_wconf 89' lang='lat' dir='ltr'>vitae</span> <span class='ocrx_word' id='word_1_212' title='bbox 603 3783 779 3855; x_wconf 90' lang='lat' dir='ltr'>hominum</span> <span class='ocrx_word' id='word_1_213' title='bbox 797 3781 1027 3874; x_wconf 82' lang='lat' dir='ltr'>multipliciter</span> <span class='ocrx_word' id='word_1_214' title='bbox 1043 3779 1132 3850; x_wconf 86' lang='lat' dir='ltr'>trahi</span> 
     </span>
     <span class='ocr_line' id='line_1_27' title="bbox 59 3903 1129 3998; baseline -0.001 -25"><span class='ocrx_word' id='word_1_215' title='bbox 59 3913 182 3994; x_wconf 83' lang='lat' dir='ltr'>potest.</span> <span class='ocrx_word' id='word_1_216' title='bbox 206 3904 274 3976; x_wconf 88' lang='lat' dir='ltr'>Sed</span> <span class='ocrx_word' id='word_1_217' title='bbox 293 3903 455 3996; x_wconf 88' lang='lat' dir='ltr'>quoniam</span> <span class='ocrx_word' id='word_1_218' title='bbox 473 3905 517 3977; x_wconf 88' lang='lat' dir='ltr'>de</span> <span class='ocrx_word' id='word_1_219' title='bbox 528 3906 666 3998; x_wconf 80' lang='lat' dir='ltr'>ingenio</span> <span class='ocrx_word' id='word_1_220' title='bbox 679 3906 907 3998; x_wconf 81' lang='lat' dir='ltr'>facundiaque</span> <span class='ocrx_word' id='word_1_221' title='bbox 921 3925 1033 3976; x_wconf 88' lang='lat' dir='ltr'>sermo</span> <span class='ocrx_word' id='word_1_222' title='bbox 1044 3912 1129 3985; x_wconf 87' lang='lat' dir='ltr'>arat,</span> 
     </span>
     <span class='ocr_line' id='line_1_28' title="bbox 60 4024 1133 4117; baseline 0 -24"><span class='ocrx_word' id='word_1_223' title='bbox 60 4024 242 4117; x_wconf 88' lang='lat' dir='ltr'>utriusque</span> <span class='ocrx_word' id='word_1_224' title='bbox 261 4027 325 4111; x_wconf 87' lang='lat' dir='ltr'>rei,</span> <span class='ocrx_word' id='word_1_225' title='bbox 348 4038 387 4098; x_wconf 93' lang='lat' dir='ltr'>ut</span> <span class='ocrx_word' id='word_1_226' title='bbox 411 4040 616 4100; x_wconf 87' lang='lat' dir='ltr'>caeterarum</span> <span class='ocrx_word' id='word_1_227' title='bbox 641 4027 806 4114; x_wconf 87' lang='lat' dir='ltr'>omniurn,</span> <span class='ocrx_word' id='word_1_228' title='bbox 833 4026 975 4097; x_wconf 85' lang='lat' dir='ltr'>divitiae</span> <span class='ocrx_word' id='word_1_229' title='bbox 994 4035 1029 4094; x_wconf 87' lang='lat' dir='ltr'>et</span> <span class='ocrx_word' id='word_1_230' title='bbox 1047 4044 1133 4115; x_wconf 90' lang='lat' dir='ltr'>pau-</span> 
     </span>
     <span class='ocr_line' id='line_1_29' title="bbox 58 4145 1133 4243; baseline -0.003 -25"><span class='ocrx_word' id='word_1_231' title='bbox 58 4158 176 4240; x_wconf 87' lang='lat' dir='ltr'>pertas</span> <span class='ocrx_word' id='word_1_232' title='bbox 197 4169 300 4243; x_wconf 84' lang='lat' dir='ltr'>aequo</span> <span class='ocrx_word' id='word_1_233' title='bbox 321 4150 435 4223; x_wconf 90' lang='lat' dir='ltr'>animo</span> <span class='ocrx_word' id='word_1_234' title='bbox 455 4150 617 4222; x_wconf 68' lang='lat' dir='ltr'>serendae.</span> <span class='ocrx_word' id='word_1_235' title='bbox 637 4151 788 4243; x_wconf 81' lang='lat' dir='ltr'>Siquam</span> <span class='ocrx_word' id='word_1_236' title='bbox 803 4159 969 4222; x_wconf 86' lang='lat' dir='ltr'>sanctam</span> <span class='ocrx_word' id='word_1_237' title='bbox 983 4145 1133 4236; x_wconf 82' lang='lat' dir='ltr'>benigno</span> 
     </span>
     <span class='ocr_line' id='line_1_30' title="bbox 59 4265 1132 4368; baseline 0 -28"><span class='ocrx_word' id='word_1_238' title='bbox 59 4271 186 4343; x_wconf 88' lang='lat' dir='ltr'>lumine</span> <span class='ocrx_word' id='word_1_239' title='bbox 203 4265 304 4345; x_wconf 87' lang='lat' dir='ltr'>astra</span> <span class='ocrx_word' id='word_1_240' title='bbox 315 4274 545 4368; x_wconf 86' lang='lat' dir='ltr'>respexerint,</span> <span class='ocrx_word' id='word_1_241' title='bbox 568 4283 605 4343; x_wconf 94' lang='lat' dir='ltr'>ut</span> <span class='ocrx_word' id='word_1_242' title='bbox 621 4272 696 4365; x_wconf 92' lang='lat' dir='ltr'>ipse</span> <span class='ocrx_word' id='word_1_243' title='bbox 712 4272 778 4345; x_wconf 88' lang='lat' dir='ltr'>sibi</span> <span class='ocrx_word' id='word_1_244' title='bbox 800 4272 873 4343; x_wconf 85' lang='lat' dir='ltr'>sine</span> <span class='ocrx_word' id='word_1_245' title='bbox 886 4279 1042 4341; x_wconf 85' lang='lat' dir='ltr'>externae</span> <span class='ocrx_word' id='word_1_246' title='bbox 1054 4266 1132 4362; x_wconf 91' lang='lat' dir='ltr'>opis</span> 
     </span>
     <span class='ocr_line' id='line_1_31' title="bbox 58 4389 1131 4489; baseline 0 -25"><span class='ocrx_word' id='word_1_247' title='bbox 58 4395 266 4468; x_wconf 89' lang='lat' dir='ltr'>adminiculo</span> <span class='ocrx_word' id='word_1_248' title='bbox 288 4395 373 4468; x_wconf 91' lang='lat' dir='ltr'>satis</span> <span class='ocrx_word' id='word_1_249' title='bbox 391 4396 447 4482; x_wconf 83' lang='lat' dir='ltr'>sit,</span> <span class='ocrx_word' id='word_1_250' title='bbox 470 4407 505 4469; x_wconf 88' lang='lat' dir='ltr'>ct</span> <span class='ocrx_word' id='word_1_251' title='bbox 524 4417 585 4489; x_wconf 91' lang='lat' dir='ltr'>per</span> <span class='ocrx_word' id='word_1_252' title='bbox 601 4415 639 4465; x_wconf 90' lang='lat' dir='ltr'>se</span> <span class='ocrx_word' id='word_1_253' title='bbox 659 4394 772 4489; x_wconf 91' lang='lat' dir='ltr'>ipsum</span> <span class='ocrx_word' id='word_1_254' title='bbox 789 4389 991 4483; x_wconf 80' lang='lat' dir='ltr'>magnificos</span> <span class='ocrx_word' id='word_1_255' title='bbox 1005 4410 1131 4465; x_wconf 84' lang='lat' dir='ltr'>sensus</span> 
     </span>
     <span class='ocr_line' id='line_1_32' title="bbox 58 4513 1132 4613; baseline -0.004 -21"><span class='ocrx_word' id='word_1_256' title='bbox 58 4519 168 4610; x_wconf 87' lang='lat' dir='ltr'>possit</span> <span class='ocrx_word' id='word_1_257' title='bbox 184 4518 398 4613; x_wconf 80' lang='lat' dir='ltr'>exprimere3</span> <span class='ocrx_word' id='word_1_258' title='bbox 418 4521 564 4593; x_wconf 88' lang='lat' dir='ltr'>multum</span> <span class='ocrx_word' id='word_1_259' title='bbox 584 4517 689 4591; x_wconf 87' lang='lat' dir='ltr'>habet</span> <span class='ocrx_word' id='word_1_260' title='bbox 703 4516 799 4612; x_wconf 89' lang='lat' dir='ltr'>quod</span> <span class='ocrx_word' id='word_1_261' title='bbox 813 4513 905 4588; x_wconf 93' lang='lat' dir='ltr'>dono</span> <span class='ocrx_word' id='word_1_262' title='bbox 923 4514 1046 4608; x_wconf 76' lang='lat' dir='ltr'>grudte</span> <span class='ocrx_word' id='word_1_263' title='bbox 1061 4537 1132 4588; x_wconf 77' lang='grc' dir='ltr'>οω-</span> 
     </span>
    </p>
   </div>
   <div class='ocr_carea' id='block_1_3' title="bbox 0 0 1351 5024">
    <p class='ocr_par' dir='ltr' id='par_1_3' title="bbox 0 0 1351 5024">
     <span class='ocr_line' id='line_1_33' title="bbox 0 0 1351 5024; baseline 0 0"><span class='ocrx_word' id='word_1_264' title='bbox 0 0 1351 5024; x_wconf 95' lang='lat' dir='ltr'> </span> 
     </span>
    </p>
   </div>
  </div>
 </body>
</html>
