2692 5024
130 617 188 679 382
469 629 510 677 uu
531 627 632 677 arnus
656 626 877 678 Famullmaus

130 779 374 872 regrinationis
394 779 500 852 exilio
518 778 766 852 revidendum!
788 777 856 851 Sed
868 799 948 871 ego,
964 778 1044 850 iure
1065 780 1219 873 quodam

129 924 208 976 meo
222 904 328 999 (quod
342 905 531 976 amantium
549 900 703 975 omnium
720 923 904 974 commuue
921 900 1006 996 est),
1027 900 1117 975 fictis
1133 926 1221 976 cou-

130 1025 313 1119 gressibus
330 1036 435 1119 atque
449 1023 628 1118 colloquiis
648 1023 774 1094 invisae
790 1044 909 1095 moras
930 1022 1075 1096 solabar
1091 1024 1220 1098 absen-

130 1149 201 1231 tiae3
224 1172 350 1243 meque
373 1149 502 1244 ipsum,
525 1158 564 1219 ut
584 1146 638 1233 lit,
665 1147 817 1240 quadam
844 1169 923 1219 cum
949 1150 1136 1243 voluptate
1159 1152 1221 1222 tal

130 1271 254 1344 lebam.
276 1271 446 1357 Quotiens
469 1270 593 1364 aliquis
615 1293 661 1342 cx
682 1271 800 1365 pueris
819 1271 924 1356 meis,
946 1272 1081 1364 quibus
1104 1274 1164 1346 ille
1185 1297 1220 1348 se

130 1397 257 1468 fecerat
276 1395 386 1465 multa
407 1416 542 1466 morum
561 1394 733 1467 suavitate
754 1394 989 1478 carissimum,
1011 1397 1061 1469 ad
1081 1420 1144 1471 me
1164 1401 1219 1471 ali·

129 1519 213 1613 quid
239 1518 460 1589 nuntiaturus
495 1517 700 1603 intraverat,
727 1519 775 1590 ita
798 1539 893 1590 eram
919 1520 1024 1613 quasi
1060 1522 1121 1594 ille
1155 1523 1214 1595 iau

130 1641 259 1713 afforet.
274 1639 441 1725 Quotiens
460 1641 647 1735 quisquam
664 1643 757 1713 sores
774 1641 970 1734 impulerat,
990 1643 1212 1729 fluctuabam

130 1773 165 1838 et
184 1767 375 1859 pastorium
397 1764 481 1839 illud
503 1763 538 1836 in
559 1764 679 1860 primis
700 1765 904 1838 occurrebat
924 1766 1064 1840 animo:

249 1967 355 2032 Nescio
368 1968 442 2047 quid
457 1972 539 2031 certe
556 1973 616 2031 est:
633 1974 663 2031 el
676 1967 770 2047 llylax
787 1967 818 2028 in
833 1965 938 2030 limine
953 1969 1057 2033 latrat.
1070 2060 1074 2065 .

250 2067 432 2132 Credimus?
447 2083 485 2130 au
502 2068 557 2146 qui
574 2074 676 2131 amant
692 2067 748 2148 ipsi
766 2066 825 2130 sibi
842 2067 961 2130 somnia
978 2069 1133 2148 fingunt?

131 2251 212 2320 llaec
234 2249 339 2320 miser
365 2269 484 2320 amans
513 2247 645 2320 somnia
671 2246 860 2338 fingebam:
887 2247 942 2319 bis
967 2251 1137 2342 angebar
1159 2276 1209 2326 cu-

132 2376 201 2455 ris,
229 2375 285 2445 his
312 2373 504 2444 aestuabam
533 2371 823 2455 solicitudinibus
851 2372 1098 2468 pascebarque
1126 2378 1208 2449 tenui

131 2498 282 2589 quadam
306 2519 381 2589 spe,
405 2519 473 2566 nou
494 2495 593 2565 aliter
610 2518 715 2587 quam
737 2496 859 2589 opimis
882 2518 943 2588 per
969 2503 1131 2590 quietem
1157 2502 1210 2574 da-

130 2618 233 2711 pibus
253 2619 387 2711 sopitus
403 2619 561 2688 esuriens
577 2642 583 2699 ;
601 2628 636 2687 et
653 2621 798 2690 latratus
816 2641 952 2710 cauum,
972 2630 1009 2690 et
1028 2644 1209 2696 servorum

130 2762 250 2825 voces,
274 2751 308 2811 ct
330 2740 413 2811 moti
433 2739 560 2811 stridor
584 2741 749 2825 cardinis,
772 2752 807 2812 et
832 2744 1074 2835 pavimentum
1102 2759 1210 2839 prote

130 2885 211 2934 reus
247 2866 375 2956 ungula
408 2864 620 2958 cornipedis,
653 2877 688 2936 et
720 2865 831 2936 omnis
866 2867 1007 2937 omnino
1044 2873 1208 2966 strepitus

129 2988 316 3060 excitabat.
344 2989 514 3073 Quotiens
541 2992 596 3060 vel
621 2987 755 3059 libellus
781 2989 908 3081 quibus
933 2988 1133 3080 inhiabam,
1161 2995 1208 3064 uel

129 3113 183 3181 oui
203 3111 415 3183 inhaerebam
430 3115 609 3195 calamum,
625 3111 888 3184 festinabundus
906 3111 1033 3196 abieci;
1050 3118 1207 3209 quotiens

130 3237 280 3319 surrexi,
315 3236 476 3326 quotiens
508 3235 650 3330 prosilui
677 3235 817 3308 videndi
845 3236 970 3307 avidus
999 3242 1208 3336 leuendique

129 3352 290 3423 dilectum
313 3379 441 3441 meum,
464 3367 499 3427 et
522 3380 683 3428 curarum
710 3380 865 3428 mearum
891 3357 1206 3452 praedulcissimum

127 3477 343 3572 participem,
366 3502 479 3572 noque
502 3483 639 3551 fratrem
664 3483 774 3551 solum
798 3480 848 3573 (ut
863 3481 975 3564 Tullii,
991 3483 1126 3574 quibus
1149 3487 1207 3556 boo

128 3601 200 3670 loco
214 3623 356 3693 possum
372 3603 517 3697 proprie,
537 3603 655 3673 verbis
675 3603 774 3695 utari,
792 3604 854 3675 sed
873 3604 1047 3675 suavitate
1065 3586 1208 3680 fratrem

128 3743 234 3817 prope
265 3727 447 3816 aequalem,
484 3724 652 3817 obsequio
685 3725 808 3809 lilium,
836 3726 979 3798 consilio
1010 3744 1204 3821 parentem,

126 3868 229 3936 quom
245 3848 362 3918 nescio
376 3871 419 3918 au
432 3848 534 3919 nimis
555 3870 632 3920 sero
653 3849 892 3940 cognoverim,
909 3871 953 3919 an
967 3853 1090 3923 verius
1105 3855 1206 3925 nimis

125 3968 213 4038 cito:
235 3970 302 4040 nisi
320 3973 411 4042 enim
431 3994 547 4044 amare
569 3973 744 4043 hominem
763 3974 963 4066 empissom,
982 3997 1206 4072 nequaquam

125 4102 236 4163 morte
257 4095 333 4164 eius
356 4095 389 4164 in
413 4095 475 4166 bas
498 4098 655 4167 lacrimas
677 4095 887 4168 incidissem.
906 4096 1051 4169 Biennio
1071 4102 1137 4172 vix
1158 4103 1207 4173 iu·

127 4223 224 4306 tcgro
249 4218 339 4287 illius
367 4219 526 4290 convictu
553 4232 588 4290 el
616 4221 763 4292 amicitia
790 4223 898 4292 lretus
933 4243 1032 4291 sum:
1068 4234 1206 4320 tempus

124 4334 192 4407 heu
216 4341 276 4409 vix
298 4343 461 4435 alloquio,
485 4366 527 4414 uo
547 4344 659 4415 dicam
682 4345 854 4430 amicilia,
879 4344 963 4415 satis
981 4358 1120 4438 palens.
1140 4349 1205 4420 Sed

124 4454 189 4527 boe
216 4485 285 4530 uno
312 4467 402 4533 solor
431 4464 614 4538 orbilalem
641 4490 767 4552 meant,
796 4470 888 4559 quod
914 4468 1018 4539 ambo
1043 4475 1204 4548 certatim
