2692 5024
1024 282 1171 419 iffa?

883 368 890 375 ⁶
1018 366 1035 391 ἱ

972 398 1010 453 ..Ι·
1027 436 1040 455 1
1058 464 1061 471 Ι
1081 414 1084 419 Ι

1027 472 1039 499 Ι

17 630 59 695 ss
240 702 244 711 ⁸
335 640 378 691 nn
398 638 501 691 nuans
521 636 745 689 summamus
860 614 863 619 ’
961 645 970 660 ·
1049 606 1168 715 2352,

0 805 128 857 oman
148 780 415 878 usurpantibus,
435 778 567 853 ballum
587 779 694 872 garis.
714 776 819 862 Quod
837 777 890 853 sio
906 798 1008 867 assa,
1027 802 1095 857 no-

1 928 70 982 vus
105 904 288 998 Engonins
311 926 360 979 ox
384 924 477 996 agno
504 905 624 997 lupus,
658 911 834 1000 tyrannus
861 922 911 975 ox
942 902 1088 991 clarino,

8 1048 183 1125 pprassae
206 1050 249 1101 ao
276 1026 419 1100 nudatae
447 1046 511 1122 per
538 1025 672 1099 ltaliam
703 1032 876 1099 testantur
903 1024 1090 1101 Eoolesiae.

27 1175 61 1240 a,
82 1174 153 1226 non
170 1161 309 1223 tuarum
329 1149 457 1241 magm,
478 1170 586 1243 quam
606 1169 751 1221 suarum
770 1147 921 1223 indioom
936 1148 1092 1225 offensa-

0 1309 2 1339 t
27 1306 93 1363 ιη,
114 1273 227 1369 poscit
244 1275 330 1345 laesa
353 1271 531 1345 divinitas.
553 1270 630 1343 Noli
655 1269 806 1364 geminae
829 1268 959 1343 daassa
976 1270 1090 1347 victo-

0 1398 74 1486 'ae,
94 1418 209 1491 noque
233 1394 270 1467 in
293 1393 351 1467 his
375 1415 459 1488 quaa
483 1403 585 1487 gesta
614 1404 697 1467 sunt
727 1412 828 1487 spem
858 1392 1091 1487 usqueadeo

0 1553 17 1608 μ
31 1518 179 1605 auaris,
212 1527 252 1592 nt
283 1536 366 1611 quae
391 1517 462 1589 sint
485 1513 641 1609 geronda
671 1536 742 1588 non
775 1514 910 1589 videas.
943 1514 1090 1611 Aliquid

7 1652 57 1716 st
88 1650 219 1725 actum,
250 1638 322 1711 imo
354 1640 516 1725 multum,
547 1638 618 1711 imo
645 1636 852 1735 plurimum,
881 1637 954 1711 imo
981 1637 1086 1727 nihil,

22 1787 81 1837 nm
105 1761 274 1858 principio
298 1759 378 1835 huis
403 1760 505 1834 desit.
526 1759 589 1846 Na,
610 1780 748 1854 quaeso,
769 1780 850 1833 oum
869 1758 1020 1863 victorin
1037 1759 1090 1833 nti

0 1885 237 1977 passos‚·lrui
262 1883 385 1958 malis:
408 1903 480 1977 qua
504 1881 540 1954 in
564 1903 617 1968 ra,
643 1891 765 1955 nostro
780 1878 924 1975 quidam
939 1880 1087 1977 optimo,

2 2009 66 2083 sod
90 2008 245 2105 pessimo
268 2010 340 2080 lato
364 2027 442 2093 suo,
466 2024 606 2080 errasse
631 2013 750 2079 tantm
773 2005 832 2077 illo
855 2004 991 2077 militias
1013 2026 1091 2077 ma·

1 2133 112 2224 gistor
135 2131 305 2225 arguitur.
329 2128 500 2217 Quamvis
525 2139 642 2203 autam
666 2150 776 2201 unum
805 2127 892 2201 illud
923 2128 1088 2201 omnibns

1 2254 170 2328 bellorum
190 2253 350 2341 ducibus,
368 2254 540 2349 quisunt,
561 2254 691 2346 quique
711 2261 816 2325 arunt
833 2248 999 2324 omnihus
1019 2272 1090 2325 εω-

1 2378 99 2464 culis,
122 2378 261 2451 abundo
280 2377 452 2450 cautionis
472 2398 514 2448 ao
538 2375 735 2449 documenti
755 2385 927 2469 praestaro
945 2372 1088 2459 dobosa

1 2509 186 2571 notamen
211 2498 248 2569 in
274 2508 344 2570 tam
369 2518 497 2590 magno
521 2498 660 2590 nogotio
685 2498 790 2570 unius
815 2496 970 2594 exempli
994 2519 1091 2572 oom-

3 2621 252 2693 memoratione
278 2620 468 2707 movearis,
494 2629 532 2692 et
554 2628 676 2692 nostra
700 2629 736 2691 et
764 2620 948 2714 peragrina
980 2619 1092 2693 subii-

2 2740 101 2813 ciam.
115 2741 264 2834 Magnus
288 2741 488 2836 Pompeius,
507 2743 553 2815 ad
569 2741 800 2839 Dyrrachium
816 2741 943 2828 victor,
962 2742 1090 2816 lulium

3 2864 177 2937 Caesarum
202 2887 312 2963 prope
348 2872 502 2957 captum,
530 2865 614 2937 dum
648 2865 800 2938 rotinere
834 2874 968 2961 posset,
991 2864 1090 2940 ahira

1 2990 174 3086 permisit3
196 2991 273 3065 sivo
297 2989 495 3083 ignorantia
519 2991 570 3063 roi
594 2990 726 3063 hollioae
746 2990 781 3060 in
801 2990 892 3064 duce
917 2990 1092 3085 probatis-

4 3113 104 3198 simo,
139 3113 216 3184 sive
239 3097 376 3186 fortuna
399 3111 559 3184 familiari
584 3132 650 3184 suo
675 3111 710 3182 in
734 3111 905 3185 extremis
935 3110 1092 3186 nenessi-

4 3233 133 3304 tatihus
157 3256 261 3329 opem
290 3237 420 3321 forans,
456 3235 533 3308 sivo
560 3232 657 3331 (quae
688 3235 863 3328 vulgatior
893 3236 986 3309 lama
1018 3233 1088 3329 ost)

2 3353 92 3425 mira
115 3376 260 3448 prorsus
286 3368 391 3451 atqua
416 3359 549 3430 utinam
578 3357 661 3429 felix
689 3359 891 3430 humanitas
919 3357 979 3430 illa
1004 3357 1090 3432 suit:

1 3498 50 3548 ex
76 3497 146 3568 qua
174 3498 259 3548 mox
292 3477 328 3548 in
365 3479 547 3552 Thessalia
579 3481 760 3554 calamitas
793 3482 950 3576 publica,
984 3480 1088 3553 etin

4 3600 155 3696 AEgypto
171 3599 271 3672 ducis
289 3601 400 3695 ipsius
417 3627 513 3678 mors
529 3605 737 3679 miserabilis
757 3615 947 3678 consecuta
963 3614 1036 3690 est;
1056 3615 1092 3678 ot

4 3725 39 3794 in
63 3724 180 3798 Africa
200 3726 342 3799 Catonis
369 3725 473 3799 simul
503 3751 544 3801 ao
575 3728 746 3803 libertatis
777 3728 960 3812 interitus;
991 3738 1028 3801 ot
1054 3729 1092 3800 in

4 3847 168 3943 Hispania
185 3849 294 3921 tristis
309 3850 521 3943 reliquorum
537 3861 690 3944 stragos3
710 3862 746 3925 ot
764 3854 887 3925 Roman
905 3852 1091 3947 spoliatum

4 3971 182 4056 aerarinm
198 3993 379 4069 oppressae
390 3975 503 4066 leges,
519 3984 625 4068 atque
637 3973 767 4047 ibidem
785 3975 983 4049 succinctus
999 3977 1094 4048 forro

5 4092 123 4166 abdito
149 4106 316 4168 senatus:
341 4104 378 4167 et
408 4096 521 4169 victor
546 4097 581 4169 in
606 4098 789 4193 Capitolio,
816 4097 912 4192 quod
943 4107 1095 4192 quatuor

6 4213 191 4310 triumphis
215 4228 414 4305 ornaverat,
440 4219 652 4293 interfectus.
679 4223 766 4295 Hinc
789 4220 928 4295 Parusii
951 4244 993 4295 ao
1017 4222 1097 4294 hlu-

7 4332 89 4405 tinae
110 4341 231 4429 gravis
256 4342 407 4429 obsidio,
430 4352 465 4415 et
484 4344 728 4418 crudelissima
752 4346 994 4418 Parmensium
1024 4347 1097 4418 ola·

6 4454 84 4541 dea,
106 4459 208 4535 cuius
227 4463 262 4536 in
282 4465 481 4562 Philippicis
507 4466 628 4541 cicero
651 4468 829 4553 meminit;
854 4480 891 4542 et
913 4466 1098 4545 Pharsalia
