2692 5024
410 696 502 774 uranu
523 696 892 756 casurus-surmont
913 698 932 744 r.
1148 680 1205 747 eol

132 838 251 911 audito
272 838 460 931 Evangelio
480 838 540 910 ubi
559 836 726 935 scriptum
746 847 813 926 est,
834 842 865 910 si
884 838 934 909 vis
950 841 1113 933 perfectus
1132 862 1208 924 esse,

129 961 214 1032 vade
234 973 266 1033 et
286 960 389 1032 vende
410 965 522 1033 omnia
542 974 599 1035 tua
617 984 826 1054 peteremque
845 964 955 1049 bobes,
975 973 1006 1032 et
1026 960 1069 1033 du
1084 986 1211 1058 paupe·

129 1088 230 1172 mdiu,
253 1096 284 1156 et
304 1088 396 1172 ueni,
418 1108 549 1179 sequere
568 1109 629 1171 me,
652 1096 683 1156 et
699 1086 829 1156 babebis
850 1086 1038 1157 thesaurum
1054 1087 1091 1156 ic
1109 1089 1208 1174 caeles,

130 1209 239 1282 veluti
251 1219 391 1303 propter
403 1231 442 1282 se
456 1209 533 1281 haec
544 1219 639 1281 esset
652 1209 824 1303 scriptura
836 1210 980 1281 recitata
994 1209 1044 1304 (ut
1062 1211 1209 1305 scriptor

129 1356 248 1405 rerum
261 1332 338 1403 eius
355 1332 567 1404 Athanasius
588 1331 658 1425 ait),
678 1353 716 1404 se
733 1333 779 1404 ad
794 1330 1005 1405 dominicum
1024 1332 1130 1404 traxit
1145 1332 1211 1403 im-

129 1457 276 1551 perium.
297 1457 341 1526 Et
361 1455 452 1527 sicut
470 1455 650 1539 Antonius,
672 1454 727 1526 his
744 1454 882 1538 auditis,
909 1454 1004 1527 aliud
1024 1477 1093 1527 non
1112 1476 1210 1551 quaa

131 1578 225 1663 sivit,
247 1588 282 1649 et
307 1579 396 1650 sicut
419 1578 645 1670 Augustinus
673 1578 728 1649 his
754 1577 860 1662 lectis,
883 1579 1029 1650 ulterius
1046 1600 1115 1650 non
1131 1598 1212 1671 pro-

130 1701 260 1784 cessit;
281 1702 330 1772 sic
351 1708 386 1771 ct
406 1699 490 1771 mihi
511 1699 546 1770 in
562 1701 682 1796 paucis
700 1700 816 1772 verbis
833 1722 914 1794 quae
926 1699 1090 1796 praemisi,
1105 1699 1212 1772 totius

129 1823 287 1894 lectionis
306 1825 474 1896 terminus
491 1825 567 1911 luit,
586 1825 621 1897 in
638 1825 773 1898 silentio
786 1824 960 1917 cogitanti,
976 1835 1106 1917 quanta
1121 1844 1213 1894 mor-

131 1943 258 2015 talibus
278 1946 411 2017 consilii
431 1956 527 2019 esset
546 1947 682 2044 inopia;
707 1969 777 2040 qua
803 1945 1017 2018 nobilissima
1038 1946 1094 2016 sui
1114 1956 1213 2039 parte

130 2069 295 2159 neglecta,
317 2068 555 2141 diffundantur
570 2070 605 2141 in
622 2070 782 2164 piurima,
801 2078 837 2141 et
853 2070 888 2138 in
901 2067 1061 2140 inanibus
1076 2078 1213 2160 specta-

129 2189 218 2261 culis
237 2203 457 2277 evanescant,
479 2192 573 2284 quod
593 2192 686 2263 intus
705 2191 854 2262 inveniri
868 2201 1002 2284 poterat
1014 2199 1212 2284 quaerentes

129 2311 365 2395 extrinsecus
384 2312 636 2406 admirantique
653 2308 866 2386 nobilitatem
884 2313 987 2386 animi
1005 2310 1125 2395 nostri,
1144 2312 1212 2384 nisi

130 2447 253 2532 sponte
273 2436 502 2528 degenerans,
518 2436 718 2530 aboriginis
739 2459 814 2510 suae
833 2436 1031 2534 primordiis
1051 2434 1213 2506 aberras-

131 2571 195 2647 set,
218 2570 254 2631 et
272 2582 353 2652 quae
375 2560 441 2631 sibi
462 2560 605 2632 dederat
624 2562 658 2630 in
679 2560 844 2634 honorem
864 2563 974 2645 Deus,
997 2560 1071 2654 ipse
1093 2560 1127 2630 in
1148 2581 1211 2652 op·

131 2683 308 2778 probrium
328 2682 568 2755 convertisset.
589 2682 755 2767 Quotiens
782 2696 883 2778 putas
909 2685 965 2756 illo
990 2684 1048 2757 die
1073 2682 1211 2757 rediens

129 2809 222 2878 etin
242 2818 378 2898 tergum
409 2827 546 2890 versus,
579 2828 743 2879 cacumen
760 2808 887 2879 montis
912 2807 1051 2903 aspexi,
1080 2817 1117 2878 et
1149 2807 1213 2879 vix

129 2929 236 3001 unius
256 2928 360 3000 cubiti
382 2928 525 3000 altitudo
547 2930 624 3001 visa
640 2941 703 3015 est,
723 2951 795 3023 prae
807 2930 986 3003 altitudine
999 2931 1211 3021 contempla-

131 3053 235 3123 tionis
255 3052 431 3128 humanae;
454 3051 484 3122 si
502 3052 581 3144 quis
603 3074 680 3123 eam
701 3073 770 3122 non
791 3053 825 3122 in
847 3054 956 3122 lutum
977 3063 1127 3122 terrenae
1148 3052 1211 3120 im

131 3174 249 3245 ditatis
274 3175 506 3266 immergeret.
533 3175 620 3246 Illud
645 3196 784 3267 quoque
810 3197 871 3267 per
896 3174 1053 3264 singulos
1084 3193 1210 3265 passus

132 3296 360 3369 occurrebat:
387 3297 421 3367 Si
448 3307 580 3369 tantum
606 3295 744 3369 sudoris
777 3318 817 3366 ao
850 3293 993 3379 laboris,
1022 3306 1060 3366 ut
1083 3317 1210 3390 corpus

130 3420 218 3490 coelo
235 3421 412 3513 paululum
433 3420 628 3514 proximum
647 3417 755 3504 fieret,
774 3417 891 3490 subire
908 3439 976 3488 non
993 3418 1112 3514 piguit,
1129 3440 1211 3513 quae

130 3562 232 3626 crux,
246 3543 326 3634 quis
343 3564 474 3626 carcer,
493 3540 572 3636 quis
589 3543 731 3614 aculeus
748 3541 892 3612 deberet
909 3552 1040 3613 terrere
1057 3543 1210 3613 animum

132 3663 464 3757 appropinquantem
485 3666 571 3749 Deo,
599 3662 847 3756 turgidamque
871 3686 1037 3735 cacumen
1062 3662 1211 3732 insolen-

134 3786 191 3855 tiae
212 3795 247 3856 et
271 3788 427 3859 mortalia
453 3789 523 3858 lata
547 3789 758 3860 calcantem?
777 3789 823 3858 Et
847 3789 926 3859 hoc:
952 3787 1065 3870 Quoto
1084 3780 1211 3873 cuique

133 3907 275 3994 accidet,
307 3921 345 3980 ut
370 3909 415 3980 ab
440 3909 505 3981 hac
531 3909 653 3982 semita
680 3912 735 3980 val
765 3910 932 3981 durarum
967 3906 1061 3977 metu
1094 3924 1210 3974 rerum

133 4033 190 4101 vel
210 4033 363 4103 mollium
382 4032 543 4126 cupidine
562 4055 631 4103 nou
651 4032 831 4104 divertat?
851 4033 879 4102 Ο
900 4029 1043 4100 nimium
1060 4024 1159 4096 felix!
1181 4023 1210 4094 si

132 4154 213 4247 quis
234 4178 381 4248 usquam
402 4165 467 4226 est.
488 4155 539 4225 De
559 4154 615 4225 illo
636 4157 790 4228 sensisse
809 4154 956 4227 arbitror
977 4163 1136 4245 poetam:

294 4342 377 4405 Felix
394 4344 446 4420 qui
463 4340 563 4420 potuit
580 4356 687 4402 rerum
704 4355 886 4417 cognoscere
902 4354 1022 4414 causas;
1070 4308 1073 4317 ’

294 4443 391 4519 Atque
408 4444 509 4502 metus
524 4438 648 4514 mortis,
666 4444 697 4498 ct
714 4435 902 4499 inexorabile
919 4437 1015 4500 latum

293 4539 426 4604 subiecit
441 4537 581 4620 pedibus,
598 4538 823 4619 strepitumque
839 4537 1017 4633 schematis
1032 4537 1129 4603 cruri.
