2692 5024
376 726 468 776 trusa
488 727 631 779 annulus
642 748 682 763 -
692 729 845 781 eetsrotl
867 735 929 782 1111.
1129 724 1181 785 fbf

516 998 694 1065 Epistola
717 1001 784 1065 lllll.

342 1204 535 1256 rnanctscus
552 1206 719 1257 rarunncl
738 1210 780 1258 ln
801 1211 952 1263 rouoruu.

464 1398 548 1468 Spem
562 1414 704 1470 nunquam
720 1399 829 1472 deponi.

207 1618 304 1692 Adeo
325 1620 485 1714 pertinax
502 1630 537 1691 et
554 1620 625 1693 fixa
638 1622 833 1695 mortalium
849 1646 930 1719 spes
943 1634 998 1697 est
1011 1626 1183 1699 adversus

107 1741 286 1814 infeliciter
304 1753 467 1838 experta,
488 1752 526 1815 ut
543 1766 656 1839 neque
673 1745 835 1818 sterilitas
853 1748 1051 1840 agricolam,
1070 1771 1184 1843 neque

109 1874 297 1959 tempestas
317 1877 474 1952 nautam,
496 1890 610 1962 neque
629 1878 797 1940 tectorum
813 1893 918 1943 casus
936 1871 1182 1956 architectum,

108 2010 221 2082 neque
253 1991 533 2085 patremfamilias
561 1991 688 2063 sobolis
713 1992 861 2064 acerbus
887 1992 1044 2064 interitus
1069 1993 1185 2065 deter-

108 2122 185 2184 reat
203 2111 248 2183 ab
268 2112 413 2206 inceptoL
435 2115 521 2185 Hinc
546 2113 602 2185 illa
626 2116 835 2199 communia,
864 2125 902 2186 ut
928 2116 1101 2189 famelicos
1129 2138 1185 2188 se-

108 2259 197 2321 rere,
217 2247 252 2308 et
272 2239 459 2328 naufragos
477 2236 656 2327 navigare,
674 2246 710 2307 et
727 2237 836 2308 ruinis
854 2237 917 2309 vix
934 2240 1073 2333 elapsos
1093 2260 1184 2311 nova

109 2382 214 2455 super
233 2360 356 2431 iisdem
378 2359 609 2431 fundamentis
630 2357 775 2432 aedificia
802 2361 925 2445 moliri,
948 2370 983 2433 et
1003 2360 1106 2433 orbos
1129 2382 1185 2432 se·

108 2505 173 2555 nes
189 2484 278 2553 inter
299 2483 481 2574 sepulchra
503 2481 648 2554 filiorum
670 2483 746 2555 aliis
766 2485 986 2579 procreandis
1007 2484 1185 2556 intendere

108 2607 304 2679 videamus.
325 2605 518 2678 Piscatores
542 2606 729 2698 frigoribus
755 2617 792 2678 et
816 2610 905 2680 fame
930 2610 1102 2682 confectos
1127 2606 1183 2680 bic

109 2740 189 2802 aute
205 2732 324 2802 oculos
340 2729 465 2812 habe03
486 2727 612 2800 mirum
628 2741 665 2800 et
681 2752 825 2825 prorsus
843 2730 1062 2804 incredibile!
1079 2731 1184 2803 Totos

110 2853 187 2927 dies
206 2854 309 2926 ieiuni
336 2875 376 2924 ao
401 2852 501 2938 nudi,
522 2863 711 2948 noctesque
741 2854 785 2926 ad
815 2876 975 2927 auroram
1005 2836 1184 2927 insomnes

109 2986 229 3069 agunt:
250 2999 330 3048 cum
350 2976 486 3047 interim
507 2978 565 3046 vel
581 2977 666 3048 retia
684 2977 887 3048 tentantium
906 2999 973 3049 una
990 2977 1186 3069 eademque

112 3120 189 3170 sors
201 3106 267 3169 est:
281 3097 364 3168 nihil
377 3118 495 3189 agere,
511 3101 640 3169 frustra
655 3099 820 3191 torqueri,
838 3108 983 3190 tempus,
1000 3097 1186 3189 aliquando

109 3223 226 3293 forsan
244 3221 360 3293 utilius
372 3218 657 3305 consumendum,
672 3219 828 3315 perdere.
845 3219 966 3311 Neque
981 3228 1108 3306 tamen,
1123 3218 1186 3290 ob

111 3343 247 3416 stinatis
267 3344 311 3416 ad
328 3345 500 3435 inceptum
515 3341 649 3426 animis
665 3365 684 3412 a
698 3342 790 3413 fatali
804 3340 942 3435 gurgite
959 3342 1184 3416 divelluntur.

112 3470 230 3561 Usque
250 3467 352 3552 adeo,
374 3468 478 3538 etiam
499 3466 622 3550 amari,
642 3463 798 3537 exercitii
816 3466 1033 3538 consuetudo
1053 3466 1186 3558 longior

109 3589 222 3661 dulcis
258 3598 322 3659 est.
357 3590 542 3659 infaustam
576 3609 718 3659 arenam
757 3588 825 3658 imo
858 3596 1037 3659 verrentes
1069 3588 1182 3670 alveo,

111 3732 215 3804 quam
236 3709 373 3802 fugiunt
391 3718 584 3801 egestatem
605 3711 693 3782 inter
713 3710 826 3783 undas
852 3722 887 3781 et
908 3711 1066 3804 scopulos
1088 3709 1185 3779 inve-
1278 3704 1288 3724 ⁶

111 3835 222 3919 aiunt,
244 3855 420 3926 nunquam
447 3835 533 3904 forte
559 3833 652 3927 quod
679 3843 858 3927 tantopere
885 3840 1049 3923 satagunt
1069 3851 1186 3923 reper-

111 3958 190 4028 turi.
211 3958 270 4028 llla
292 3957 441 4050 quidem,
463 3956 557 4029 dictu
578 3957 719 4042 minora,
741 3955 859 4027 nescio
872 3976 917 4025 an
935 3953 1056 4025 maiori
1076 3951 1186 4047 admi-

111 4078 243 4150 ratione
268 4078 374 4171 digna
395 4080 472 4151 sint.
500 4080 665 4149 Ferarum
687 4077 854 4160 studium,
879 4075 1003 4146 totiens
1029 4073 1186 4145 vacuatis

110 4201 294 4287 cubilibus
321 4223 389 4272 non
410 4199 577 4271 lentescit.
605 4199 712 4271 Novis
735 4198 874 4271 foetibus
895 4196 1071 4292 pariendis
1092 4196 1187 4266 aleu-

111 4326 245 4417 disque‚
267 4323 372 4420 prolis
395 4331 494 4415 raptu
511 4343 687 4413 nunquam
708 4320 848 4412 segnior
871 4319 969 4412 tigris
987 4318 1090 4401 redit;
1111 4339 1187 4390 cre-

110 4448 164 4521 bri
184 4457 305 4544 partus
333 4445 455 4517 solatio
480 4443 657 4517 destitutae
681 4444 788 4516 nihilo
812 4443 1022 4517 moderatior
1046 4443 1081 4514 in
1107 4442 1187 4514 reli-

112 4592 220 4664 quum
246 4569 351 4642 ardor
375 4578 439 4642 cst.
464 4566 669 4653 Philomela,
695 4574 880 4662 postquam
906 4566 1069 4666 pastorali
1094 4567 1186 4638 furto
