2692 5024
130 658 203 708 ttttt
534 661 796 713 nnotbdottunolt.

128 798 240 861 certior
256 800 357 873 fleret,
376 798 453 877 typis
470 799 630 863 Seminarii
647 800 782 862 Patavini
799 818 878 865 anno
895 804 973 866 1818
990 805 1120 869 Iudicem
1135 808 1199 870 vul·

128 903 210 980 gavit
226 901 429 982 Epistularum
445 903 585 966 omnium
601 920 733 984 quarum
749 906 814 986 ipse
830 909 1015 989 exemplaria
1036 911 1094 974 sibi
1109 913 1216 977 babo'

128 1012 189 1081 ret,
211 1012 279 1068 tum
299 1007 450 1071 editarum
472 1016 538 1070 tum
559 1026 627 1088 quae
648 1010 744 1074 adbuc
767 1018 867 1075 essent
892 1012 1026 1092 ineditae,
1052 1017 1199 1082 litteratos

128 1126 234 1174 omncs
255 1113 341 1176 viros
360 1120 390 1177 et
410 1113 580 1194 prasertim
598 1114 782 1179 nobiliorum
798 1132 852 1196 per
869 1117 1022 1199 Europam
1039 1121 1198 1187 bibliothe-

127 1231 234 1280 carum
250 1220 408 1299 praefectos
423 1221 615 1299 compebans,
634 1229 668 1284 ut
684 1223 802 1301 siquid
818 1221 899 1287 aliud
919 1224 987 1288 eius
1008 1228 1129 1304 generis
1146 1230 1197 1292 ali·

127 1325 198 1389 cubi
214 1331 405 1388 asservatum
418 1325 456 1387 iis
468 1325 678 1403 innotesceret,
695 1325 753 1408 ipsi
766 1327 797 1390 in
809 1335 975 1408 praeparata
988 1328 1119 1394 editione
1134 1333 1197 1395 vul·

128 1432 261 1509 gaudum
270 1424 653 1495 communicarent.¹llorte
663 1435 1200 1514 tameupraerentus‚opusinleotum

128 1537 238 1617 etipse
254 1536 463 1615 Menegbellins
480 1536 616 1616 rebquit,
633 1543 761 1618 aptaque
777 1539 840 1602 iam
856 1540 941 1620 prelo
959 1542 1112 1621 suppellex
1132 1544 1200 1608 eius

129 1641 166 1703 de
182 1657 243 1703 uno
260 1640 292 1702 in
307 1639 402 1702 alium
419 1642 539 1704 undem
556 1642 587 1703 in
603 1640 773 1721 losepbum
791 1642 913 1706 vedana
933 1643 1110 1709 Paduanum
1131 1663 1198 1727 per·

127 1747 225 1821 venit,
247 1745 302 1824 qui
322 1752 548 1825 programmate
575 1746 605 1809 in
632 1748 744 1824 vulgus
770 1748 850 1810 edito
876 1748 934 1812 sub
960 1749 1009 1814 die
1036 1752 1074 1813 lb
1101 1749 1198 1815 lbartii

127 1852 199 1914 anni
216 1853 293 1914 1853
311 1851 372 1914 iam
388 1851 451 1914 iam
467 1866 577 1914 manus
598 1851 683 1932 operi
706 1850 866 1916 videbatur
886 1855 1080 1931 admoturus,
1102 1857 1199 1936 perte-

126 1956 276 2036 cissetque
291 1957 426 2036 prolecto
443 1956 503 2020 nisi
520 1956 640 2036 inopina
651 1957 763 2021 luisset
778 1959 843 2038 ipse
859 1976 982 2039 quoque
1002 1967 1104 2024 morte
1123 1979 1199 2041 prae-

126 2063 255 2142 peditns.
271 2061 344 2125 Fato
361 2061 404 2125 sic
421 2062 537 2125 diceres
553 2063 693 2125 evenisse
710 2069 745 2124 ut
760 2070 806 2127 tot
823 2065 938 2126 summi
960 2065 1022 2127 viri
1041 2082 1108 2128 rem
1129 2083 1199 2144 quae

128 2169 158 2230 in
175 2167 315 2230 omnium
331 2167 411 2230 votis
428 2168 542 2234 iamdiu
559 2174 619 2244 eat,
640 2167 729 2231 toties
745 2175 914 2248 susceptam
932 2170 1066 2232 nondum
1083 2172 1120 2234 ad
1136 2172 1197 2234 exi·

127 2281 192 2336 tum
208 2274 375 2352 perducere
390 2273 553 2353 potuerint.

205 2381 236 2443 ld
256 2395 312 2457 ego
334 2379 361 2442 si
382 2380 440 2443 lata
462 2380 561 2443 sinant
579 2395 755 2458 aggressus,
777 2380 930 2456 integrum
951 2395 1028 2457 opus
1047 2381 1091 2441 De
1111 2381 1199 2443 rebar

126 2485 330 2563 familiaribus
360 2493 545 2563 caeterasque
576 2501 681 2547 omnes
706 2482 755 2547 Fr.
781 2480 929 2581 Petrarcae
957 2483 1097 2562 epistolas
1131 2501 1201 2562 quae

127 2590 184 2652 sub
206 2588 370 2652 Variaram
385 2589 509 2652 nomine
526 2589 640 2652 iamdiu
657 2590 790 2666 vulgatae
804 2589 931 2651 luerunt
948 2605 1086 2667 quasque
1102 2591 1199 2654 adbuc

127 2695 252 2759 ineditas
269 2700 373 2758 extare
389 2693 534 2772 cognovi,
551 2694 673 2757 tandem
689 2693 850 2772 aliquando
867 2710 927 2756 non
941 2693 1083 2757 salumin
1098 2695 1198 2759 lucem

127 2800 279 2879 proferre,
296 2800 362 2875 sed,
380 2799 406 2861 si
422 2815 483 2861 non
501 2799 613 2876 exiguo
629 2798 727 2862 labori
744 2801 827 2862 vires
843 2805 1016 2879 suppetant,
1029 2807 1059 2862 et
1076 2801 1108 2862 in
1123 2801 1197 2863 ltali-

127 2919 193 2968 cam
209 2905 344 2982 linguam
356 2912 491 2967 nostram
508 2904 674 2967 transterre
686 2911 716 2967 et
728 2905 807 2968 notis
823 2905 1199 2985 animadversionibusque

128 3011 305 3093 opportunis
322 3011 472 3074 illustrare
488 3010 565 3072 mibi
580 3010 732 3073 constitui.
750 3009 956 3083 Quamobrem
973 3010 1004 3073 in
1021 3011 1051 3074 id
1064 3010 1200 3090 primum

128 3116 252 3180 incubui
268 3123 303 3178 ut
320 3116 396 3180 mibi
409 3123 471 3179 tota
484 3117 686 3178 innotesceret
697 3116 869 3179 litterarum
882 3117 979 3180 series
991 3117 1103 3196 quibus
1116 3115 1198 3178 xxti

128 3221 334 3285 Familiarium
360 3221 429 3284 libri
454 3221 637 3285 constabant.
664 3220 689 3283 Α
709 3221 808 3301 primo
833 3223 871 3285 ad
895 3230 1038 3284 octavum
1060 3235 1110 3282 eas
1135 3216 1198 3280 cui·

128 3345 189 3407 que
206 3329 343 3408 reperire
362 3329 465 3392 datum
486 3335 550 3390 erat
567 3328 598 3388 in
616 3327 757 3390 omnibus
776 3325 935 3404 hucusque
952 3322 1082 3400 vulgatis
1099 3322 1202 3386 editio·

128 3434 232 3510 nibus,
263 3434 427 3497 dummodo
448 3434 529 3512 quod
550 3432 604 3494 uni
625 3431 726 3493 deerat
746 3431 938 3509 suppleretur
954 3445 993 3492 ex
1013 3428 1114 3493 altera.
1132 3429 1202 3492 Ilias

128 3546 229 3603 umen
252 3540 422 3602 litterarum
443 3539 497 3617 qui
517 3538 581 3600 iere
607 3538 638 3599 in
664 3535 806 3598 omnibus
832 3533 1093 3611 desiderabantur,
1114 3542 1199 3612 quot-

129 3653 201 3725 quot
219 3646 249 3708 in
267 3645 424 3708 codicibus
441 3643 661 3706 Parisiensibus
679 3639 794 3703 inventi
811 3648 894 3716 sunt,
912 3640 949 3703 ab
967 3639 1023 3703 illis
1044 3645 1200 3717 excerptos

129 3751 307 3817 addidimus.
330 3749 403 3824 Quae
424 3749 568 3813 tredecim
593 3747 708 3809 ultimis
731 3746 816 3808 libris
841 3746 1136 3826 comprehenduntur
1162 3762 1199 3808 en

130 3858 288 3921 Codicibus
297 3856 475 3920 Florentinis
490 3872 568 3935 qnos
582 3870 673 3933 snpra
683 3852 791 3915 litteris
802 3855 824 3917 E
835 3859 863 3916 et
874 3854 895 3916 F
906 3853 1134 3931 designavimus
1151 3853 1198 3914 de-

130 3961 300 4025 scribendas
316 3959 493 4023 curavimus
510 3974 630 4034 omnes,
650 3957 686 4019 iis
700 3958 832 4037 exceptis
845 3974 921 4037 quas
938 3959 983 4020 uti
1004 3956 1136 4020 diximus
1157 3957 1198 4019 di·

192 4112 199 4142 ⁴
217 4109 293 4159 ladon
304 4107 429 4158 Franclsat'
442 4106 583 4157 Petrarcboe
599 4105 768 4169 Epistolaram
780 4120 832 4171 aaa
848 4107 920 4157 edita
932 4110 989 4156 caat
1005 4109 1029 4155 et
1049 4118 1104 4169 pate
1122 4104 1202 4153 adbuc

130 4191 235 4241 inedita.
248 4187 354 4245 Patavii,
368 4193 418 4251 typ.
432 4185 573 4238 seminarit.
591 4184 663 4236 lnitla
681 4192 776 4237 tantum
789 4187 927 4238 lltterarum
944 4187 1033 4238 ordine
1045 4184 1201 4248 alphabetico

130 4270 249 4335 disposita
266 4267 313 4319 boe
327 4268 354 4318 iu
369 4268 454 4318 lndice
472 4267 599 4332 reperies;
614 4268 675 4333 quin
691 4282 721 4319 ex
735 4281 765 4319 eo
785 4269 825 4319 sel
841 4268 941 4319 nomina
961 4272 1097 4331 appareant
1112 4279 1199 4316 eorum

129 4352 161 4403 ad
172 4362 236 4415 quos
246 4349 336 4399 litterae
346 4350 429 4401 missae
441 4356 501 4400 sunt
519 4349 559 4400 rel
574 4349 637 4400 ordo
657 4363 708 4414 qna
725 4351 790 4400 inter
807 4349 950 4400 Familiares
978 4353 1020 4396 aut
1041 4346 1138 4397 Senties
1157 4356 1193 4396 an

129 4432 216 4483 Varias
227 4431 277 4482 sint
291 4431 461 4481 recensendae.
479 4430 574 4481 Desunt
590 4432 693 4496 insuper
710 4444 741 4481 eo
757 4429 783 4479 in
802 4428 885 4479 lodice
899 4429 988 4477 litterae
1005 4437 1032 4475 n⁰
1048 4426 1080 4478 93
1095 4440 1173 4490 quaro

130 4514 144 4562 l
156 4513 265 4572 inedita,
277 4512 380 4576 reliquae
395 4513 423 4562 19
434 4513 482 4561 iam
495 4512 569 4562 edita
580 4513 686 4563 lucrant.
