2692 5024
380 310 394 339 Ι

499 584 763 637 enarmonion.
1097 590 1159 640 cun

108 726 158 801 Ep.
196 727 225 782 2.
245 727 448 782 missarum
462 738 526 781 suo.
541 725 688 783 Hactenus
701 729 755 783 troc
767 717 882 801 infame
894 744 1009 784 nomen.

271 816 345 887 Arp.
361 814 581 871 Adolescentiam
591 815 651 871 eius
660 816 741 871 malis
751 817 1059 891 moribusinquinatam
1069 820 1160 876 obiur-

307 910 368 976 gat,
383 911 411 958 et
423 904 590 959 honestioris
603 905 665 960 vitae
679 906 789 961 initium
804 909 911 963 suadet.

110 996 157 1068 Ep.
197 995 224 1051 3.
246 987 372 1051 Gurrioru
384 995 605 1050 Ancamraaouo
620 995 776 1051 Genusum.
787 1026 824 1037 -
835 997 996 1052 Consilium
1011 1004 1102 1054 tuam.

269 1083 341 1153 Arq.
365 1081 488 1137 Dilatum
500 1082 561 1138 eius
581 1083 610 1137 in
632 1083 739 1139 ltaliam
753 1084 903 1139 adventum
917 1086 984 1140 dnm
1005 1086 1157 1158 improbat,

307 1175 419 1226 excusat
431 1170 467 1226 ob
481 1170 588 1226 cladem
601 1171 791 1229 Ganuensium
801 1191 817 1228 a
826 1174 938 1231 Venetis
947 1174 977 1230 in
987 1176 1076 1230 navali
1086 1175 1158 1231 bello

307 1257 475 1328 consectam,
496 1258 616 1332 illosque
635 1266 695 1317 tum
715 1261 820 1316 viribus
841 1267 901 1316 tum
922 1262 1015 1318 animo
1029 1263 1160 1319 cecidisse

305 1344 495 1418 conqueritur.

112 1434 160 1506 Ep.
197 1432 225 1488 4.
246 1433 371 1490 (tamara
391 1435 612 1492 Ancnmrscosa
634 1435 843 1493 Gennesar-
856 1438 1027 1511 Expectatio
1049 1440 1159 1513 suppli·

308 1539 395 1578 caum.

271 1612 343 1685 Arc.
363 1612 467 1667 Narrat
487 1612 522 1669 de
542 1612 735 1671 Genuensibus
755 1615 886 1672 infidam
905 1617 1010 1673 domini
1032 1616 1159 1672 Mediola-

305 1701 400 1756 nensis
422 1702 560 1773 receptis,
588 1702 679 1776 daque
701 1705 814 1761 illorum
836 1712 910 1763 sorta
933 1708 1082 1763 sollicitum
1105 1706 1157 1779 piis

307 1792 420 1847 monitis
434 1793 600 1848 consolatur.

112 1881 160 1953 Ep.
198 1880 225 1934 5.
247 1878 370 1936 Guruosr
383 1882 604 1938 Ancumracauo
618 1883 777 1940 Grunausr.
788 1914 824 1926 -
834 1885 906 1950 Quae
919 1902 992 1957 spes.

284 1973 355 2046 Arp.
371 1972 479 2029 Gaudet
491 1989 557 2028 eum
571 1973 606 2030 ad
620 1974 726 2030 fantem
741 1974 844 2047 Sergia
864 1973 969 2045 aliquot
982 1974 1080 2029 diebus
1093 1974 1160 2029 inis·

310 2080 356 2131 se,
367 2068 396 2117 et
406 2061 458 2118 laci
476 2062 664 2116 amoenitatem
686 2062 815 2118 celebrat.
836 2063 938 2119 Narrat
951 2080 981 2119 se
995 2080 1106 2136 quoque
1125 2064 1159 2118 ab

306 2150 376 2207 urbe
388 2150 418 2206 in
429 2150 525 2205 villam
538 2149 700 2217 secessisse,
723 2149 801 2204 cuins
822 2150 907 2204 situm
926 2155 1160 2222 prospectumque

305 2239 445 2296 describit.

112 2333 161 2406 Ep.
198 2333 225 2389 6.
246 2332 403 2387 Banasam
431 2329 622 2384 Auaurssaum
649 2326 775 2384 Passim
804 2325 942 2381 canaan.
966 2355 1002 2368 -—
1027 2328 1088 2382 Mos
1119 2331 1160 2381 eat

305 2434 412 2492 apuam
425 2416 561 2473 residem.

270 2509 342 2581 Arp.
358 2507 477 2562 Excusat
491 2522 521 2561 se
535 2505 609 2577 quod
624 2506 748 2561 nondum
762 2504 880 2560 Comum
893 2505 1013 2574 venerit,
1033 2505 1158 2561 nunciat·

305 2613 361 2670 que
374 2598 452 2652 iussu
466 2595 571 2651 domini
585 2596 696 2668 langius
709 2597 762 2650 iter
775 2612 806 2650 se
819 2593 979 2667 propediem
993 2594 1138 2649 initurum.

113 2689 161 2763 Ep.
200 2689 227 2743 7.
248 2688 405 2743 Bsnuaano
419 2687 610 2742 Anaurssanu
622 2685 749 2741 Pnarsuu
762 2683 899 2740 Caucasi.
910 2714 946 2725 -
955 2684 1024 2739 Misi
1036 2685 1076 2738 ad
1089 2690 1125 2740 te.

272 2777 344 2850 Arp.
360 2773 542 2831 Commendat
554 2770 675 2830 amicum
695 2775 724 2829 in
744 2773 923 2829 Gennaniam
941 2774 1059 2847 patriam
1078 2790 1159 2830 suam

309 2867 481 2922 mennam.

111 2959 161 3032 Ep.
199 2959 227 3015 8.
248 2957 300 3013 Fe.
315 2956 466 3011 Marruca
480 2951 618 3007 Coususr.
629 2981 665 2993 -
676 2952 794 3014 Gaudeo
809 2950 953 3021 equidem.

271 3046 343 3116 Ara.
372 3040 555 3113 Cupiditatem
570 3038 694 3093 discendi
707 3054 740 3092 eo
754 3035 918 3090 nobiliorem
936 3050 997 3089 esse
1010 3049 1066 3104 quo
1079 3033 1160 3089 vilior

307 3140 350 3190 est
361 3132 519 3188 divitiarum
541 3129 686 3200 cupiditas.
708 3126 789 3180 Illam
803 3126 832 3179 in
847 3125 934 3180 amico
953 3123 1061 3194 laudat,
1076 3133 1103 3179 et
1116 3141 1161 3180 ve-

305 3228 398 3278 terum
411 3218 546 3289 exemplis
559 3217 690 3270 illustrat.

111 3315 162 3388 Ep.
199 3312 228 3367 a.
248 3310 350 3367 lhnco
364 3307 521 3366 Gcausnsr.
532 3301 703 3360 -Falleris
718 3299 820 3356 amice.

272 3399 343 3469 Arp.
358 3396 511 3452 Amantum
524 3408 598 3449 coeca
615 3406 676 3446 esse
696 3388 812 3458 iudicia,
833 3404 917 3461 seque
932 3389 1016 3445 tantis
1030 3389 1089 3446 eius
1101 3390 1160 3445 lau·

305 3487 389 3543 dibus
400 3500 517 3559 prorsus
530 3482 686 3552 indignum.

109 3578 161 3652 Ep.
183 3576 229 3634 10.
248 3576 371 3633 lonssur
385 3574 529 3629 Assumo.
540 3600 576 3612 -
588 3569 656 3625 Tres
669 3566 748 3624 mihi
761 3567 796 3623 de
810 3572 846 3623 tc.

272 3666 344 3739 Arp.
360 3665 396 3721 So
409 3660 557 3719 Mediolani
571 3659 739 3728 constitisse,
758 3663 786 3713 et
799 3657 924 3712 animum
943 3654 1058 3711 urbanis
1078 3670 1157 3722 nego

309 3754 359 3810 ciis
381 3751 520 3809 addixisse
542 3766 575 3805 ca
596 3750 703 3805 ratione
724 3752 855 3817 excusat,
883 3744 958 3817 qnod
982 3742 1070 3797 multa
1092 3741 1160 3796 citra

307 3844 477 3899 voluntatem
489 3837 649 3896 hominibus
663 3838 786 3895 iacienda
800 3835 904 3909 passim
916 3836 1074 3890 occurrant.

519 4022 629 4088 LIBER
652 4022 750 4086 xvlll.

108 4204 163 4276 Ep.
204 4200 232 4254 1.
253 4198 366 4256 (lanam
380 4199 417 4255 lv
431 4199 567 4254 Aususro
581 4195 773 4250 luennaroru.
784 4218 820 4230 -
831 4186 977 4243 Caesareos
991 4183 1096 4256 apices.

274 4289 345 4362 airy.
360 4291 451 4346 Maras
464 4292 621 4343 nectentem
634 4289 662 4338 et
675 4299 736 4337 sese
750 4279 869 4334 inaniter
882 4281 1059 4331 excusantem
1074 4274 1161 4330 Caesa-

313 4397 372 4436 rem
384 4386 416 4437 nt
430 4380 588 4435 Romanurn
603 4371 755 4445 Imperium
770 4368 896 4424 restituat
910 4364 1081 4422 adhortatur.
