<?xml version="1.0" encoding="UTF-8"?>
<!DOCTYPE html PUBLIC "-//W3C//DTD XHTML 1.0 Transitional//EN"
    "http://www.w3.org/TR/xhtml1/DTD/xhtml1-transitional.dtd">
<html xmlns="http://www.w3.org/1999/xhtml" xml:lang="en" lang="en">
 <head>
  <title>
</title>
<meta http-equiv="Content-Type" content="text/html;charset=utf-8" />
  <meta name='ocr-system' content='tesseract 3.04.00' />
  <meta name='ocr-capabilities' content='ocr_page ocr_carea ocr_par ocr_line ocrx_word'/>
</head>
<body>
  <div class='ocr_page' id='page_1' title='image "./epistolaederebu00fracgoog_0520.png"; bbox 0 0 2692 5024; ppageno 0'>
   <div class='ocr_carea' id='block_1_1' title="bbox 327 713 1130 791">
    <p class='ocr_par' dir='ltr' id='par_1_1' title="bbox 327 713 1130 791">
     <span class='ocr_line' id='line_1_1' title="bbox 327 713 1130 791; baseline 0 -1"><span class='ocrx_word' id='word_1_1' title='bbox 327 743 420 790; x_wconf 81' lang='lat' dir='ltr'><strong>urauu</strong></span> <span class='ocrx_word' id='word_1_2' title='bbox 442 740 606 791; x_wconf 81' lang='lat' dir='ltr'><strong>sarrrnus.</strong></span> <span class='ocrx_word' id='word_1_3' title='bbox 619 741 821 791; x_wconf 79' lang='lat' dir='ltr'><strong>—arrsrour</strong></span> <span class='ocrx_word' id='word_1_4' title='bbox 844 744 862 791; x_wconf 90' lang='lat' dir='ltr'><strong>r.</strong></span> <span class='ocrx_word' id='word_1_5' title='bbox 1075 713 1130 790; x_wconf 78' lang='lat'><strong>357</strong></span> 
     </span>
    </p>
   </div>
   <div class='ocr_carea' id='block_1_2' title="bbox 56 882 1136 1572">
    <p class='ocr_par' dir='ltr' id='par_1_2' title="bbox 56 882 1136 1572">
     <span class='ocr_line' id='line_1_2' title="bbox 56 882 1136 980; baseline -0.002 -22"><span class='ocrx_word' id='word_1_6' title='bbox 56 896 258 980; x_wconf 92' lang='lat' dir='ltr'><strong>opportuno.</strong></span> <span class='ocrx_word' id='word_1_7' title='bbox 272 886 324 956; x_wconf 86' lang='lat' dir='ltr'><strong>Tu</strong></span> <span class='ocrx_word' id='word_1_8' title='bbox 337 886 505 979; x_wconf 88' lang='lat' dir='ltr'><strong>quidquid</strong></span> <span class='ocrx_word' id='word_1_9' title='bbox 523 884 656 958; x_wconf 90' lang='lat' dir='ltr'><strong>consilii</strong></span> <span class='ocrx_word' id='word_1_10' title='bbox 673 883 819 976; x_wconf 85' lang='lat' dir='ltr'><strong>ceperis,</strong></span> <span class='ocrx_word' id='word_1_11' title='bbox 842 882 886 954; x_wconf 92' lang='lat' dir='ltr'><strong>ad</strong></span> <span class='ocrx_word' id='word_1_12' title='bbox 906 884 1037 955; x_wconf 82' lang='lat' dir='ltr'><strong>felicem</strong></span> <span class='ocrx_word' id='word_1_13' title='bbox 1058 886 1136 956; x_wconf 86' lang='lat' dir='ltr'><strong>exi·</strong></span> 
     </span>
     <span class='ocr_line' id='line_1_3' title="bbox 56 1006 1132 1103; baseline -0.002 -23"><span class='ocrx_word' id='word_1_14' title='bbox 56 1022 128 1081; x_wconf 89' lang='lat' dir='ltr'><strong>tum</strong></span> <span class='ocrx_word' id='word_1_15' title='bbox 149 1010 242 1080; x_wconf 91' lang='lat' dir='ltr'><strong>Deus</strong></span> <span class='ocrx_word' id='word_1_16' title='bbox 263 1010 421 1103; x_wconf 83' lang='lat' dir='ltr'><strong>applicet.</strong></span> <span class='ocrx_word' id='word_1_17' title='bbox 443 1011 518 1100; x_wconf 82' lang='lat' dir='ltr'><strong>Ego</strong></span> <span class='ocrx_word' id='word_1_18' title='bbox 539 1008 675 1079; x_wconf 89' lang='lat' dir='ltr'><strong>interim</strong></span> <span class='ocrx_word' id='word_1_19' title='bbox 696 1007 827 1079; x_wconf 89' lang='lat' dir='ltr'><strong>utinam</strong></span> <span class='ocrx_word' id='word_1_20' title='bbox 845 1007 931 1077; x_wconf 78' lang='lat' dir='ltr'><strong>falsa</strong></span> <span class='ocrx_word' id='word_1_21' title='bbox 952 1006 1132 1093; x_wconf 78' lang='lat' dir='ltr'><strong>timuerim,</strong></span> 
     </span>
     <span class='ocr_line' id='line_1_4' title="bbox 56 1130 1135 1225; baseline -0.002 -22"><span class='ocrx_word' id='word_1_22' title='bbox 56 1141 91 1203; x_wconf 91' lang='lat' dir='ltr'><strong>et</strong></span> <span class='ocrx_word' id='word_1_23' title='bbox 121 1130 295 1217; x_wconf 83' lang='lat' dir='ltr'><strong>absentia,</strong></span> <span class='ocrx_word' id='word_1_24' title='bbox 332 1132 426 1225; x_wconf 91' lang='lat' dir='ltr'><strong>quod</strong></span> <span class='ocrx_word' id='word_1_25' title='bbox 458 1132 662 1204; x_wconf 87' lang='lat' dir='ltr'><strong>naturaliter</strong></span> <span class='ocrx_word' id='word_1_26' title='bbox 697 1132 796 1216; x_wconf 91' lang='lat' dir='ltr'><strong>solet,</strong></span> <span class='ocrx_word' id='word_1_27' title='bbox 828 1137 959 1201; x_wconf 93' lang='lat' dir='ltr'><strong>metum</strong></span> <span class='ocrx_word' id='word_1_28' title='bbox 997 1131 1135 1202; x_wconf 85' lang='lat' dir='ltr'><strong>auxerit</strong></span> 
     </span>
     <span class='ocr_line' id='line_1_5' title="bbox 57 1253 1134 1349; baseline -0.003 -23"><span class='ocrx_word' id='word_1_29' title='bbox 57 1254 215 1326; x_wconf 86' lang='lat' dir='ltr'><strong>amantis.</strong></span> <span class='ocrx_word' id='word_1_30' title='bbox 236 1253 384 1326; x_wconf 85' lang='lat' dir='ltr'><strong>Animus</strong></span> <span class='ocrx_word' id='word_1_31' title='bbox 402 1256 541 1349; x_wconf 86' lang='lat' dir='ltr'><strong>quidem</strong></span> <span class='ocrx_word' id='word_1_32' title='bbox 564 1277 665 1326; x_wconf 89' lang='lat' dir='ltr'><strong>meus</strong></span> <span class='ocrx_word' id='word_1_33' title='bbox 686 1277 754 1325; x_wconf 92' lang='lat' dir='ltr'><strong>non</strong></span> <span class='ocrx_word' id='word_1_34' title='bbox 770 1253 938 1347; x_wconf 83' lang='lat' dir='ltr'><strong>quiescet,</strong></span> <span class='ocrx_word' id='word_1_35' title='bbox 953 1253 1065 1326; x_wconf 90' lang='lat' dir='ltr'><strong>donec</strong></span> <span class='ocrx_word' id='word_1_36' title='bbox 1078 1255 1134 1323; x_wconf 92' lang='lat' dir='ltr'><strong>vel</strong></span> 
     </span>
     <span class='ocr_line' id='line_1_6' title="bbox 57 1374 1135 1471; baseline -0.003 -23"><span class='ocrx_word' id='word_1_37' title='bbox 57 1386 92 1448; x_wconf 89' lang='lat' dir='ltr'><strong>te</strong></span> <span class='ocrx_word' id='word_1_38' title='bbox 112 1374 246 1460; x_wconf 85' lang='lat' dir='ltr'><strong>videro,</strong></span> <span class='ocrx_word' id='word_1_39' title='bbox 270 1379 325 1447; x_wconf 90' lang='lat' dir='ltr'><strong>vel</strong></span> <span class='ocrx_word' id='word_1_40' title='bbox 343 1398 405 1469; x_wconf 93' lang='lat' dir='ltr'><strong>per</strong></span> <span class='ocrx_word' id='word_1_41' title='bbox 422 1377 553 1448; x_wconf 79' lang='lat' dir='ltr'><strong>litteras</strong></span> <span class='ocrx_word' id='word_1_42' title='bbox 575 1398 756 1471; x_wconf 87' lang='lat' dir='ltr'><strong>accepero,</strong></span> <span class='ocrx_word' id='word_1_43' title='bbox 780 1378 917 1447; x_wconf 85' lang='lat' dir='ltr'><strong>salvum</strong></span> <span class='ocrx_word' id='word_1_44' title='bbox 938 1397 985 1446; x_wconf 83' lang='lat' dir='ltr'><strong>ex</strong></span> <span class='ocrx_word' id='word_1_45' title='bbox 1003 1385 1135 1466; x_wconf 89' lang='lat' dir='ltr'><strong>tempe·</strong></span> 
     </span>
     <span class='ocr_line' id='line_1_7' title="bbox 56 1497 515 1572; baseline -0.004 -2"><span class='ocrx_word' id='word_1_46' title='bbox 56 1497 205 1571; x_wconf 87' lang='lat' dir='ltr'><strong>statibus</strong></span> <span class='ocrx_word' id='word_1_47' title='bbox 222 1511 395 1571; x_wconf 89' lang='lat' dir='ltr'><strong>enatasse.</strong></span> <span class='ocrx_word' id='word_1_48' title='bbox 419 1500 515 1572; x_wconf 82' lang='lat' dir='ltr'><strong>Vale.</strong></span> 
     </span>
    </p>
   </div>
   <div class='ocr_carea' id='block_1_3' title="bbox 198 1649 516 1723">
    <p class='ocr_par' dir='ltr' id='par_1_3' title="bbox 198 1649 516 1723">
     <span class='ocr_line' id='line_1_8' title="bbox 198 1649 516 1723; baseline 0.006 -19"><span class='ocrx_word' id='word_1_49' title='bbox 198 1649 237 1705; x_wconf 86' lang='lat'><strong>111</strong></span> <span class='ocrx_word' id='word_1_50' title='bbox 253 1650 319 1706; x_wconf 85' lang='lat' dir='ltr'><strong>Idus</strong></span> <span class='ocrx_word' id='word_1_51' title='bbox 333 1651 516 1723; x_wconf 84' lang='lat' dir='ltr'><strong>Septembris.</strong></span> 
     </span>
    </p>
   </div>
   <div class='ocr_carea' id='block_1_4' title="bbox 481 1993 710 2060">
    <p class='ocr_par' dir='ltr' id='par_1_4' title="bbox 481 1993 710 2060">
     <span class='ocr_line' id='line_1_9' title="bbox 481 1993 710 2060; baseline 0 -2"><span class='ocrx_word' id='word_1_52' title='bbox 481 1993 659 2060; x_wconf 80' lang='lat' dir='ltr'>EPISTOLA</span> <span class='ocrx_word' id='word_1_53' title='bbox 679 1995 710 2058; x_wconf 94' lang='lat' dir='ltr'><strong>ll.</strong></span> 
     </span>
    </p>
   </div>
   <div class='ocr_carea' id='block_1_5' title="bbox 287 2195 904 2246">
    <p class='ocr_par' dir='ltr' id='par_1_5' title="bbox 287 2195 904 2246">
     <span class='ocr_line' id='line_1_10' title="bbox 287 2195 904 2246; baseline 0.002 -2"><span class='ocrx_word' id='word_1_54' title='bbox 287 2196 479 2246; x_wconf 74' lang='lat' dir='ltr'><strong>l‘unnctsctls</strong></span> <span class='ocrx_word' id='word_1_55' title='bbox 500 2195 668 2246; x_wconf 77' lang='lat' dir='ltr'><strong>Purntncn</strong></span> <span class='ocrx_word' id='word_1_56' title='bbox 690 2197 732 2245; x_wconf 80' lang='lat' dir='ltr'><strong>nt)</strong></span> <span class='ocrx_word' id='word_1_57' title='bbox 753 2197 904 2246; x_wconf 80' lang='lat' dir='ltr'><strong>lGllO&#39;l&#39;Ull.</strong></span> 
     </span>
    </p>
   </div>
   <div class='ocr_carea' id='block_1_6' title="bbox 73 2364 1118 2440">
    <p class='ocr_par' dir='ltr' id='par_1_6' title="bbox 73 2364 1118 2440">
     <span class='ocr_line' id='line_1_11' title="bbox 73 2364 1118 2440; baseline -0.002 -16"><span class='ocrx_word' id='word_1_58' title='bbox 73 2370 114 2423; x_wconf 86' lang='lat' dir='ltr'><strong>De</strong></span> <span class='ocrx_word' id='word_1_59' title='bbox 127 2373 216 2423; x_wconf 85' lang='lat' dir='ltr'><strong>status</strong></span> <span class='ocrx_word' id='word_1_60' title='bbox 230 2366 383 2420; x_wconf 88' lang='lat' dir='ltr'><strong>humilitate</strong></span> <span class='ocrx_word' id='word_1_61' title='bbox 397 2364 486 2436; x_wconf 84' lang='lat' dir='ltr'><strong>deque</strong></span> <span class='ocrx_word' id='word_1_62' title='bbox 500 2364 661 2420; x_wconf 82' lang='lat' dir='ltr'><strong>admiranda</strong></span> <span class='ocrx_word' id='word_1_63' title='bbox 675 2364 822 2422; x_wconf 82' lang='lat' dir='ltr'><strong>Chistianae</strong></span> <span class='ocrx_word' id='word_1_64' title='bbox 833 2366 898 2421; x_wconf 88' lang='lat' dir='ltr'><strong>lidei</strong></span> <span class='ocrx_word' id='word_1_65' title='bbox 913 2368 1118 2440; x_wconf 77' lang='lat' dir='ltr'><strong>propagatione.</strong></span> 
     </span>
    </p>
   </div>
   <div class='ocr_carea' id='block_1_7' title="bbox 56 2598 1136 4526">
    <p class='ocr_par' dir='ltr' id='par_1_7' title="bbox 56 2598 1136 4526">
     <span class='ocr_line' id='line_1_12' title="bbox 154 2598 1134 2693; baseline 0.002 -25"><span class='ocrx_word' id='word_1_66' title='bbox 154 2598 239 2683; x_wconf 91' lang='lat' dir='ltr'><strong>Noli,</strong></span> <span class='ocrx_word' id='word_1_67' title='bbox 255 2598 408 2681; x_wconf 84' lang='lat' dir='ltr'><strong>obsecro,</strong></span> <span class='ocrx_word' id='word_1_68' title='bbox 422 2601 570 2669; x_wconf 89' lang='lat' dir='ltr'><strong>amioum</strong></span> <span class='ocrx_word' id='word_1_69' title='bbox 586 2598 666 2670; x_wconf 90' lang='lat' dir='ltr'><strong>ideo</strong></span> <span class='ocrx_word' id='word_1_70' title='bbox 680 2620 859 2692; x_wconf 88' lang='lat' dir='ltr'><strong>spernere,</strong></span> <span class='ocrx_word' id='word_1_71' title='bbox 875 2599 957 2693; x_wconf 87' lang='lat' dir='ltr'><strong>quia</strong></span> <span class='ocrx_word' id='word_1_72' title='bbox 975 2599 1134 2682; x_wconf 80' lang='lat' dir='ltr'><strong>humilis3</strong></span> 
     </span>
     <span class='ocr_line' id='line_1_13' title="bbox 57 2719 1135 2817; baseline 0.001 -24"><span class='ocrx_word' id='word_1_73' title='bbox 57 2744 101 2793; x_wconf 91' lang='lat' dir='ltr'><strong>ne</strong></span> <span class='ocrx_word' id='word_1_74' title='bbox 132 2721 326 2793; x_wconf 88' lang='lat' dir='ltr'><strong>contrarius</strong></span> <span class='ocrx_word' id='word_1_75' title='bbox 359 2719 424 2791; x_wconf 86' lang='lat' dir='ltr'><strong>lias</strong></span> <span class='ocrx_word' id='word_1_76' title='bbox 453 2721 545 2793; x_wconf 88' lang='lat' dir='ltr'><strong>dicto</strong></span> <span class='ocrx_word' id='word_1_77' title='bbox 577 2722 819 2815; x_wconf 81' lang='lat' dir='ltr'><strong>irrefragabili,</strong></span> <span class='ocrx_word' id='word_1_78' title='bbox 854 2745 925 2817; x_wconf 97' lang='lat' dir='ltr'><strong>quo</strong></span> <span class='ocrx_word' id='word_1_79' title='bbox 957 2724 1135 2795; x_wconf 88' lang='lat' dir='ltr'><strong>humilitas</strong></span> 
     </span>
     <span class='ocr_line' id='line_1_14' title="bbox 57 2843 1134 2937; baseline 0 -21"><span class='ocrx_word' id='word_1_80' title='bbox 57 2844 243 2916; x_wconf 84' lang='lat' dir='ltr'><strong>exaltanda</strong></span> <span class='ocrx_word' id='word_1_81' title='bbox 256 2843 473 2937; x_wconf 90' lang='lat' dir='ltr'><strong>promittitur.</strong></span> <span class='ocrx_word' id='word_1_82' title='bbox 492 2845 581 2916; x_wconf 82' lang='lat' dir='ltr'><strong>Vera</strong></span> <span class='ocrx_word' id='word_1_83' title='bbox 594 2843 734 2936; x_wconf 92' lang='lat' dir='ltr'><strong>quidem</strong></span> <span class='ocrx_word' id='word_1_84' title='bbox 748 2846 941 2918; x_wconf 85' lang='lat' dir='ltr'><strong>humilitate</strong></span> <span class='ocrx_word' id='word_1_85' title='bbox 953 2848 1000 2915; x_wconf 90' lang='lat' dir='ltr'><strong>nil</strong></span> <span class='ocrx_word' id='word_1_86' title='bbox 1018 2846 1134 2916; x_wconf 92' lang='lat' dir='ltr'><strong>minus</strong></span> 
     </span>
     <span class='ocr_line' id='line_1_15' title="bbox 57 2965 1135 3059; baseline -0.006 -19"><span class='ocrx_word' id='word_1_87' title='bbox 57 2965 324 3059; x_wconf 83' lang='lat' dir='ltr'><strong>contemptibile,</strong></span> <span class='ocrx_word' id='word_1_88' title='bbox 340 2966 386 3036; x_wconf 92' lang='lat' dir='ltr'><strong>nil</strong></span> <span class='ocrx_word' id='word_1_89' title='bbox 407 2967 522 3037; x_wconf 94' lang='lat' dir='ltr'><strong>minus</strong></span> <span class='ocrx_word' id='word_1_90' title='bbox 542 2989 627 3038; x_wconf 89' lang='lat' dir='ltr'><strong>vera</strong></span> <span class='ocrx_word' id='word_1_91' title='bbox 648 2967 810 3059; x_wconf 89' lang='lat' dir='ltr'><strong>superbia</strong></span> <span class='ocrx_word' id='word_1_92' title='bbox 831 2968 1080 3038; x_wconf 89' lang='lat' dir='ltr'><strong>venerandum.</strong></span> <span class='ocrx_word' id='word_1_93' title='bbox 1095 2967 1135 3035; x_wconf 90' lang='lat' dir='ltr'><strong>ln</strong></span> 
     </span>
     <span class='ocr_line' id='line_1_16' title="bbox 56 3088 1133 3181; baseline -0.004 -19"><span class='ocrx_word' id='word_1_94' title='bbox 56 3089 266 3162; x_wconf 84' lang='lat' dir='ltr'><strong>discretione</strong></span> <span class='ocrx_word' id='word_1_95' title='bbox 287 3099 401 3160; x_wconf 90' lang='lat' dir='ltr'><strong>tamen</strong></span> <span class='ocrx_word' id='word_1_96' title='bbox 422 3088 526 3159; x_wconf 90' lang='lat' dir='ltr'><strong>huius</strong></span> <span class='ocrx_word' id='word_1_97' title='bbox 543 3089 608 3172; x_wconf 90' lang='lat' dir='ltr'><strong>rei,</strong></span> <span class='ocrx_word' id='word_1_98' title='bbox 630 3098 665 3160; x_wconf 91' lang='lat' dir='ltr'><strong>et</strong></span> <span class='ocrx_word' id='word_1_99' title='bbox 685 3088 829 3159; x_wconf 88' lang='lat' dir='ltr'><strong>aliarum</strong></span> <span class='ocrx_word' id='word_1_100' title='bbox 851 3109 990 3181; x_wconf 90' lang='lat' dir='ltr'><strong>quoque</strong></span> <span class='ocrx_word' id='word_1_101' title='bbox 1008 3089 1133 3158; x_wconf 89' lang='lat' dir='ltr'><strong>multa-</strong></span> 
     </span>
     <span class='ocr_line' id='line_1_17' title="bbox 57 3207 1135 3301; baseline -0.006 -17"><span class='ocrx_word' id='word_1_102' title='bbox 57 3234 145 3294; x_wconf 92' lang='lat' dir='ltr'><strong>rum,</strong></span> <span class='ocrx_word' id='word_1_103' title='bbox 168 3210 323 3281; x_wconf 80' lang='lat' dir='ltr'><strong>fallimur.</strong></span> <span class='ocrx_word' id='word_1_104' title='bbox 345 3209 441 3280; x_wconf 82' lang='lat' dir='ltr'><strong>Viles</strong></span> <span class='ocrx_word' id='word_1_105' title='bbox 461 3207 552 3279; x_wconf 92' lang='lat' dir='ltr'><strong>enim</strong></span> <span class='ocrx_word' id='word_1_106' title='bbox 574 3208 784 3301; x_wconf 91' lang='lat' dir='ltr'><strong>timidosque</strong></span> <span class='ocrx_word' id='word_1_107' title='bbox 801 3220 837 3279; x_wconf 92' lang='lat' dir='ltr'><strong>et</strong></span> <span class='ocrx_word' id='word_1_108' title='bbox 854 3208 1005 3280; x_wconf 86' lang='lat' dir='ltr'><strong>abiectos</strong></span> <span class='ocrx_word' id='word_1_109' title='bbox 1019 3209 1135 3280; x_wconf 89' lang='lat' dir='ltr'><strong>humi-</strong></span> 
     </span>
     <span class='ocr_line' id='line_1_18' title="bbox 58 3329 1132 3423; baseline -0.004 -18"><span class='ocrx_word' id='word_1_110' title='bbox 58 3336 110 3405; x_wconf 88' lang='lat' dir='ltr'><strong>les</strong></span> <span class='ocrx_word' id='word_1_111' title='bbox 117 3353 293 3413; x_wconf 88' lang='lat' dir='ltr'><strong>vocamus,</strong></span> <span class='ocrx_word' id='word_1_112' title='bbox 303 3331 544 3422; x_wconf 76' lang='lat' dir='ltr'><strong>magnanimos</strong></span> <span class='ocrx_word' id='word_1_113' title='bbox 558 3341 673 3402; x_wconf 88' lang='lat' dir='ltr'><strong>autem</strong></span> <span class='ocrx_word' id='word_1_114' title='bbox 689 3329 869 3423; x_wconf 87' lang='lat' dir='ltr'><strong>superbos.</strong></span> <span class='ocrx_word' id='word_1_115' title='bbox 878 3331 1003 3404; x_wconf 87' lang='lat' dir='ltr'><strong>Contra</strong></span> <span class='ocrx_word' id='word_1_116' title='bbox 1015 3341 1132 3404; x_wconf 90' lang='lat' dir='ltr'><strong>autem</strong></span> 
     </span>
     <span class='ocr_line' id='line_1_19' title="bbox 57 3450 1133 3548; baseline -0.002 -23"><span class='ocrx_word' id='word_1_117' title='bbox 57 3475 163 3525; x_wconf 89' lang='lat' dir='ltr'><strong>veros</strong></span> <span class='ocrx_word' id='word_1_118' title='bbox 173 3453 321 3523; x_wconf 88' lang='lat' dir='ltr'><strong>humiles</strong></span> <span class='ocrx_word' id='word_1_119' title='bbox 336 3455 423 3524; x_wconf 89' lang='lat' dir='ltr'><strong>lalso</strong></span> <span class='ocrx_word' id='word_1_120' title='bbox 435 3455 567 3525; x_wconf 89' lang='lat' dir='ltr'><strong>credita</strong></span> <span class='ocrx_word' id='word_1_121' title='bbox 579 3450 859 3548; x_wconf 88' lang='lat' dir='ltr'><strong>pusillanimitate</strong></span> <span class='ocrx_word' id='word_1_122' title='bbox 865 3455 1133 3525; x_wconf 87' lang='lat' dir='ltr'><strong>contemnimus:</strong></span> 
     </span>
     <span class='ocr_line' id='line_1_20' title="bbox 57 3573 1136 3667; baseline -0.001 -24"><span class='ocrx_word' id='word_1_123' title='bbox 57 3574 246 3647; x_wconf 84' lang='lat' dir='ltr'><strong>insolentes</strong></span> <span class='ocrx_word' id='word_1_124' title='bbox 266 3597 349 3646; x_wconf 91' lang='lat' dir='ltr'><strong>vero</strong></span> <span class='ocrx_word' id='word_1_125' title='bbox 369 3597 433 3647; x_wconf 90' lang='lat' dir='ltr'><strong>ceu</strong></span> <span class='ocrx_word' id='word_1_126' title='bbox 454 3598 538 3648; x_wconf 89' lang='lat' dir='ltr'><strong>vere</strong></span> <span class='ocrx_word' id='word_1_127' title='bbox 565 3573 803 3667; x_wconf 81' lang='lat' dir='ltr'><strong>magnanimos</strong></span> <span class='ocrx_word' id='word_1_128' title='bbox 825 3597 1043 3647; x_wconf 89' lang='lat' dir='ltr'><strong>veneramur.</strong></span> <span class='ocrx_word' id='word_1_129' title='bbox 1061 3575 1136 3646; x_wconf 90' lang='lat' dir='ltr'><strong>Sci-</strong></span> 
     </span>
     <span class='ocr_line' id='line_1_21' title="bbox 60 3696 1132 3791; baseline -0.002 -23"><span class='ocrx_word' id='word_1_130' title='bbox 60 3705 204 3791; x_wconf 90' lang='lat' dir='ltr'><strong>tumque</strong></span> <span class='ocrx_word' id='word_1_131' title='bbox 223 3708 278 3769; x_wconf 93' lang='lat' dir='ltr'><strong>est</strong></span> <span class='ocrx_word' id='word_1_132' title='bbox 302 3699 384 3771; x_wconf 91' lang='lat' dir='ltr'><strong>illud</strong></span> <span class='ocrx_word' id='word_1_133' title='bbox 411 3698 549 3770; x_wconf 87' lang='lat' dir='ltr'><strong>Catonis</strong></span> <span class='ocrx_word' id='word_1_134' title='bbox 574 3696 718 3768; x_wconf 88' lang='lat' dir='ltr'><strong>iunioris</strong></span> <span class='ocrx_word' id='word_1_135' title='bbox 743 3718 763 3768; x_wconf 92' lang='lat' dir='ltr'><strong>a</strong></span> <span class='ocrx_word' id='word_1_136' title='bbox 783 3697 945 3769; x_wconf 90' lang='lat' dir='ltr'><strong>Sallustio</strong></span> <span class='ocrx_word' id='word_1_137' title='bbox 965 3699 1132 3769; x_wconf 89' lang='lat' dir='ltr'><strong>relatum:</strong></span> 
     </span>
     <span class='ocr_line' id='line_1_22' title="bbox 66 3818 1134 3913; baseline 0.002 -25"><span class='ocrx_word' id='word_1_138' title='bbox 66 3818 149 3889; x_wconf 84' lang='lat' dir='ltr'><strong>Vera</strong></span> <span class='ocrx_word' id='word_1_139' title='bbox 160 3842 273 3891; x_wconf 81' lang='lat' dir='ltr'><strong>rorum</strong></span> <span class='ocrx_word' id='word_1_140' title='bbox 290 3823 447 3892; x_wconf 82' lang='lat' dir='ltr'><strong>vocabulo</strong></span> <span class='ocrx_word' id='word_1_141' title='bbox 463 3823 531 3891; x_wconf 83' lang='lat' dir='ltr'><strong>ium</strong></span> <span class='ocrx_word' id='word_1_142' title='bbox 548 3818 677 3913; x_wconf 83' lang='lat' dir='ltr'><strong>pridem</strong></span> <span class='ocrx_word' id='word_1_143' title='bbox 692 3820 871 3890; x_wconf 66' lang='lat' dir='ltr'><strong>enauimus.</strong></span> <span class='ocrx_word' id='word_1_144' title='bbox 887 3820 921 3890; x_wconf 93' lang='lat' dir='ltr'><strong>Si</strong></span> <span class='ocrx_word' id='word_1_145' title='bbox 934 3819 1039 3911; x_wconf 84' lang='lat' dir='ltr'><strong>igitur</strong></span> <span class='ocrx_word' id='word_1_146' title='bbox 1051 3841 1134 3890; x_wconf 90' lang='lat' dir='ltr'><strong>oon·</strong></span> 
     </span>
     <span class='ocr_line' id='line_1_23' title="bbox 61 3942 1131 4038; baseline 0.001 -27"><span class='ocrx_word' id='word_1_147' title='bbox 61 3949 130 4012; x_wconf 92' lang='lat' dir='ltr'><strong>stat</strong></span> <span class='ocrx_word' id='word_1_148' title='bbox 153 3942 198 4015; x_wconf 89' lang='lat' dir='ltr'><strong>de</strong></span> <span class='ocrx_word' id='word_1_149' title='bbox 223 3966 274 4027; x_wconf 90' lang='lat' dir='ltr'><strong>re,</strong></span> <span class='ocrx_word' id='word_1_150' title='bbox 302 3944 520 4038; x_wconf 88' lang='lat' dir='ltr'><strong>amicumque</strong></span> <span class='ocrx_word' id='word_1_151' title='bbox 547 3944 621 4027; x_wconf 84' lang='lat' dir='ltr'><strong>tihi,</strong></span> <span class='ocrx_word' id='word_1_152' title='bbox 648 3953 687 4014; x_wconf 92' lang='lat' dir='ltr'><strong>ut</strong></span> <span class='ocrx_word' id='word_1_153' title='bbox 711 3952 778 4026; x_wconf 90' lang='lat' dir='ltr'><strong>est,</strong></span> <span class='ocrx_word' id='word_1_154' title='bbox 806 3942 970 4014; x_wconf 91' lang='lat' dir='ltr'><strong>humilem</strong></span> <span class='ocrx_word' id='word_1_155' title='bbox 1000 3943 1131 4026; x_wconf 87' lang='lat' dir='ltr'><strong>lateris,</strong></span> 
     </span>
     <span class='ocr_line' id='line_1_24' title="bbox 59 4064 1134 4159; baseline -0.003 -21"><span class='ocrx_word' id='word_1_156' title='bbox 59 4064 156 4150; x_wconf 83' lang='lat' dir='ltr'><strong>vide,</strong></span> <span class='ocrx_word' id='word_1_157' title='bbox 175 4088 311 4159; x_wconf 83' lang='lat' dir='ltr'><strong>quaes0,</strong></span> <span class='ocrx_word' id='word_1_158' title='bbox 327 4090 371 4139; x_wconf 93' lang='lat' dir='ltr'><strong>ne</strong></span> <span class='ocrx_word' id='word_1_159' title='bbox 385 4068 623 4154; x_wconf 86' lang='lat' dir='ltr'><strong>humilitatem,</strong></span> <span class='ocrx_word' id='word_1_160' title='bbox 638 4065 843 4140; x_wconf 89' lang='lat' dir='ltr'><strong>altissimam</strong></span> <span class='ocrx_word' id='word_1_161' title='bbox 856 4066 1021 4137; x_wconf 83' lang='lat' dir='ltr'><strong>virtutem</strong></span> <span class='ocrx_word' id='word_1_162' title='bbox 1035 4064 1134 4136; x_wconf 92' lang='lat' dir='ltr'><strong>Chri-</strong></span> 
     </span>
     <span class='ocr_line' id='line_1_25' title="bbox 60 4188 1136 4282; baseline -0.003 -22"><span class='ocrx_word' id='word_1_163' title='bbox 60 4198 185 4282; x_wconf 93' lang='lat' dir='ltr'><strong>stoque</strong></span> <span class='ocrx_word' id='word_1_164' title='bbox 198 4190 440 4280; x_wconf 80' lang='lat' dir='ltr'><strong>gratissimam,</strong></span> <span class='ocrx_word' id='word_1_165' title='bbox 458 4189 675 4281; x_wconf 87' lang='lat' dir='ltr'><strong>despexeris,</strong></span> <span class='ocrx_word' id='word_1_166' title='bbox 691 4211 746 4272; x_wconf 88' lang='lat' dir='ltr'><strong>ne,</strong></span> <span class='ocrx_word' id='word_1_167' title='bbox 765 4190 859 4282; x_wconf 91' lang='lat' dir='ltr'><strong>quod</strong></span> <span class='ocrx_word' id='word_1_168' title='bbox 878 4209 1054 4279; x_wconf 87' lang='lat' dir='ltr'><strong>nunquam</strong></span> <span class='ocrx_word' id='word_1_169' title='bbox 1067 4188 1136 4259; x_wconf 84' lang='lat' dir='ltr'><strong>iui-</strong></span> 
     </span>
     <span class='ocr_line' id='line_1_26' title="bbox 59 4308 1132 4406; baseline -0.004 -22"><span class='ocrx_word' id='word_1_170' title='bbox 59 4313 118 4397; x_wconf 91' lang='lat' dir='ltr'><strong>sti,</strong></span> <span class='ocrx_word' id='word_1_171' title='bbox 140 4312 337 4406; x_wconf 91' lang='lat' dir='ltr'><strong>importune</strong></span> <span class='ocrx_word' id='word_1_172' title='bbox 361 4321 397 4384; x_wconf 90' lang='lat' dir='ltr'><strong>et</strong></span> <span class='ocrx_word' id='word_1_173' title='bbox 416 4310 535 4382; x_wconf 90' lang='lat' dir='ltr'><strong>odiose</strong></span> <span class='ocrx_word' id='word_1_174' title='bbox 557 4309 730 4403; x_wconf 88' lang='lat' dir='ltr'><strong>superbus</strong></span> <span class='ocrx_word' id='word_1_175' title='bbox 752 4310 912 4382; x_wconf 88' lang='lat' dir='ltr'><strong>videaris.</strong></span> <span class='ocrx_word' id='word_1_176' title='bbox 934 4308 1019 4394; x_wconf 84' lang='lat' dir='ltr'><strong>Quis</strong></span> <span class='ocrx_word' id='word_1_177' title='bbox 1039 4310 1132 4380; x_wconf 89' lang='lat' dir='ltr'><strong>enim</strong></span> 
     </span>
     <span class='ocr_line' id='line_1_27' title="bbox 59 4431 1134 4526; baseline -0.001 -21"><span class='ocrx_word' id='word_1_178' title='bbox 59 4436 116 4505; x_wconf 88' lang='lat' dir='ltr'><strong>vel</strong></span> <span class='ocrx_word' id='word_1_179' title='bbox 131 4434 316 4507; x_wconf 89' lang='lat' dir='ltr'><strong>mediocris</strong></span> <span class='ocrx_word' id='word_1_180' title='bbox 331 4431 471 4523; x_wconf 87' lang='lat' dir='ltr'><strong>ingenii,</strong></span> <span class='ocrx_word' id='word_1_181' title='bbox 487 4432 544 4526; x_wconf 90' lang='lat' dir='ltr'><strong>qui</strong></span> <span class='ocrx_word' id='word_1_182' title='bbox 560 4441 795 4526; x_wconf 86' lang='lat' dir='ltr'><strong>utrarumque,</strong></span> <span class='ocrx_word' id='word_1_183' title='bbox 810 4454 984 4505; x_wconf 90' lang='lat' dir='ltr'><strong>sacrarum</strong></span> <span class='ocrx_word' id='word_1_184' title='bbox 1004 4433 1134 4507; x_wconf 88' lang='lat' dir='ltr'><strong>scilieet</strong></span> 
     </span>
    </p>
   </div>
   <div class='ocr_carea' id='block_1_8' title="bbox 59 4536 1134 4649">
    <p class='ocr_par' dir='ltr' id='par_1_8' title="bbox 59 4536 1134 4649">
     <span class='ocr_line' id='line_1_28' title="bbox 59 4536 1134 4649; baseline 0.002 -23"><span class='ocrx_word' id='word_1_185' title='bbox 59 4577 100 4628; x_wconf 92' lang='lat' dir='ltr'><strong>ac</strong></span> <span class='ocrx_word' id='word_1_186' title='bbox 117 4557 339 4628; x_wconf 84' lang='lat' dir='ltr'><strong>saecularium</strong></span> <span class='ocrx_word' id='word_1_187' title='bbox 358 4553 606 4647; x_wconf 81' lang='lat' dir='ltr'><strong>scripturarum</strong></span> <span class='ocrx_word' id='word_1_188' title='bbox 625 4555 750 4629; x_wconf 85' lang='lat' dir='ltr'><strong>serien</strong></span> <span class='ocrx_word' id='word_1_189' title='bbox 765 4555 903 4649; x_wconf 84' lang='lat' dir='ltr'><strong>legerit,</strong></span> <span class='ocrx_word' id='word_1_190' title='bbox 921 4578 991 4630; x_wconf 90' lang='lat' dir='ltr'><strong>non</strong></span> <span class='ocrx_word' id='word_1_191' title='bbox 1007 4536 1134 4632; x_wconf 85' lang='lat' dir='ltr'><strong>adver-</strong></span> 
     </span>
    </p>
   </div>
   <div class='ocr_carea' id='block_1_9' title="bbox 0 0 1352 5024">
    <p class='ocr_par' dir='ltr' id='par_1_9' title="bbox 0 0 1352 5024">
     <span class='ocr_line' id='line_1_29' title="bbox 0 0 1352 5024; baseline 0 0"><span class='ocrx_word' id='word_1_192' title='bbox 0 0 1352 5024; x_wconf 95' lang='lat' dir='ltr'><strong> </strong></span> 
     </span>
    </p>
   </div>
  </div>
 </body>
</html>
