<?xml version="1.0" encoding="UTF-8"?>
<!DOCTYPE html PUBLIC "-//W3C//DTD XHTML 1.0 Transitional//EN"
    "http://www.w3.org/TR/xhtml1/DTD/xhtml1-transitional.dtd">
<html xmlns="http://www.w3.org/1999/xhtml" xml:lang="en" lang="en">
 <head>
  <title>
</title>
<meta http-equiv="Content-Type" content="text/html;charset=utf-8" />
  <meta name='ocr-system' content='tesseract 3.04.00' />
  <meta name='ocr-capabilities' content='ocr_page ocr_carea ocr_par ocr_line ocrx_word'/>
</head>
<body>
  <div class='ocr_page' id='page_1' title='image "./epistolaederebu00fracgoog_0202.png"; bbox 0 0 2692 5024; ppageno 0'>
   <div class='ocr_carea' id='block_1_1' title="bbox 399 665 1184 729">
    <p class='ocr_par' dir='ltr' id='par_1_1' title="bbox 399 665 1184 729">
     <span class='ocr_line' id='line_1_1' title="bbox 399 665 1184 729; baseline 0 -2"><span class='ocrx_word' id='word_1_1' title='bbox 399 677 492 727; x_wconf 73' lang='lat' dir='ltr'><strong>clena</strong></span> <span class='ocrx_word' id='word_1_2' title='bbox 512 677 634 729; x_wconf 68' lang='lat' dir='ltr'><strong>smnus</strong></span> <span class='ocrx_word' id='word_1_3' title='bbox 646 675 850 727; x_wconf 73' lang='lat' dir='ltr'><strong>-ssrlsrona</strong></span> <span class='ocrx_word' id='word_1_4' title='bbox 868 678 899 727; x_wconf 88' lang='lat' dir='ltr'><strong>ll.</strong></span> <span class='ocrx_word' id='word_1_5' title='bbox 1144 665 1184 727; x_wconf 71' lang='grc'><strong>39</strong></span> 
     </span>
    </p>
   </div>
   <div class='ocr_carea' id='block_1_2' title="bbox 115 821 1249 2389">
    <p class='ocr_par' dir='ltr' id='par_1_2' title="bbox 115 821 1249 2389">
     <span class='ocr_line' id='line_1_2' title="bbox 115 821 1186 916; baseline -0.001 -20"><span class='ocrx_word' id='word_1_6' title='bbox 115 824 331 906; x_wconf 78' lang='lat' dir='ltr'><strong>Aristotelea,</strong></span> <span class='ocrx_word' id='word_1_7' title='bbox 365 821 410 894; x_wconf 89' lang='lat' dir='ltr'><strong>ad</strong></span> <span class='ocrx_word' id='word_1_8' title='bbox 442 842 561 892; x_wconf 89' lang='lat' dir='ltr'><strong>omnes</strong></span> <span class='ocrx_word' id='word_1_9' title='bbox 595 822 714 894; x_wconf 88' lang='lat' dir='ltr'><strong>traho:</strong></span> <span class='ocrx_word' id='word_1_10' title='bbox 746 844 956 916; x_wconf 89' lang='lat' dir='ltr'><strong>quamquam</strong></span> <span class='ocrx_word' id='word_1_11' title='bbox 982 823 1013 893; x_wconf 90' lang='lat' dir='ltr'><strong>si</strong></span> <span class='ocrx_word' id='word_1_12' title='bbox 1038 833 1186 916; x_wconf 84' lang='lat' dir='ltr'><strong>uterque</strong></span> 
     </span>
     <span class='ocr_line' id='line_1_3' title="bbox 115 944 1184 1037; baseline -0.002 -17"><span class='ocrx_word' id='word_1_13' title='bbox 115 951 244 1020; x_wconf 81' lang='lat' dir='ltr'><strong>tructus</strong></span> <span class='ocrx_word' id='word_1_14' title='bbox 266 956 485 1037; x_wconf 87' lang='lat' dir='ltr'><strong>sequeretur,</strong></span> <span class='ocrx_word' id='word_1_15' title='bbox 513 944 772 1017; x_wconf 75' lang='lat' dir='ltr'><strong>fortunatiorem</strong></span> <span class='ocrx_word' id='word_1_16' title='bbox 796 968 913 1016; x_wconf 91' lang='lat' dir='ltr'><strong>meum</strong></span> <span class='ocrx_word' id='word_1_17' title='bbox 938 944 1091 1017; x_wconf 87' lang='lat' dir='ltr'><strong>laborem</strong></span> <span class='ocrx_word' id='word_1_18' title='bbox 1116 970 1184 1018; x_wconf 94' lang='lat' dir='ltr'><strong>non</strong></span> 
     </span>
     <span class='ocr_line' id='line_1_4' title="bbox 116 1066 1186 1165; baseline -0.004 -22"><span class='ocrx_word' id='word_1_19' title='bbox 116 1091 291 1165; x_wconf 80' lang='lat' dir='ltr'><strong>negarem.</strong></span> <span class='ocrx_word' id='word_1_20' title='bbox 313 1066 387 1138; x_wconf 86' lang='lat' dir='ltr'>Tibi</span> <span class='ocrx_word' id='word_1_21' title='bbox 407 1078 535 1154; x_wconf 88' lang='lat' dir='ltr'><strong>autem,</strong></span> <span class='ocrx_word' id='word_1_22' title='bbox 557 1078 669 1161; x_wconf 87' lang='lat' dir='ltr'><strong>pater,</strong></span> <span class='ocrx_word' id='word_1_23' title='bbox 697 1067 825 1159; x_wconf 88' lang='lat' dir='ltr'><strong>gratias</strong></span> <span class='ocrx_word' id='word_1_24' title='bbox 851 1091 932 1161; x_wconf 85' lang='lat' dir='ltr'><strong>ago,</strong></span> <span class='ocrx_word' id='word_1_25' title='bbox 959 1067 1019 1163; x_wconf 91' lang='lat' dir='ltr'><strong>qui</strong></span> <span class='ocrx_word' id='word_1_26' title='bbox 1044 1092 1100 1140; x_wconf 89' lang='lat' dir='ltr'><strong>me</strong></span> <span class='ocrx_word' id='word_1_27' title='bbox 1125 1091 1186 1163; x_wconf 86' lang='lat' dir='ltr'><strong>pa-</strong></span> 
     </span>
     <span class='ocr_line' id='line_1_5' title="bbox 116 1189 1183 1283; baseline -0.003 -16"><span class='ocrx_word' id='word_1_28' title='bbox 116 1207 213 1267; x_wconf 87' lang='lat' dir='ltr'><strong>terne</strong></span> <span class='ocrx_word' id='word_1_29' title='bbox 232 1211 368 1278; x_wconf 91' lang='lat' dir='ltr'><strong>mones,</strong></span> <span class='ocrx_word' id='word_1_30' title='bbox 390 1201 427 1263; x_wconf 92' lang='lat' dir='ltr'><strong>et</strong></span> <span class='ocrx_word' id='word_1_31' title='bbox 444 1214 505 1263; x_wconf 93' lang='lat' dir='ltr'><strong>oro</strong></span> <span class='ocrx_word' id='word_1_32' title='bbox 525 1201 563 1264; x_wconf 89' lang='lat' dir='ltr'><strong>ut</strong></span> <span class='ocrx_word' id='word_1_33' title='bbox 582 1191 674 1262; x_wconf 90' lang='lat' dir='ltr'><strong>idem</strong></span> <span class='ocrx_word' id='word_1_34' title='bbox 697 1212 792 1283; x_wconf 87' lang='lat' dir='ltr'><strong>saepe</strong></span> <span class='ocrx_word' id='word_1_35' title='bbox 812 1189 929 1263; x_wconf 89' lang='lat' dir='ltr'><strong>lacias.</strong></span> <span class='ocrx_word' id='word_1_36' title='bbox 955 1191 1025 1264; x_wconf 88' lang='lat' dir='ltr'><strong>Sed</strong></span> <span class='ocrx_word' id='word_1_37' title='bbox 1051 1191 1101 1263; x_wconf 90' lang='lat' dir='ltr'><strong>sic</strong></span> <span class='ocrx_word' id='word_1_38' title='bbox 1121 1192 1183 1264; x_wconf 92' lang='lat' dir='ltr'><strong>ha-</strong></span> 
     </span>
     <span class='ocr_line' id='line_1_6' title="bbox 117 1314 1182 1407; baseline -0.003 -17"><span class='ocrx_word' id='word_1_39' title='bbox 117 1318 210 1401; x_wconf 88' lang='lat' dir='ltr'><strong>beto,</strong></span> <span class='ocrx_word' id='word_1_40' title='bbox 232 1337 289 1387; x_wconf 89' lang='lat' dir='ltr'><strong>me</strong></span> <span class='ocrx_word' id='word_1_41' title='bbox 307 1315 374 1387; x_wconf 87' lang='lat' dir='ltr'><strong>iam</strong></span> <span class='ocrx_word' id='word_1_42' title='bbox 392 1315 472 1386; x_wconf 91' lang='lat' dir='ltr'><strong>hinc</strong></span> <span class='ocrx_word' id='word_1_43' title='bbox 491 1314 640 1407; x_wconf 88' lang='lat' dir='ltr'><strong>coepissc</strong></span> <span class='ocrx_word' id='word_1_44' title='bbox 659 1334 870 1407; x_wconf 78' lang='lat' dir='ltr'><strong>cognoscere</strong></span> <span class='ocrx_word' id='word_1_45' title='bbox 887 1336 1029 1387; x_wconf 90' lang='lat' dir='ltr'><strong>cursum</strong></span> <span class='ocrx_word' id='word_1_46' title='bbox 1050 1338 1182 1401; x_wconf 90' lang='lat' dir='ltr'><strong>meum,</strong></span> 
     </span>
     <span class='ocr_line' id='line_1_7' title="bbox 117 1436 1185 1535; baseline -0.003 -22"><span class='ocrx_word' id='word_1_47' title='bbox 117 1453 152 1513; x_wconf 92' lang='lat' dir='ltr'><strong>et</strong></span> <span class='ocrx_word' id='word_1_48' title='bbox 173 1439 326 1535; x_wconf 90' lang='lat' dir='ltr'><strong>pericula</strong></span> <span class='ocrx_word' id='word_1_49' title='bbox 349 1459 547 1524; x_wconf 90' lang='lat' dir='ltr'><strong>numerare,</strong></span> <span class='ocrx_word' id='word_1_50' title='bbox 568 1447 604 1507; x_wconf 89' lang='lat' dir='ltr'><strong>ct</strong></span> <span class='ocrx_word' id='word_1_51' title='bbox 622 1437 747 1508; x_wconf 90' lang='lat' dir='ltr'><strong>multos</strong></span> <span class='ocrx_word' id='word_1_52' title='bbox 773 1457 879 1509; x_wconf 89' lang='lat' dir='ltr'><strong>nosse</strong></span> <span class='ocrx_word' id='word_1_53' title='bbox 904 1436 1098 1531; x_wconf 87' lang='lat' dir='ltr'><strong>decrepitos</strong></span> <span class='ocrx_word' id='word_1_54' title='bbox 1128 1461 1185 1510; x_wconf 89' lang='lat' dir='ltr'><strong>me</strong></span> 
     </span>
     <span class='ocr_line' id='line_1_8' title="bbox 118 1557 1186 1635; baseline 0.001 -1"><span class='ocrx_word' id='word_1_55' title='bbox 118 1562 217 1634; x_wconf 89' lang='lat' dir='ltr'><strong>altius</strong></span> <span class='ocrx_word' id='word_1_56' title='bbox 237 1560 335 1632; x_wconf 88' lang='lat' dir='ltr'><strong>humi</strong></span> <span class='ocrx_word' id='word_1_57' title='bbox 356 1558 446 1631; x_wconf 80' lang='lat' dir='ltr'><strong>fixos</strong></span> <span class='ocrx_word' id='word_1_58' title='bbox 471 1581 511 1630; x_wconf 89' lang='lat' dir='ltr'><strong>ac</strong></span> <span class='ocrx_word' id='word_1_59' title='bbox 530 1557 686 1630; x_wconf 84' lang='lat' dir='ltr'><strong>tenacius</strong></span> <span class='ocrx_word' id='word_1_60' title='bbox 710 1557 933 1631; x_wconf 87' lang='lat' dir='ltr'><strong>inhaerentes.</strong></span> <span class='ocrx_word' id='word_1_61' title='bbox 960 1561 1105 1632; x_wconf 86' lang='lat' dir='ltr'><strong>Multum</strong></span> <span class='ocrx_word' id='word_1_62' title='bbox 1130 1583 1186 1635; x_wconf 87' lang='lat' dir='ltr'><strong>me</strong></span> 
     </span>
     <span class='ocr_line' id='line_1_9' title="bbox 119 1680 1198 1777; baseline 0 -20"><span class='ocrx_word' id='word_1_63' title='bbox 119 1687 224 1777; x_wconf 86' lang='lat' dir='ltr'><strong>tangit</strong></span> <span class='ocrx_word' id='word_1_64' title='bbox 243 1684 328 1756; x_wconf 92' lang='lat' dir='ltr'><strong>illud</strong></span> <span class='ocrx_word' id='word_1_65' title='bbox 346 1682 529 1755; x_wconf 89' lang='lat' dir='ltr'><strong>Domitiani</strong></span> <span class='ocrx_word' id='word_1_66' title='bbox 548 1680 711 1775; x_wconf 88' lang='lat' dir='ltr'><strong>principis</strong></span> <span class='ocrx_word' id='word_1_67' title='bbox 731 1681 800 1755; x_wconf 90' lang='lat' dir='ltr'><strong>iam</strong></span> <span class='ocrx_word' id='word_1_68' title='bbox 821 1684 1056 1756; x_wconf 86' lang='lat' dir='ltr'><strong>senescentis:</strong></span> <span class='ocrx_word' id='word_1_69' title='bbox 1076 1684 1198 1771; x_wconf 77' lang='lat' dir='ltr'><strong>Nitlt,</strong></span> 
     </span>
     <span class='ocr_line' id='line_1_10' title="bbox 118 1805 1187 1902; baseline 0.005 -25"><span class='ocrx_word' id='word_1_70' title='bbox 118 1807 239 1902; x_wconf 86' lang='lat' dir='ltr'><strong>inquil,</strong></span> <span class='ocrx_word' id='word_1_71' title='bbox 255 1808 382 1900; x_wconf 71' lang='lat' dir='ltr'><strong>gratim</strong></span> <span class='ocrx_word' id='word_1_72' title='bbox 401 1805 526 1890; x_wconf 72' lang='lat' dir='ltr'><strong>decom,</strong></span> <span class='ocrx_word' id='word_1_73' title='bbox 544 1808 595 1878; x_wconf 78' lang='lat' dir='ltr'><strong>ait</strong></span> <span class='ocrx_word' id='word_1_74' title='bbox 613 1806 752 1877; x_wconf 64' lang='lat' dir='ltr'><strong>trevia</strong></span> <span class='ocrx_word' id='word_1_75' title='bbox 773 1806 818 1877; x_wconf 83' lang='lat' dir='ltr'><strong>Et</strong></span> <span class='ocrx_word' id='word_1_76' title='bbox 833 1805 918 1880; x_wconf 92' lang='lat' dir='ltr'><strong>illud</strong></span> <span class='ocrx_word' id='word_1_77' title='bbox 935 1807 1073 1881; x_wconf 86' lang='lat' dir='ltr'><strong>Catonis</strong></span> <span class='ocrx_word' id='word_1_78' title='bbox 1091 1809 1187 1882; x_wconf 87' lang='lat' dir='ltr'><strong>senis</strong></span> 
     </span>
     <span class='ocr_line' id='line_1_11' title="bbox 119 1927 1187 2024; baseline -0.001 -21"><span class='ocrx_word' id='word_1_79' title='bbox 119 1932 211 2024; x_wconf 88' lang='lat' dir='ltr'><strong>apud</strong></span> <span class='ocrx_word' id='word_1_80' title='bbox 235 1929 399 2004; x_wconf 84' lang='lat' dir='ltr'><strong>Tullium:</strong></span> <span class='ocrx_word' id='word_1_81' title='bbox 429 1927 512 2018; x_wconf 75' lang='lat' dir='ltr'><strong>Quis</strong></span> <span class='ocrx_word' id='word_1_82' title='bbox 530 1940 577 2001; x_wconf 80' lang='lat' dir='ltr'><strong>cst</strong></span> <span class='ocrx_word' id='word_1_83' title='bbox 602 1941 670 2001; x_wconf 85' lang='lat' dir='ltr'><strong>tum</strong></span> <span class='ocrx_word' id='word_1_84' title='bbox 692 1931 825 2013; x_wconf 73' lang='lat' dir='ltr'><strong>eludas,</strong></span> <span class='ocrx_word' id='word_1_85' title='bbox 847 1932 998 2021; x_wconf 65' lang='lat' dir='ltr'><strong>quamvls</strong></span> <span class='ocrx_word' id='word_1_86' title='bbox 1016 1933 1058 2000; x_wconf 76' lang='lat' dir='ltr'><strong>sit</strong></span> <span class='ocrx_word' id='word_1_87' title='bbox 1077 1930 1187 2002; x_wconf 84' lang='lat' dir='ltr'><strong>adole-</strong></span> 
     </span>
     <span class='ocr_line' id='line_1_12' title="bbox 119 2050 1189 2146; baseline 0.001 -22"><span class='ocrx_word' id='word_1_88' title='bbox 119 2075 222 2138; x_wconf 79' lang='lat' dir='ltr'><strong>sceus,</strong></span> <span class='ocrx_word' id='word_1_89' title='bbox 242 2057 298 2124; x_wconf 77' lang='lat' dir='ltr'><strong>cai</strong></span> <span class='ocrx_word' id='word_1_90' title='bbox 313 2055 356 2125; x_wconf 80' lang='lat' dir='ltr'><strong>sit</strong></span> <span class='ocrx_word' id='word_1_91' title='bbox 375 2054 585 2146; x_wconf 63' lang='grc' dir='ltr'>εωιιὶοταιιιιιι</span> <span class='ocrx_word' id='word_1_92' title='bbox 603 2050 648 2122; x_wconf 83' lang='lat' dir='ltr'><strong>ud</strong></span> <span class='ocrx_word' id='word_1_93' title='bbox 664 2074 835 2144; x_wconf 76' lang='lat' dir='ltr'><strong>vesperam</strong></span> <span class='ocrx_word' id='word_1_94' title='bbox 855 2073 922 2123; x_wconf 79' lang='lat' dir='ltr'><strong>csse</strong></span> <span class='ocrx_word' id='word_1_95' title='bbox 942 2054 1128 2124; x_wconf 75' lang='lat' dir='ltr'><strong>victarum?</strong></span> <span class='ocrx_word' id='word_1_96' title='bbox 1143 2054 1189 2126; x_wconf 85' lang='lat' dir='ltr'><strong>Et</strong></span> 
     </span>
     <span class='ocr_line' id='line_1_13' title="bbox 119 2152 1249 2268; baseline -0.001 -19"><span class='ocrx_word' id='word_1_97' title='bbox 119 2176 201 2250; x_wconf 90' lang='lat' dir='ltr'><strong>illud</strong></span> <span class='ocrx_word' id='word_1_98' title='bbox 224 2175 358 2268; x_wconf 83' lang='lat' dir='ltr'><strong>Virgilii</strong></span> <span class='ocrx_word' id='word_1_99' title='bbox 382 2187 463 2248; x_wconf 88' lang='lat' dir='ltr'><strong>tunc</strong></span> <span class='ocrx_word' id='word_1_100' title='bbox 485 2173 622 2246; x_wconf 87' lang='lat' dir='ltr'><strong>iuvenis</strong></span> <span class='ocrx_word' id='word_1_101' title='bbox 646 2173 843 2245; x_wconf 87' lang='lat' dir='ltr'><strong>iuveniliter</strong></span> <span class='ocrx_word' id='word_1_102' title='bbox 865 2174 1009 2262; x_wconf 86' lang='lat' dir='ltr'><strong>dictum,</strong></span> <span class='ocrx_word' id='word_1_103' title='bbox 1037 2176 1101 2248; x_wconf 88' lang='lat' dir='ltr'><strong>sed</strong></span> <span class='ocrx_word' id='word_1_104' title='bbox 1125 2198 1188 2248; x_wconf 80' lang='lat' dir='ltr'><strong>vc·</strong></span> <span class='ocrx_word' id='word_1_105' title='bbox 1244 2152 1249 2163; x_wconf 44' lang='lat'><strong>⁴</strong></span> 
     </span>
     <span class='ocr_line' id='line_1_14' title="bbox 120 2297 696 2389; baseline -0.009 -19"><span class='ocrx_word' id='word_1_106' title='bbox 120 2321 169 2382; x_wconf 90' lang='lat' dir='ltr'><strong>re,</strong></span> <span class='ocrx_word' id='word_1_107' title='bbox 191 2297 257 2371; x_wconf 88' lang='lat' dir='ltr'><strong>sed</strong></span> <span class='ocrx_word' id='word_1_108' title='bbox 275 2297 440 2389; x_wconf 80' lang='lat' dir='ltr'><strong>graviter,</strong></span> <span class='ocrx_word' id='word_1_109' title='bbox 463 2297 527 2370; x_wconf 90' lang='lat' dir='ltr'><strong>sed</strong></span> <span class='ocrx_word' id='word_1_110' title='bbox 547 2308 696 2369; x_wconf 91' lang='lat' dir='ltr'><strong>mature:</strong></span> 
     </span>
    </p>
   </div>
   <div class='ocr_carea' id='block_1_3' title="bbox 237 2456 1114 2660">
    <p class='ocr_par' dir='ltr' id='par_1_3' title="bbox 237 2456 1114 2660">
     <span class='ocr_line' id='line_1_15' title="bbox 237 2456 1114 2561; baseline -0.002 -15"><span class='ocrx_word' id='word_1_111' title='bbox 237 2478 346 2561; x_wconf 84' lang='lat' dir='ltr'><strong>Collige</strong></span> <span class='ocrx_word' id='word_1_112' title='bbox 364 2497 438 2545; x_wconf 86' lang='lat' dir='ltr'><strong>vere</strong></span> <span class='ocrx_word' id='word_1_113' title='bbox 454 2456 553 2559; x_wconf 82' lang='lat' dir='ltr'><strong>rosas,</strong></span> <span class='ocrx_word' id='word_1_114' title='bbox 570 2482 644 2546; x_wconf 91' lang='lat' dir='ltr'><strong>dum</strong></span> <span class='ocrx_word' id='word_1_115' title='bbox 660 2483 715 2545; x_wconf 90' lang='lat' dir='ltr'><strong>llos</strong></span> <span class='ocrx_word' id='word_1_116' title='bbox 732 2497 843 2558; x_wconf 85' lang='lat' dir='ltr'><strong>novus,</strong></span> <span class='ocrx_word' id='word_1_117' title='bbox 860 2486 889 2543; x_wconf 86' lang='lat' dir='ltr'><strong>et</strong></span> <span class='ocrx_word' id='word_1_118' title='bbox 906 2495 984 2543; x_wconf 89' lang='lat' dir='ltr'><strong>nova</strong></span> <span class='ocrx_word' id='word_1_119' title='bbox 1001 2479 1099 2560; x_wconf 87' lang='lat' dir='ltr'><strong>pubes</strong></span> <span class='ocrx_word' id='word_1_120' title='bbox 1104 2503 1114 2558; x_wconf 92' lang='lat'>;</span> 
     </span>
     <span class='ocr_line' id='line_1_16' title="bbox 295 2579 1030 2660; baseline -0.003 -19"><span class='ocrx_word' id='word_1_121' title='bbox 295 2579 332 2641; x_wconf 83' lang='lat' dir='ltr'><strong>Et</strong></span> <span class='ocrx_word' id='word_1_122' title='bbox 351 2593 472 2641; x_wconf 90' lang='lat' dir='ltr'><strong>memor</strong></span> <span class='ocrx_word' id='word_1_123' title='bbox 488 2585 554 2641; x_wconf 85' lang='lat' dir='ltr'><strong>esto</strong></span> <span class='ocrx_word' id='word_1_124' title='bbox 570 2595 674 2643; x_wconf 79' lang='lat' dir='ltr'><strong>erum</strong></span> <span class='ocrx_word' id='word_1_125' title='bbox 690 2580 734 2644; x_wconf 89' lang='lat' dir='ltr'><strong>sic</strong></span> <span class='ocrx_word' id='word_1_126' title='bbox 749 2594 915 2660; x_wconf 84' lang='lat' dir='ltr'><strong>properare</strong></span> <span class='ocrx_word' id='word_1_127' title='bbox 930 2583 1030 2640; x_wconf 87' lang='lat' dir='ltr'><strong>tuum.</strong></span> 
     </span>
    </p>
   </div>
   <div class='ocr_carea' id='block_1_4' title="bbox 116 2756 1189 3937">
    <p class='ocr_par' dir='ltr' id='par_1_4' title="bbox 116 2756 1189 3937">
     <span class='ocr_line' id='line_1_17' title="bbox 117 2756 1189 2852; baseline 0.004 -25"><span class='ocrx_word' id='word_1_128' title='bbox 117 2757 191 2850; x_wconf 83' lang='lat' dir='ltr'><strong>Ego</strong></span> <span class='ocrx_word' id='word_1_129' title='bbox 207 2776 294 2827; x_wconf 91' lang='lat' dir='ltr'><strong>vero</strong></span> <span class='ocrx_word' id='word_1_130' title='bbox 313 2776 446 2827; x_wconf 92' lang='lat' dir='ltr'><strong>memor</strong></span> <span class='ocrx_word' id='word_1_131' title='bbox 463 2778 554 2843; x_wconf 89' lang='lat' dir='ltr'><strong>sum,</strong></span> <span class='ocrx_word' id='word_1_132' title='bbox 581 2768 616 2830; x_wconf 90' lang='lat' dir='ltr'><strong>et</strong></span> <span class='ocrx_word' id='word_1_133' title='bbox 640 2756 801 2851; x_wconf 87' lang='lat' dir='ltr'><strong>quamvis</strong></span> <span class='ocrx_word' id='word_1_134' title='bbox 819 2757 973 2830; x_wconf 92' lang='lat' dir='ltr'><strong>nondum</strong></span> <span class='ocrx_word' id='word_1_135' title='bbox 989 2759 1091 2852; x_wconf 90' lang='lat' dir='ltr'><strong>plene</strong></span> <span class='ocrx_word' id='word_1_136' title='bbox 1106 2779 1189 2852; x_wconf 91' lang='lat' dir='ltr'><strong>pos-</strong></span> 
     </span>
     <span class='ocr_line' id='line_1_18' title="bbox 118 2879 1188 2975; baseline 0 -23"><span class='ocrx_word' id='word_1_137' title='bbox 118 2880 195 2965; x_wconf 88' lang='lat' dir='ltr'><strong>sim,</strong></span> <span class='ocrx_word' id='word_1_138' title='bbox 217 2879 331 2972; x_wconf 86' lang='lat' dir='ltr'><strong>cogito</strong></span> <span class='ocrx_word' id='word_1_139' title='bbox 347 2889 462 2951; x_wconf 85' lang='lat' dir='ltr'><strong>tamen</strong></span> <span class='ocrx_word' id='word_1_140' title='bbox 487 2890 526 2951; x_wconf 91' lang='lat' dir='ltr'><strong>ut</strong></span> <span class='ocrx_word' id='word_1_141' title='bbox 544 2902 699 2974; x_wconf 91' lang='lat' dir='ltr'><strong>possum,</strong></span> <span class='ocrx_word' id='word_1_142' title='bbox 721 2881 806 2952; x_wconf 91' lang='lat' dir='ltr'><strong>etin</strong></span> <span class='ocrx_word' id='word_1_143' title='bbox 826 2882 902 2954; x_wconf 88' lang='lat' dir='ltr'><strong>dies</strong></span> <span class='ocrx_word' id='word_1_144' title='bbox 923 2891 962 2954; x_wconf 92' lang='lat' dir='ltr'><strong>ut</strong></span> <span class='ocrx_word' id='word_1_145' title='bbox 985 2881 1188 2975; x_wconf 80' lang='lat' dir='ltr'><strong>profundius</strong></span> 
     </span>
     <span class='ocr_line' id='line_1_19' title="bbox 118 3001 1189 3095; baseline -0.001 -21"><span class='ocrx_word' id='word_1_146' title='bbox 118 3001 248 3095; x_wconf 91' lang='lat' dir='ltr'><strong>possim</strong></span> <span class='ocrx_word' id='word_1_147' title='bbox 268 3001 369 3074; x_wconf 88' lang='lat' dir='ltr'><strong>nitor.</strong></span> <span class='ocrx_word' id='word_1_148' title='bbox 396 3001 515 3094; x_wconf 86' lang='lat' dir='ltr'><strong>Cogito</strong></span> <span class='ocrx_word' id='word_1_149' title='bbox 540 3025 610 3075; x_wconf 94' lang='lat' dir='ltr'><strong>non</strong></span> <span class='ocrx_word' id='word_1_150' title='bbox 635 3003 729 3095; x_wconf 91' lang='lat' dir='ltr'><strong>quod</strong></span> <span class='ocrx_word' id='word_1_151' title='bbox 753 3002 828 3074; x_wconf 92' lang='lat' dir='ltr'><strong>aliis</strong></span> <span class='ocrx_word' id='word_1_152' title='bbox 848 3003 988 3087; x_wconf 90' lang='lat' dir='ltr'><strong>videor,</strong></span> <span class='ocrx_word' id='word_1_153' title='bbox 1012 3001 1076 3073; x_wconf 91' lang='lat' dir='ltr'><strong>sed</strong></span> <span class='ocrx_word' id='word_1_154' title='bbox 1095 3001 1189 3094; x_wconf 91' lang='lat' dir='ltr'><strong>quod</strong></span> 
     </span>
     <span class='ocr_line' id='line_1_20' title="bbox 119 3125 1188 3218; baseline -0.003 -22"><span class='ocrx_word' id='word_1_155' title='bbox 119 3146 210 3209; x_wconf 92' lang='lat' dir='ltr'><strong>sum,</strong></span> <span class='ocrx_word' id='word_1_156' title='bbox 231 3134 267 3198; x_wconf 90' lang='lat' dir='ltr'><strong>et</strong></span> <span class='ocrx_word' id='word_1_157' title='bbox 284 3134 424 3197; x_wconf 80' lang='lat' dir='ltr'><strong>aetatem</strong></span> <span class='ocrx_word' id='word_1_158' title='bbox 444 3125 553 3211; x_wconf 90' lang='lat' dir='ltr'><strong>hanc,</strong></span> <span class='ocrx_word' id='word_1_159' title='bbox 581 3135 616 3196; x_wconf 88' lang='lat' dir='ltr'><strong>et</strong></span> <span class='ocrx_word' id='word_1_160' title='bbox 636 3127 924 3218; x_wconf 88' lang='lat' dir='ltr'><strong>qualemcumque</strong></span> <span class='ocrx_word' id='word_1_161' title='bbox 949 3125 1094 3195; x_wconf 82' lang='lat' dir='ltr'><strong>formam</strong></span> <span class='ocrx_word' id='word_1_162' title='bbox 1111 3145 1188 3195; x_wconf 91' lang='lat' dir='ltr'><strong>cor-</strong></span> 
     </span>
     <span class='ocr_line' id='line_1_21' title="bbox 116 3243 1186 3345; baseline -0.001 -25"><span class='ocrx_word' id='word_1_163' title='bbox 116 3247 232 3343; x_wconf 88' lang='lat' dir='ltr'><strong>poris,</strong></span> <span class='ocrx_word' id='word_1_164' title='bbox 253 3249 440 3342; x_wconf 86' lang='lat' dir='ltr'><strong>etreliqua</strong></span> <span class='ocrx_word' id='word_1_165' title='bbox 461 3248 566 3345; x_wconf 86' lang='lat' dir='ltr'><strong>(unde</strong></span> <span class='ocrx_word' id='word_1_166' title='bbox 585 3249 670 3321; x_wconf 90' lang='lat' dir='ltr'><strong>mihi</strong></span> <span class='ocrx_word' id='word_1_167' title='bbox 686 3251 802 3321; x_wconf 82' lang='lat' dir='ltr'><strong>forsan</strong></span> <span class='ocrx_word' id='word_1_168' title='bbox 828 3248 872 3319; x_wconf 88' lang='lat' dir='ltr'><strong>ab</strong></span> <span class='ocrx_word' id='word_1_169' title='bbox 897 3245 973 3319; x_wconf 91' lang='lat' dir='ltr'><strong>aliis</strong></span> <span class='ocrx_word' id='word_1_170' title='bbox 1000 3243 1186 3341; x_wconf 87' lang='lat' dir='ltr'><strong>invidetur)</strong></span> 
     </span>
     <span class='ocr_line' id='line_1_22' title="bbox 118 3368 1188 3467; baseline -0.003 -24"><span class='ocrx_word' id='word_1_171' title='bbox 118 3373 229 3444; x_wconf 89' lang='lat' dir='ltr'><strong>sentio</strong></span> <span class='ocrx_word' id='word_1_172' title='bbox 248 3372 329 3444; x_wconf 86' lang='lat' dir='ltr'><strong>dala</strong></span> <span class='ocrx_word' id='word_1_173' title='bbox 346 3372 431 3443; x_wconf 91' lang='lat' dir='ltr'><strong>mihi</strong></span> <span class='ocrx_word' id='word_1_174' title='bbox 448 3372 493 3445; x_wconf 88' lang='lat' dir='ltr'><strong>ad</strong></span> <span class='ocrx_word' id='word_1_175' title='bbox 509 3372 719 3467; x_wconf 88' lang='lat' dir='ltr'><strong>periculum,</strong></span> <span class='ocrx_word' id='word_1_176' title='bbox 746 3371 791 3444; x_wconf 86' lang='lat' dir='ltr'><strong>ad</strong></span> <span class='ocrx_word' id='word_1_177' title='bbox 816 3368 1042 3455; x_wconf 79' lang='lat' dir='ltr'><strong>exercitium,</strong></span> <span class='ocrx_word' id='word_1_178' title='bbox 1069 3368 1114 3441; x_wconf 90' lang='lat' dir='ltr'><strong>ad</strong></span> <span class='ocrx_word' id='word_1_179' title='bbox 1138 3370 1188 3440; x_wconf 90' lang='lat' dir='ltr'><strong>la-</strong></span> 
     </span>
     <span class='ocr_line' id='line_1_23' title="bbox 117 3492 1189 3591; baseline -0.003 -26"><span class='ocrx_word' id='word_1_180' title='bbox 117 3492 249 3565; x_wconf 87' lang='lat' dir='ltr'><strong>borem.</strong></span> <span class='ocrx_word' id='word_1_181' title='bbox 266 3494 422 3590; x_wconf 85' lang='lat' dir='ltr'><strong>Denique</strong></span> <span class='ocrx_word' id='word_1_182' title='bbox 440 3495 490 3591; x_wconf 90' lang='lat' dir='ltr'><strong>(ut</strong></span> <span class='ocrx_word' id='word_1_183' title='bbox 506 3497 659 3570; x_wconf 87' lang='lat' dir='ltr'><strong>breviter</strong></span> <span class='ocrx_word' id='word_1_184' title='bbox 676 3494 891 3591; x_wconf 89' lang='lat' dir='ltr'><strong>concludam)</strong></span> <span class='ocrx_word' id='word_1_185' title='bbox 908 3494 980 3567; x_wconf 91' lang='lat' dir='ltr'><strong>scio</strong></span> <span class='ocrx_word' id='word_1_186' title='bbox 993 3515 1048 3565; x_wconf 89' lang='lat' dir='ltr'><strong>me</strong></span> <span class='ocrx_word' id='word_1_187' title='bbox 1057 3514 1189 3566; x_wconf 80' lang='lat' dir='ltr'><strong>ascen-</strong></span> 
     </span>
     <span class='ocr_line' id='line_1_24' title="bbox 117 3616 1186 3707; baseline -0.005 -18"><span class='ocrx_word' id='word_1_188' title='bbox 117 3616 204 3689; x_wconf 88' lang='lat' dir='ltr'><strong>dere</strong></span> <span class='ocrx_word' id='word_1_189' title='bbox 228 3629 267 3691; x_wconf 93' lang='lat' dir='ltr'><strong>ut</strong></span> <span class='ocrx_word' id='word_1_190' title='bbox 284 3616 513 3707; x_wconf 85' lang='lat' dir='ltr'><strong>descendam,</strong></span> <span class='ocrx_word' id='word_1_191' title='bbox 541 3620 656 3692; x_wconf 89' lang='lat' dir='ltr'><strong>virere</strong></span> <span class='ocrx_word' id='word_1_192' title='bbox 680 3631 719 3692; x_wconf 90' lang='lat' dir='ltr'><strong>ut</strong></span> <span class='ocrx_word' id='word_1_193' title='bbox 743 3641 917 3703; x_wconf 86' lang='lat' dir='ltr'><strong>arescam,</strong></span> <span class='ocrx_word' id='word_1_194' title='bbox 944 3628 984 3689; x_wconf 89' lang='lat' dir='ltr'><strong>ut</strong></span> <span class='ocrx_word' id='word_1_195' title='bbox 1006 3633 1186 3690; x_wconf 86' lang='lat' dir='ltr'><strong>senescam</strong></span> 
     </span>
     <span class='ocr_line' id='line_1_25' title="bbox 117 3741 809 3828; baseline 0.003 -17"><span class='ocrx_word' id='word_1_196' title='bbox 117 3741 337 3828; x_wconf 88' lang='lat' dir='ltr'><strong>adolescere,</strong></span> <span class='ocrx_word' id='word_1_197' title='bbox 359 3743 537 3815; x_wconf 86' lang='lat' dir='ltr'><strong>viverent</strong></span> <span class='ocrx_word' id='word_1_198' title='bbox 555 3742 692 3816; x_wconf 88' lang='lat' dir='ltr'><strong>moriar.</strong></span> <span class='ocrx_word' id='word_1_199' title='bbox 714 3743 809 3815; x_wconf 89' lang='lat' dir='ltr'><strong>Vale.</strong></span> 
     </span>
     <span class='ocr_line' id='line_1_26' title="bbox 256 3879 633 3937; baseline 0 -2"><span class='ocrx_word' id='word_1_200' title='bbox 256 3879 400 3937; x_wconf 78' lang='lat' dir='ltr'><strong>llvinione.</strong></span> <span class='ocrx_word' id='word_1_201' title='bbox 417 3879 547 3936; x_wconf 87' lang='lat' dir='ltr'><strong>Kalendis</strong></span> <span class='ocrx_word' id='word_1_202' title='bbox 561 3880 633 3936; x_wconf 83' lang='lat' dir='ltr'><strong>Maii</strong></span> 
     </span>
    </p>
   </div>
   <div class='ocr_carea' id='block_1_5' title="bbox 0 0 1361 5024">
    <p class='ocr_par' dir='ltr' id='par_1_5' title="bbox 0 0 1361 5024">
     <span class='ocr_line' id='line_1_27' title="bbox 0 0 1361 5024; baseline 0 0"><span class='ocrx_word' id='word_1_203' title='bbox 0 0 1361 5024; x_wconf 95' lang='lat' dir='ltr'><strong> </strong></span> 
     </span>
    </p>
   </div>
  </div>
 </body>
</html>
