2692 5024
128 721 189 781 290
471 728 511 775 nu
533 725 633 775 annus
655 722 879 773 rauummaus

130 874 351 956 subornatus,
367 871 424 941 bic
435 890 457 939 a
470 880 591 941 matre.
605 865 732 939 Herilis
744 887 830 958 ergo
842 866 1149 959 eoncupiscentiae
1163 868 1224 939 mi·

129 996 250 1079 nister,
263 1004 304 1065 ut
315 992 453 1085 incepto
471 988 656 1062 absisteret
676 988 831 1083 precanti
847 987 1002 1061 dominae
1014 988 1224 1063 inexorabi-

130 1122 197 1191 lem
228 1138 268 1189 se
287 1112 467 1211 praebens,
493 1134 515 1184 a
540 1112 697 1195 domino,
729 1109 789 1204 qui
809 1114 898 1183 torte
920 1132 1093 1206 suprema
1112 1112 1221 1187 verba

130 1236 361 1313 contentionis
375 1242 567 1329 acceperat,
587 1233 819 1325 interrogatur
845 1254 984 1323 puceu-m
1000 1234 1120 1327 litt'qet.
1139 1233 1221 1307 Cum

133 1360 261 1443 ecdem,
288 1358 414 1452 inquit,
449 1378 514 1446 quc
544 1366 580 1424 tu
595 1376 732 1447 semper.
770 1352 854 1425 Cum
876 1376 986 1425 umore
1003 1356 1111 1448 {pitur-
1132 1378 1218 1439 meo,

131 1482 320 1575 respondet
337 1500 462 1562 senen,
477 1476 578 1569 quasi
593 1472 898 1548 circumlocutione
911 1498 986 1547 rem
1005 1476 1217 1571 intelligens.

130 1603 319 1673 Enimvero
340 1599 385 1671 ad
405 1599 481 1669 haec
501 1620 630 1669 servus
650 1618 765 1690 neque
785 1597 973 1682 serviliter,
1000 1619 1123 1691 neque
1149 1599 1219 1670 ille·

132 1722 211 1814 pide
225 1718 421 1813 respondet,
437 1718 540 1811 quod,
552 1717 636 1790 dum
650 1716 753 1791 hodie
767 1720 929 1811 legerem,
943 1717 1031 1789 mihi
1045 1718 1217 1813 quodam-

132 1843 235 1915 modo
251 1842 381 1914 dictum
399 1840 542 1913 credidi.
569 1840 678 1927 Quom
699 1852 734 1909 ta
754 1840 837 1909 miti
847 1840 1014 1910 morem?
1036 1842 1165 1935 inquit,

494 2028 586 2101 Quasi
605 2035 732 2091 venator
749 2034 782 2091 tu
800 2027 925 2107 quidem
943 2046 992 2105 es;

291 2129 360 2192 Dies
377 2136 468 2207 atque
486 2134 589 2190 noctes
605 2143 677 2190 eum
693 2143 766 2190 cane
783 2133 903 2189 aetatem
920 2128 1028 2205 erigis.

134 2315 216 2384 Haec
233 2311 290 2383 ille
311 2333 448 2382 servus.
470 2309 554 2381 Mihi
580 2308 766 2401 veroquid
785 2308 1050 2381 convenientius
1069 2312 1140 2386 dici
1159 2336 1216 2407 po

132 2439 221 2506 test‘l
238 2435 391 2506 Uxorem
413 2453 538 2525 nempe
559 2431 632 2502 vita
653 2439 773 2502 nostra
793 2452 862 2500 nou
884 2428 1020 2525 recipit,
1040 2436 1164 2506 multis
1181 2437 1216 2506 li-

131 2567 186 2627 cet
210 2555 344 2626 obiecta
369 2551 652 2648 tempestatibus,
681 2553 745 2624 sed
770 2551 816 2623 ab
834 2553 898 2624 hac
915 2553 1095 2649 Charybdi
1109 2556 1216 2629 libera

132 2688 167 2749 et
187 2676 362 2745 immunis.
385 2676 514 2744 Verum
537 2674 630 2745 aliud
651 2674 822 2747 molestiae
839 2695 952 2766 genus
972 2686 1041 2762 est,
1057 2680 1114 2750 cui
1129 2680 1213 2751 etil-

132 2797 198 2868 lius
221 2797 350 2866 servuli
386 2795 493 2865 verba
526 2795 748 2884 epnveniunt.
782 2799 827 2868 Et
857 2820 930 2869 rem
964 2800 1106 2892 quidem
1135 2803 1213 2874 olim

130 2916 352 3012 experiebar3
374 2916 482 2989 verba
499 2940 569 2988 uon
586 2918 740 2990 aderant.
763 2918 919 2991 Sciebam
942 2944 998 2992 me
1019 2945 1101 2995 cum
1123 2927 1215 2997 cani-

131 3040 199 3114 bus
211 3041 350 3124 vivere;
370 3050 570 3112 venatorem
588 3063 678 3126 esse,
694 3041 761 3112 nisi
778 3043 987 3129 admonitus,
1002 3047 1213 3121 nesciebam.

130 3166 232 3236 Servi
258 3172 436 3249 vocantur,
464 3186 569 3237 canes
596 3176 692 3247 sunt;
719 3166 914 3251 mordaces
929 3168 1057 3258 gulosi,
1075 3171 1214 3245 tarraco

130 3298 340 3371 res:cuncta,
355 3300 481 3380 preter
495 3289 654 3359 ultimum
668 3289 757 3359 ferre
772 3310 927 3382 possum.
941 3291 1108 3365 Latratus
1121 3297 1213 3369 enim

130 3408 364 3500 tranquillitati
377 3434 482 3503 quam
498 3409 690 3503 querimus
704 3411 806 3483 nimis
820 3413 993 3487 adversus
1010 3426 1075 3488 est.
1083 3420 1157 3492 Sed
1169 3443 1214 3492 ex

129 3530 223 3603 omni
240 3553 363 3602 canum
383 3555 491 3624 grege
504 3532 670 3604 duomihi
690 3555 836 3624 prorsus
858 3537 1094 3631 importabiles
1116 3555 1213 3621 sunt;

128 3662 274 3723 caeteros
300 3653 415 3724 adhue
436 3656 526 3723 serre
546 3653 763 3749 propesitum
784 3670 848 3728 est.
876 3661 1007 3731 Horum
1032 3664 1121 3735 alter
1143 3677 1212 3749 est,

128 3798 232 3868 quem
253 3775 297 3849 ad
318 3786 351 3846 te
372 3776 492 3847 multis
513 3799 592 3847 cum
611 3777 733 3848 litteris
755 3780 945 3853 amicorum
966 3783 1071 3856 hodie
1097 3787 1214 3860 mitte-

127 3894 219 3968 bam.
255 3897 349 3969 Unde
380 3898 468 3967 hanc
490 3896 551 3968 tibi
573 3896 843 3990 superadderem
865 3903 1045 3995 epistolam
1066 3906 1213 3982 Plautus

127 4019 261 4092 obtultt.
291 4022 389 4093 Hunc
419 4031 456 4091 tu
484 4041 569 4112 ergo
589 4022 643 4091 vel
670 4020 729 4091 tibi
751 4022 887 4108 habeto,
912 4026 941 4095 si
963 4036 1109 4101 venator
1137 4031 1214 4106 ficri

126 4143 240 4236 cupis,
263 4145 320 4215 vel
341 4144 374 4214 in
393 4164 516 4216 nemus
540 4145 594 4215 vel
615 4142 651 4214 in
672 4147 854 4217 macellum
882 4148 1021 4233 mittito,
1048 4153 1215 4229 modone

126 4286 279 4357 unquam
293 4266 338 4337 ad
353 4288 409 4337 me
422 4266 554 4337 redeat.
570 4265 666 4337 Alter
679 4278 734 4337 est
748 4268 892 4341 rabidus
907 4292 1017 4343 senex
1034 4272 1091 4344 ille
1105 4299 1214 4368 quem

125 4386 217 4455 nosti
237 4387 375 4482 optime.
392 4390 489 4465 lllum
504 4389 678 4484 depellere
691 4390 798 4463 rubor
819 4393 994 4486 prohibet,
1009 4417 1127 4488 neque
1141 4412 1215 4473 tam

124 4503 203 4575 eius
222 4530 328 4599 quam
349 4511 462 4581 aetatis
484 4532 559 4580 sua
580 4534 621 4583 ac
641 4516 812 4607 longaeva>
837 4517 1078 4591 familiaritatis
1105 4522 1217 4598 intui-
