2692 5024
166 590 228 653 ΒΟ
508 600 551 651 bt
570 600 673 651 mus
692 598 915 651 mmmm

167 743 262 841 quod
281 742 344 817 tibi
361 744 408 817 ad
423 742 590 837 gandium
606 763 746 837 quoqne
763 740 937 834 significo,
954 739 1062 815 ductu
1076 749 1116 815 et
1129 744 1256 841 eumi-

166 866 232 941 ciis
254 866 445 941 amicorum
470 874 610 939 tucrum
634 866 685 937 De
710 863 854 957 derigis,
879 866 1057 952 Parmam,
1077 865 1176 939 unde
1193 866 1256 963 (nt

166 988 249 1085 scis)
262 988 479 1076 aroehnmur,
493 987 676 1081 ingressus
693 1009 783 1073 sum,
800 986 868 1061 boc
882 987 1007 1061 eodem
1021 988 1082 1061 die
1099 988 1253 1084 sibiipsi

167 1112 361 1187 restitutam
381 1110 520 1196 urbem,
542 1113 644 1205 pulso
663 1110 745 1183 hinc
762 1109 930 1207 praesidio
948 1120 1192 1207 tyrannorum,
1214 1112 1252 1185 in

106 1308 110 1313 ,
166 1256 281 1329 quam
296 1242 439 1330 repente
451 1241 585 1305 mutata
600 1254 719 1305 rerum
729 1231 824 1316 facie,
837 1240 944 1325 utque
956 1231 1149 1305 incredibili
1161 1256 1253 1327 gau·

164 1354 225 1429 dio
243 1355 400 1429 liberatus
418 1354 539 1451 piebis,
563 1354 706 1427 libertos
724 1364 762 1427 et
780 1351 912 1427 iustitia
923 1353 1070 1429 rediere.
1082 1356 1148 1427 Hic
1162 1378 1253 1453 ergo

33 1474 42 1499 '
165 1479 327 1574 precibus
345 1500 469 1551 eorum
488 1478 618 1563 victus
644 1476 774 1571 quibus
797 1475 938 1551 veniam
964 1485 1057 1564 tuam
1082 1498 1253 1553 accessu·

77 1628 80 1633 λ
165 1622 241 1673 ram
260 1599 328 1693 ipsi
347 1607 503 1694 eperunt,
523 1608 560 1671 et
578 1620 647 1693 ego
666 1621 737 1672 non
755 1598 893 1684 dubito,
911 1607 1072 1671 aestatem
1087 1620 1199 1693 agere
1212 1600 1251 1673 in

165 1722 320 1795 animum
339 1720 475 1795 induxi.
495 1722 616 1795 lurant
632 1721 726 1794 enim
751 1744 792 1795 se
815 1723 1003 1818 presentia
1026 1744 1107 1797 mea
1125 1724 1253 1805 admo·

163 1843 250 1918 dum
261 1866 381 1937 egere,
394 1843 489 1938 quod
501 1843 734 1937 indulgentie,
748 1867 819 1918 non
831 1845 1053 1919 necessitatis
1064 1868 1158 1934 esse,
1173 1870 1254 1923 ear·-

165 1975 240 2039 tum
258 1975 325 2040 est.
345 1966 410 2039 Cui
429 1966 521 2039 enim
546 1966 627 2039 usui
647 1967 682 2037 in
702 1964 769 2039 hoc
792 1976 887 2039 statu
911 1990 1030 2041 nerum
1055 1968 1148 2043 sim?
1172 1970 1253 2045 Non

164 2112 232 2185 ego
252 2088 396 2164 urbanis
416 2088 620 2185 strepitibus
644 2088 709 2163 sed
734 2089 955 2163 silvestribus
981 2090 1128 2195 silentiis
1152 2092 1253 2167 dele-

164 2224 254 2297 ctnr;
275 2235 344 2286 non
363 2216 481 2305 legum
501 2223 563 2285 aut
581 2234 757 2285 armorum
782 2213 891 2298 curis,
919 2214 985 2287 sed
1009 2194 1190 2288 solitudini
1214 2226 1253 2291 et

165 2337 241 2435 ecio
260 2346 363 2409 natus
391 2357 479 2407 sum.
506 2336 576 2430 lpsi
602 2334 742 2429 quidem
768 2335 841 2408 voli
865 2337 933 2408 mei
958 2337 1100 2422 conscii,
1123 2336 1253 2411 mirum'

164 2460 249 2531 mihi
270 2459 421 2551 quietem
441 2457 658 2551 pollicentur,
681 2480 762 2529 oum
781 2459 900 2552 fragor
924 2457 981 2531 hic
1000 2469 1036 2531 et
1055 2460 1162 2533 ardor
1187 2463 1252 2535 lae-

166 2580 250 2652 titiae
271 2578 452 2671 gestientis
472 2577 678 2655 assiduitate
695 2579 854 2672 tepuerit.
875 2581 1051 2674 Quidquid
1071 2582 1148 2667 erit,
1170 2607 1251 2657 mos

166 2703 341 2793 gerendus
371 2701 436 2774 luit
466 2700 617 2793 benigne
642 2702 873 2795 precantibus.
899 2703 1043 2801 Hyemis
1069 2704 1168 2778 initio
1193 2729 1252 2780 me

165 2822 317 2897 videbis.
337 2825 387 2897 lta
406 2823 499 2909 dico,
517 2825 585 2896 nisi
600 2827 658 2896 vel
676 2823 737 2896 tibi
752 2825 871 2912 citius,
889 2827 948 2898 vel
965 2828 1113 2899 lortunae
1131 2829 1251 2903 serius

165 2946 342 3038 placuerit.
363 2948 460 3019 Vale.

306 3095 332 3148 Χ
347 3094 410 3150 Kal.
427 3095 509 3150 lunii.

591 3430 767 3497 EPlSTOLl
787 3431 820 3494 ll.

228 3611 421 3661 vuluersuus
441 3613 608 3662 euvusuul
630 3614 810 3663 cuneumve
833 3613 1028 3663 uussuususr
1049 3615 1075 3663 s.
1098 3615 1125 3664 u.
1150 3617 1181 3665 n.

282 3772 362 3828 Dolet
374 3772 480 3828 obitum
492 3772 605 3827 Thomae
619 3771 712 3826 fratris
724 3772 797 3841 eius,
812 3776 840 3826 et
853 3773 937 3827 mittit
951 3772 1123 3844 epigramma

471 3904 475 3910 .
531 3862 639 3916 tumulo
652 3861 868 3917 inscm'bendum.

259 4061 509 4133 Gravissimum
530 4063 720 4154 querelam,
742 4061 901 4155 epistolae
921 4059 1049 4131 finibus
1070 4083 1141 4132 non
1162 4086 1251 4136 con-

164 4194 304 4268 tentam,
318 4183 456 4256 differre
473 4187 676 4280 compulsus
694 4206 784 4256 sum.
799 4185 875 4256 Non
887 4195 943 4257 est
955 4184 1121 4257 usitatum
1139 4187 1251 4260 animi

163 4306 230 4376 mei
243 4307 380 4391 vulnus
394 4318 455 4380 aut
470 4311 613 4401 vulgato
630 4306 856 4381 medicamine
873 4308 1111 4385 relevandum.
1130 4307 1250 4384 Altius

134 4419 140 4431 “
165 4426 200 4496 in
219 4430 408 4519 praecordio
428 4431 619 4503 deseendit:
636 4430 840 4523 observavit
856 4431 949 4503 enim
967 4429 1112 4503 nocendi
1130 4432 1249 4507 locum
