2692 5024
399 667 491 714 arasa
513 665 900 716 suesanus-ammona
924 665 943 712 r.
1173 652 1212 713 75

135 812 361 898 amantissimi
382 812 499 881 fratris
525 811 597 881 tui:
624 820 659 881 et
684 832 788 904 quam
808 831 1001 881 concussus
1021 821 1117 882 esset
1137 812 1212 881 ani-

134 956 211 1005 mus
243 943 325 1004 tuus
356 955 405 1003 ex
436 933 504 1003 mei
535 931 685 1024 pectoris
718 931 988 1003 mansuetudine
1019 930 1209 1015 metiebar,

134 1080 196 1129 nec
212 1053 409 1147 cogitabam
425 1053 597 1146 quosdam
619 1054 709 1126 ictus
729 1053 892 1126 invalidis
912 1051 1082 1124 tironibus
1101 1053 1212 1124 fuisse

133 1178 343 1262 mortiferos,
370 1196 459 1269 quos
487 1175 681 1268 sprevisset
708 1175 807 1248 lortis
832 1185 868 1248 et
888 1184 1057 1267 expertus
1089 1175 1210 1247 miles:

133 1300 319 1393 quosdam,
341 1297 444 1370 alieni
470 1296 651 1387 sanguinis
670 1296 839 1369 effusione
859 1297 1074 1390 perterritos,
1096 1300 1212 1369 excla-

133 1442 264 1506 masse,
279 1420 508 1512 ingemuisse,
527 1419 757 1512 expalluisse,
776 1439 873 1512 saepe
894 1419 928 1489 in
949 1420 1114 1492 ecstasim
1130 1395 1212 1492 con-

133 1543 283 1626 cidisse,
308 1565 388 1614 cum
414 1551 531 1613 tamen
563 1540 700 1612 interim
739 1561 888 1633 quorum
925 1541 982 1613 ille
1013 1541 1212 1635 pectoribus

133 1663 331 1748 emanabat,
361 1663 454 1735 taciti
480 1671 516 1735 et
540 1660 704 1754 intrepidi
729 1671 877 1746 starent,
906 1664 1079 1757 siccisque
1103 1665 1212 1737 oeulis

135 1789 317 1859 vulnerum
345 1805 489 1858 suorum
515 1783 646 1857 fluenta
671 1785 929 1880 conspicerent,
949 1787 1123 1859 Veneram
1149 1787 1213 1857 ita-

134 1931 202 2000 que
227 1919 390 1992 moestuS,
412 1917 448 1979 et
468 1907 513 1978 ad
533 1905 624 1980 bene
643 1908 819 1979 valentem
848 1907 1005 1980 medicus
1036 1931 1133 2000 aeger
1156 1933 1213 1981 ac-

133 2050 319 2102 cesseram.
346 2029 468 2101 Inveni
493 2028 614 2101 taciem
641 2037 753 2110 tuam,
780 2028 870 2130 inter
895 2028 1056 2100 allectum
1082 2029 1212 2101 debitae

134 2152 273 2245 pietatis
292 2174 333 2223 ac
357 2151 520 2224 decorem
538 2150 689 2243 propriae
711 2149 920 2234 honestatis,
940 2151 1103 2221 fraternae
1119 2173 1214 2222 oom-

133 2273 307 2365 passionis
338 2283 374 2343 et
396 2274 507 2347 virilis
547 2272 652 2344 animi
680 2272 782 2364 signa
806 2275 1050 2364 perferentem.
1073 2274 1214 2345 Utrum-

133 2417 203 2487 que
228 2393 311 2464 mihi
344 2396 483 2486 placuit.
516 2394 675 2466 Alterum
709 2392 1031 2478 mansuetudinem,
1064 2394 1211 2464 alterum

134 2515 338 2607 sapientiam
363 2527 460 2587 tuam
485 2516 597 2589 decet.
624 2518 822 2586 Humanum
847 2524 903 2586 est
929 2514 964 2584 in
993 2524 1105 2586 morte
1130 2536 1212 2602 suo

134 2658 209 2706 rum
235 2634 374 2728 pietatis
392 2644 501 2708 testes
518 2635 678 2708 lacrimas
695 2635 859 2707 sundere:
876 2634 978 2707 virile
995 2646 1051 2706 est
1070 2635 1212 2706 modum

133 2755 197 2827 illis
218 2755 410 2849 imponere,
429 2779 574 2850 easque,
593 2780 672 2830 eum
693 2734 906 2850 aliquamdiu
919 2758 1098 2841 fluxerint,
1115 2779 1213 2829 coer-

131 2898 221 2948 cere.
242 2877 281 2950 ld
301 2887 335 2950 te
355 2888 556 2973 utrumque,
578 2902 648 2974 qua
668 2879 796 2964 decuit,
824 2879 998 2972 implesse,
1017 2881 1137 2950 vultus
1163 2881 1213 2950 tui

133 2996 273 3070 habitus
297 2999 516 3092 designabat.
537 3001 773 3074 decesserunt
793 3010 828 3071 et
848 2999 958 3070 verba
979 3001 1211 3070 maximorum

131 3116 233 3207 plena
259 3137 442 3200 sensuum,
464 3139 512 3187 ex
531 3116 660 3211 quibus
681 3138 760 3209 ego,
782 3117 842 3208 qui
862 3115 1065 3187 consolandi
1085 3136 1210 3207 propo

132 3237 198 3308 sito
223 3236 453 3322 adveneram,
482 3260 550 3310 non
577 3248 648 3309 tam
673 3238 736 3309 tibi
765 3258 868 3330 opem
900 3257 1014 3307 meam
1046 3258 1210 3309 necessa-

132 3357 217 3428 riam
242 3359 404 3450 cognovi,
431 3381 537 3452 quam
563 3361 639 3453 ipse
665 3361 819 3431 solamen
850 3358 944 3431 curis
976 3359 1064 3432 meis
1096 3360 1209 3432 elicui.

130 3479 221 3551 Nihil
233 3501 320 3572 ergo
335 3480 548 3552 consolantis
565 3480 600 3552 in
618 3504 750 3553 morem
766 3483 984 3575 loquuturus,
998 3482 1111 3567 laudo,
1130 3503 1210 3575 pro

129 3602 190 3685 bo,
205 3601 356 3674 admiror
374 3612 409 3674 et
426 3612 550 3696 stupeo
563 3603 838 3694 magnitudinem
856 3603 962 3676 animi
975 3605 1035 3674 tui.
1054 3603 1210 3672 Fratrem

129 3722 298 3815 optimum
312 3723 477 3805 amisisti;
491 3724 660 3794 imovero
673 3745 743 3795 non
755 3724 919 3808 amisisti,
935 3723 998 3794 sed
1016 3723 1050 3792 in
1063 3721 1211 3812 patriam

130 3838 346 3934 praemisisti,
374 3845 419 3916 ad
443 3867 548 3938 quam
571 3844 633 3915 tibi
653 3866 793 3938 quoque
814 3843 1025 3917 veniendum
1045 3850 1112 3911 est.
1141 3842 1211 3912 Sed

129 3963 313 4054 loquamur
337 3976 376 4036 ut
406 3968 556 4057 vulgus,
583 3987 653 4036 non
684 3966 877 4037 sentiamus
902 3973 942 4034 ut
966 3964 1111 4052 vulgus:
1141 3964 1211 4032 sra-

132 4092 220 4154 trem
252 4087 411 4159 amisisti.
443 4088 520 4159 Non
548 4087 731 4158 amisisses
757 4086 824 4158 nisi
848 4088 937 4157 soret
962 4084 1017 4152 ille
1043 4081 1209 4155 mortalis.

130 4205 281 4290 Querela
306 4219 361 4280 est
386 4208 492 4299 igitur
517 4230 585 4279 non
611 4208 657 4279 de
684 4207 786 4277 unius
812 4205 962 4277 bominis
992 4211 1119 4287 morte,
1147 4202 1212 4275 sed

130 4326 174 4397 de
198 4330 408 4401 mortalitate
433 4339 582 4412 naturae,
609 4348 690 4420 quae
716 4348 780 4398 nos
805 4349 847 4398 ea
867 4328 946 4416 lege
962 4324 1156 4397 introduxit
1175 4326 1210 4396 in

131 4448 220 4524 banc
245 4452 369 4535 vitam,
397 4463 434 4522 ut
460 4453 710 4542 egrederemur
728 4449 775 4522 ad
795 4446 994 4520 revocantis
1015 4447 1210 4541 imperium.
