2692 5024
286 706 290 714 ’
405 707 497 756 urnae
519 710 877 767 ouranos-urrsrouu
901 714 928 761 r.
1147 703 1203 766 ttl

129 861 222 924 ctare
242 852 357 921 visum
372 861 439 936 est,
458 856 732 948 contemplatore
751 875 821 946 qua
840 857 920 925 luna
938 858 1051 927 fronte
1068 878 1208 930 oecum-

128 974 240 1057 beret;
262 982 337 1046 erat
356 985 487 1059 autem,
510 976 576 1048 nisi
597 980 707 1061 fallor,
731 978 887 1071 septima.
910 980 1021 1051 Institi
1042 982 1146 1076 igitur
1162 981 1207 1056 ad

128 1119 291 1170 occasum
317 1098 553 1191 spectantibus
578 1099 750 1185 fenestris,
774 1100 887 1173 donec
911 1123 988 1174 eam
1006 1102 1231 1177 obvolutam

128 1217 266 1302 nimbiS,
284 1228 321 1290 et
341 1229 466 1293 moesta
487 1221 586 1304 facie,
609 1229 689 1292 ante
708 1221 860 1293 medium
887 1223 998 1295 noetis
1023 1224 1207 1320 proximus

129 1362 229 1413 mons
250 1339 442 1413 abscondit.
465 1342 551 1413 Tum
572 1341 713 1414 demum
738 1355 775 1414 et
800 1366 867 1436 ego
895 1348 1058 1418 lectulum
1080 1369 1205 1434 meum,

130 1465 275 1537 dilatum
297 1486 456 1560 soporem
477 1476 698 1559 excepturus,
720 1465 908 1560 ingredior.
929 1469 1100 1542 Vixdum
1116 1482 1207 1544 totus

130 1588 396 1673 obdormieram,
412 1611 490 1659 cum
509 1601 650 1686 repente
666 1589 822 1661 horribili
838 1592 975 1685 fragore
991 1615 1061 1665 non
1075 1603 1208 1666 tantum

129 1713 307 1794 fenestrae,
331 1711 393 1784 sed
420 1735 541 1784 murus
566 1712 642 1806 ipse
669 1735 778 1786 saxea
800 1713 976 1787 testudine
997 1715 1141 1802 solidus,
1163 1718 1208 1790 ab

131 1834 208 1907 imis
221 1835 454 1907 fundamentis
469 1835 650 1929 impulsus,
670 1837 800 1908 tremit:
814 1845 849 1906 et
862 1845 1067 1910 nocturnum
1082 1841 1206 1926 lumen,

131 1958 243 2053 sopito
268 1958 352 2029 mihi
377 1958 524 2050 vigilare
555 1959 709 2046 solitum,
744 1960 970 2051 extinguitur.
1003 1961 1209 2034 Excutimur

131 2081 262 2166 stratis,
289 2091 325 2152 et
345 2081 379 2151 in
398 2082 512 2153 locum
531 2083 642 2154 somni
663 2081 787 2154 vicinae
812 2091 926 2153 metus
952 2082 1073 2153 mortis
1093 2082 1208 2175 ingre-

130 2204 233 2277 ditur.
254 2207 344 2276 Ecce
366 2215 497 2289 autem,
526 2206 610 2276 dum
632 2205 720 2275 inter
741 2205 902 2278 tenebras
942 2206 1029 2275 alter
1060 2206 1208 2276 alterum

129 2328 267 2421 quaerit,
289 2337 324 2398 et
336 2325 504 2399 beneficio
516 2326 603 2398 dirae
619 2327 706 2399 lueis
720 2335 882 2399 ostensos
899 2324 1042 2420 trepidis
1059 2325 1208 2399 invicem

129 2472 194 2522 nos
214 2449 360 2523 vocibus
373 2452 607 2536 cohortamur,
630 2450 784 2543 religiosi
808 2450 875 2521 viri
899 2471 1047 2544 quorum
1069 2450 1104 2519 in
1124 2450 1210 2521 aedi-

128 2576 196 2647 bus
217 2573 430 2659 habitamus,
452 2585 488 2646 et
508 2575 750 2647 sanctissimus
767 2594 886 2645 eorum
904 2572 1010 2667 prior,
1028 2594 1133 2666 quem
1146 2572 1209 2645 ho-

129 2699 223 2772 noris
244 2720 351 2769 eausa
371 2698 525 2785 nomino,
548 2699 672 2785 David,
694 2697 754 2792 qui
773 2719 821 2768 ex
841 2718 938 2769 more
957 2696 1003 2768 ad
1020 2705 1208 2769 nocturnas

131 2822 257 2893 Christi
276 2821 399 2893 laudes
418 2821 623 2915 surgebant,
646 2821 826 2915 repentino
847 2822 937 2892 malo
959 2819 1080 2906 territi,
1099 2821 1210 2892 cruci·

130 2943 268 3038 busque
287 2966 328 3016 ae
346 2954 545 3016 sanctorum
565 2944 720 3037 reliquiis
740 2944 877 3027 armati,
901 2953 936 3014 et
952 2944 1020 3014 alta
1038 2965 1125 3013 voce
1146 2944 1207 3013 Dei

131 3068 400 3139 misericordiam
427 3067 665 3160 implorantes,
699 3065 889 3136 thalamum
923 3063 981 3134 ubi
1011 3083 1079 3153 ego
1111 3083 1208 3133 eram

129 3189 281 3287 praelatis
308 3189 443 3261 facibus
475 3190 680 3283 irrumpunt.
707 3185 833 3259 Revixi
865 3184 1043 3277 tantisper.
1077 3184 1207 3259 Omnes

128 3315 209 3387 inde
230 3312 275 3385 ad
294 3313 477 3385 ecelesiam
502 3313 699 3406 pergimus,
725 3309 840 3402 ibique
864 3307 965 3379 effusi
990 3307 1107 3382 mrdtis
1127 3332 1207 3382 oum

128 3436 317 3531 gemitibus
337 3452 596 3530 pernoctamus,
615 3458 695 3506 oum
711 3433 781 3505 iam
798 3433 866 3504 iam
884 3430 1084 3504 adfuturum
1103 3432 1206 3505 finem

130 3570 166 3630 et
194 3562 328 3631 ruitura
353 3561 483 3632 circum
501 3560 616 3631 omnia
637 3557 869 3630 crederemus.
892 3554 1048 3648 Longius
1068 3578 1159 3639 eam,
1177 3555 1207 3626 si

131 3701 268 3752 omnem
286 3683 376 3754 illius
395 3683 539 3754 infernae
564 3681 676 3753 noetis
701 3679 879 3750 horrorem
905 3675 1025 3750 verbis
1051 3675 1207 3770 amplecti

132 3802 252 3888 velim3
273 3815 309 3875 et
327 3804 488 3897 quamvis
509 3806 613 3895 longe
629 3802 715 3874 citra
732 3824 855 3874 verum
870 3799 979 3883 sistat,
1000 3795 1076 3868 veri
1093 3805 1208 3868 tamen
1252 3784 1255 3791 ¹

130 3924 235 3998 fidem
260 3927 481 4000 transcendet
511 3927 632 4000 oratio.
660 3926 747 4009 Quis
768 3924 893 4007 imber,
915 3921 975 4014 qui
997 3920 1101 4003 venti,
1127 3940 1208 4012 quae

130 4050 287 4122 fulmina!
311 4051 397 4134 Quis
417 4052 494 4123 coeli
510 4053 644 4143 fragor!
661 4049 747 4134 Quis
766 4059 937 4120 terrarum
955 4045 1099 4115 tremor!
1122 4042 1208 4128 Quis

130 4175 284 4266 mugitus
306 4177 436 4269 pelagi!
460 4175 546 4258 Quis
572 4172 751 4246 hominum
778 4168 948 4242 ululatus!
979 4166 1066 4238 Cum
1086 4165 1122 4237 in
1142 4166 1208 4239 boc

131 4308 232 4383 statu,
252 4299 352 4391 quasi
367 4297 512 4388 magicis
532 4294 744 4367 carminibus
762 4291 937 4386 geminato
954 4287 1066 4362 noctis
1084 4289 1205 4386 spatio,

129 4422 176 4495 ad
196 4442 359 4493 auroram
380 4422 443 4490 vix
463 4406 604 4490 tandein
624 4415 859 4499 venissemus,
891 4422 927 4484 et
951 4413 1021 4486 diei
1045 4411 1206 4486 vicinitas

130 4548 243 4640 magis
264 4542 459 4618 coniectura
479 4540 601 4629 animi,
622 4561 728 4637 quarn
747 4536 834 4613 lueis
854 4535 977 4612 inditio
1000 4544 1206 4634 appareret3
