2692 5024
185 620 246 685 llll
521 630 565 681 os
584 630 687 683 nurus
706 628 931 683 resumamus

190 808 207 845 s
234 777 353 852 endas.
382 804 399 843 s
431 774 541 849 Vides
565 784 606 849 ut
629 798 739 849 unum
763 777 836 848 fere
861 776 1003 869 signnm
1026 794 1152 851 omnes
1176 778 1275 875 aspi-
1336 850 1339 855 .

185 900 288 986 aiant,
300 906 340 973 ut
353 897 444 972 inter
456 898 728 995 septentrionem
740 905 778 971 et
789 918 965 984 ooousum,
979 918 1022 971 ao
1033 904 1275 995 nonprooula

184 1024 364 1097 Britannia
378 1022 479 1097 vario
495 1042 658 1094 sermone
672 1021 897 1094 eonveniant:
911 1020 973 1092 uhi
985 1019 1017 1095 si
1028 1042 1176 1117 oorpore
1187 1046 1275 1097 oon-

169 1149 375 1232 'venissent
395 1166 436 1217 re
454 1153 611 1238 eogente,
632 1152 830 1216 mutassent
846 1144 935 1216 forte
955 1142 1176 1217 sententiam.
1193 1148 1273 1220 lluo

184 1270 324 1363 longius
343 1266 540 1341 ubmedunt
551 1287 572 1338 a
584 1276 791 1338 eaeterorum
809 1264 928 1350 dietim
943 1265 1009 1339 sed
1028 1286 1074 1337 an
1085 1264 1133 1339 ad
1145 1286 1271 1340 verum

184 1390 329 1487 propius
349 1386 525 1471 aoeedant,
547 1408 601 1471 an,
621 1395 761 1482 propter
776 1385 987 1474 distantiam,
1005 1406 1076 1459 non
1094 1386 1145 1459 ita
1163 1410 1273 1461 manu

187 1511 240 1607 (ut
257 1508 366 1606 aiunt)
386 1507 605 1581 mendacium
618 1506 788 1604 prehendi
798 1510 924 1605 possit,
937 1509 1110 1583 insertum
1120 1518 1189 1583 est.
1202 1510 1274 1584 llo-

186 1655 266 1706 rum
285 1634 373 1704 alter
387 1630 535 1703 Orosius
554 1639 625 1715 est3
645 1632 748 1703 ouius
772 1650 882 1728 supra
904 1631 1035 1704 mentio
1058 1643 1116 1705 est
1138 1631 1271 1709 habita.

186 1754 286 1827 Alter
315 1775 403 1828 vero
433 1754 646 1849 Pomponius
677 1754 781 1840 Mela,
814 1753 942 1827 nobilis
972 1755 1270 1851 cosmographus,

186 1899 293 1972 quem
310 1875 452 1964 Plinius,
466 1877 502 1949 in
518 1876 638 1949 multis
659 1877 760 1972 sequi
781 1878 915 1964 solitus,
928 1876 987 1951 hie
999 1878 1204 1972 neglexisse
1219 1882 1273 1953 vi-

188 2022 251 2075 sus
280 2011 347 2075 est.
372 2002 407 2073 Is
431 2002 524 2074 enim
546 2008 621 2073 toto
643 2022 737 2075 anno
759 2023 869 2074 unum
895 2002 979 2074 solis
1003 2012 1118 2074 ortum
1143 2024 1270 2091 verno,

185 2146 366 2217 unumque
386 2125 576 2196 autumnali
596 2124 804 2220 aequinootio
820 2146 997 2209 oooasum,
1016 2132 1121 2219 atque
1137 2125 1188 2199 ita
1202 2148 1273 2200 una

185 2247 243 2320 die
274 2248 472 2334 dumtaxat,
498 2269 639 2342 unaque
659 2258 760 2321 nocte
785 2247 988 2322 distinctum
1013 2247 1094 2319 anni
1119 2248 1272 2343 spatium

186 2369 416 2466 hyperboreis
435 2370 574 2464 populis
595 2372 761 2460 assignat,
784 2367 918 2463 primus
934 2368 970 2439 in
986 2365 1087 2441 litore
1106 2366 1270 2456 Asiatico,

188 2511 294 2583 super
325 2488 535 2581 Aquilonem
567 2489 828 2584 Rhiphaeosque
854 2498 991 2562 montes
1016 2488 1271 2577 habitantibus,

79 2636 88 2649 ·
187 2612 341 2682 οιιιιιίιιιιι
363 2610 512 2704 (siquid
532 2609 598 2682 sibi
622 2610 812 2707 credimus)
839 2612 1035 2684 mortalium
1061 2612 1274 2687 innoeentis·

187 2732 286 2804 simis
298 2732 592 2826 felicissimisque3
607 2735 742 2830 Thylen
754 2742 871 2807 autem
885 2734 976 2806 inter
988 2734 1114 2807 Ooeani
1127 2736 1271 2822 insulas,

186 2854 372 2948 Belgarum
400 2852 560 2926 litoribus
585 2857 780 2949 oppositam
807 2863 972 2928 testatur:
991 2864 1111 2928 noctes
1128 2854 1177 2928 ibi
1194 2856 1275 2930 hre-

186 3000 269 3063 veS‚
303 2978 430 3073 hyeme
462 2977 605 3071 quidem
637 2981 771 3065 fuscas,
804 2987 927 3051 aestate
950 2976 1098 3063 lucidas,
1125 2979 1274 3052 solstitio

187 3105 310 3174 nullas
342 3101 455 3174 Adest
486 3111 583 3174 tanta
607 3101 794 3188 discordia,
822 3109 861 3173 ut
885 3099 969 3170 mihi
995 3099 1139 3192 quidem
1164 3101 1274 3173 nihilo

187 3222 347 3293 videatur
366 3224 532 3295 occultior
552 3223 666 3295 insula
685 3222 774 3319 ipsa,
795 3244 901 3317 quam
921 3222 1065 3295 veritas.
1087 3222 1157 3294 Sed
1182 3221 1272 3294 bene

188 3342 310 3427 hahet;
335 3344 429 3436 quia,
452 3345 547 3437 quod
569 3344 740 3417 laboriose
765 3346 969 3438 quaerimus,
996 3346 1138 3440 impune
1157 3345 1273 3417 nesei-

188 3490 280 3539 mus.
302 3467 425 3539 Lateat
445 3467 492 3540 ad
519 3466 728 3561 Aquilonem
753 3470 876 3566 Thyle,
904 3470 1010 3539 lateat
1032 3467 1077 3538 ad
1101 3466 1271 3539 Austrum

186 3591 252 3661 Nili
272 3598 388 3684 caput:
410 3588 514 3660 modo
534 3610 604 3659 non
624 3591 730 3661 lateat
746 3590 782 3661 in
798 3589 915 3662 medio
931 3588 1129 3660 consistens
1145 3589 1271 3676 virtus,

186 3722 222 3784 et
241 3712 346 3784 huius
367 3712 450 3784 vitre
467 3710 586 3784 brevis
609 3713 747 3799 semita,
763 3734 946 3808 perquam
964 3733 1091 3804 magua
1108 3732 1191 3805 pars
1208 3711 1273 3783 ho

187 3837 318 3908 minum
339 3835 536 3930 palpitando
556 3834 809 3928 titubandoque
828 3834 1071 3930 proficiscitur,
1094 3833 1139 3907 ad
1159 3835 1272 3907 ineer-

187 3968 260 4030 tum
281 3958 386 4031 linem
406 3957 570 4050 ambiguo
590 3961 677 4031 ealle
697 3959 878 4030 festinans.
900 3959 952 4030 Ne
971 3980 1057 4052 ergo
1073 3959 1178 4030 nimis
1199 3980 1273 4030 ma-

186 4103 290 4173 gnam
316 4104 456 4175 operam
481 4081 724 4177 impendamus
750 4083 785 4153 in
811 4081 1036 4175 inquisitione
1060 4082 1138 4167 loei,
1166 4104 1271 4175 quem

186 4203 304 4274 forsan
335 4204 515 4276 inventum
549 4205 676 4298 cupide
701 4204 951 4299 linqueremus.
977 4203 1179 4277 Claudenda
1202 4204 1272 4274 iam

186 4323 343 4417 epistola,
365 4335 401 4397 et
422 4336 558 4421 tempus
579 4327 674 4398 curis
694 4327 897 4400 melioribus
918 4324 1189 4422 impendendum
1205 4334 1272 4398 est.

187 4447 269 4518 Haec
289 4455 382 4533 sunt,
404 4470 484 4541 quae
504 4449 550 4521 de
574 4448 642 4521 hoc
665 4449 830 4542 ambiguo
852 4449 913 4522 tibi
933 4473 1026 4523 nunno
1049 4472 1097 4522 ex
1122 4451 1200 4544 ipsa
1222 4448 1275 4546 (ut
