2692 5024
965 334 978 349 χ

351 701 442 749 flattu
464 701 628 751 SEPTIMUS.
639 722 678 736 -·
689 704 840 779 Equfout
864 706 915 754 llll.
1121 696 1179 754 385

72 829 76 835 ’
103 846 161 915 tibi
188 867 249 939 pro
280 848 629 944 meritis⁸lmprecer2²
655 852 836 924 :lbstulisti
863 855 988 924 arritum
1016 879 1103 927 orem
1128 857 1181 928 di-

100 969 252 1055 midium,
272 993 312 1043 ac
331 973 576 1046 florentissima
593 987 697 1046 aetaue
714 985 998 1069 crescentemque
1016 977 1178 1048 iuvenem

101 1092 240 1175 virtute,
260 1091 344 1163 dum
365 1093 481 1166 adhuc
501 1096 690 1180 ordiretur,
713 1098 970 1170 inexorabiliter
988 1097 1178 1178 succidisti,

100 1225 135 1284 et
151 1236 244 1286 nunc
262 1214 308 1284 illi
326 1217 470 1308 pectori,
490 1218 524 1287 in
542 1239 612 1311 quo
633 1219 840 1290 Franciseus
861 1241 961 1291 meus
982 1218 1181 1312 hospitaba-

103 1348 167 1421 tur,
185 1338 357 1409 violenter
375 1338 559 1410 incumbis.
580 1342 658 1434 lpsc
677 1341 768 1411 enim
788 1341 886 1426 abiit,
906 1353 941 1412 tc
963 1342 1042 1412 licet
1062 1342 1180 1414 invita.

100 1457 190 1529 Nihil
223 1459 257 1529 in
290 1458 385 1530 illum
413 1461 498 1531 iuris
531 1461 659 1544 babes3
694 1485 821 1557 corpus
857 1474 989 1534 tantum
1024 1464 1115 1535 illius
1148 1477 1183 1536 et

101 1602 198 1675 spem
225 1603 335 1653 meam
359 1584 462 1654 simul
487 1583 624 1666 obruis,
654 1606 715 1677 pro
740 1606 811 1677 quo
836 1587 920 1676 quid
947 1586 1041 1658 aliud
1067 1596 1184 1681 optem

102 1702 185 1775 tibi?
206 1704 346 1775 Curvatl
368 1707 402 1773 in
424 1727 543 1777 arcum
562 1707 667 1776 colles
688 1707 936 1791 extendantur,
957 1717 995 1777 ut
1012 1708 1044 1777 in
1063 1710 1182 1780 faciem

101 1825 223 1897 directi
248 1836 284 1897 et
308 1826 513 1920 importuosi
540 1827 650 1897 litoris
674 1828 826 1913 redacta,
845 1829 997 1920 iniquam
1023 1831 1183 1922 praebcas
1235 1877 1241 1884 -

101 1948 272 2020 classibus
311 1949 504 2020 stationem.
545 1948 714 2021 Corrua'nt
751 1952 878 2021 moenia
916 1961 951 2020 et
987 1955 1184 2024 manufacta

101 2068 276 2164 praesidia,
299 2093 380 2165 quae
402 2071 568 2142 ventibus
588 2094 628 2143 ac
649 2072 812 2143 fluctibus
833 2072 1002 2145 obiecisti.
1027 2075 1102 2146 lluc
1128 2076 1183 2146 vis

102 2193 253 2287 Syrtium
268 2202 303 2265 et
316 2194 435 2287 Euripi
453 2195 590 2271 ferv0r;
609 2195 678 2265 buc
696 2196 842 2289 Scyllaea
860 2196 992 2282 rabies,
1011 2198 1079 2268 huc
1093 2198 1182 2269 Cha·

102 2314 224 2410 rybdis
255 2316 420 2410 impetus,
448 2328 484 2385 et
512 2337 744 2408 quaecumque
765 2318 855 2388 vasti
892 2320 998 2388 maris
1032 2318 1183 2410 pericula

102 2441 364 2509 transferantur.
386 2439 499 2509 Laret
520 2439 640 2508 AEolus
661 2438 835 2531 inquietos
856 2442 994 2522 fratres,
1015 2438 1182 2511 Austrum

101 2570 136 2632 et
162 2560 326 2653 reliquos,
353 2560 412 2652 qui
448 2561 516 2631 tuis
551 2559 679 2631 finibus
705 2560 872 2632 insultare
899 2571 980 2632 sunt
1006 2562 1118 2647 soliti,
1146 2574 1185 2633 ut

102 2694 172 2755 toto
189 2682 273 2754 orbe
292 2681 488 2773 tranquillo,
507 2691 540 2751 te
555 2703 659 2752 unam
678 2694 856 2778 perpetuae
876 2683 1033 2777 quatiant
1052 2686 1185 2776 procel-

102 2808 155 2876 lae.
182 2804 359 2896 Quidquid
395 2806 450 2873 vel
483 2804 647 2875 mortium
673 2807 729 2876 vel
756 2806 955 2877 morborum
981 2829 1042 2898 per
1062 2828 1184 2879 ornnes

104 2938 212 2998 terras
233 2948 274 2997 ac
293 2927 402 2997 marla
423 2928 566 3019 pestifer
581 2928 648 3017 bic
669 2948 782 2998 annus
802 2927 937 3010 effudit,
961 2929 996 2995 in
1022 2937 1055 2996 te
1074 2930 1182 3001 solam

101 3051 264 3134 confluat,
287 3071 437 3143 quaeque
459 3050 535 3120 aliis
554 3050 747 3134 annuatim,
768 3051 828 3120 tibi
850 3050 959 3141 pestis
977 3060 1108 3119 aeterna
1127 3049 1182 3119 sit'.

102 3173 273 3264 Purgatur
295 3172 408 3242 insula
434 3170 602 3242 Sardiniae
635 3181 670 3242 et
703 3170 872 3264 quidquid
897 3170 975 3241 coeli
1000 3169 1183 3241 crassioris

102 3318 250 3390 usquam
273 3305 345 3376 est;
371 3304 563 3388 purgentur
590 3303 714 3385 stagna
739 3303 774 3363 et
800 3293 978 3387 sulphurei
1005 3294 1117 3377 lacus,
1144 3292 1209 3362 li·-

103 3438 282 3509 mosaeque
302 3417 438 3510 penitus
465 3414 630 3508 paludes:
657 3425 812 3510 tepescat
837 3412 975 3498 Arctos,
1004 3415 1185 3505 refrigere-

103 3551 159 3611 tur
179 3537 363 3631 AEthiopia,
387 3546 556 3608 vacuetur
582 3535 802 3629 serpentibus
829 3537 903 3606 suis
929 3535 1058 3617 Africa,
1088 3536 1185 3624 tigri-

101 3662 168 3733 bus
186 3660 375 3757 llyrcania3
396 3658 565 3750 quidquid
584 3667 816 3729 monstrorum
835 3667 871 3728 et
889 3658 1088 3729 immanium
1110 3654 1183 3725 bel-

102 3786 236 3855 luarum
258 3780 354 3854 orbis
376 3780 483 3853 babet
502 3780 536 3851 in
559 3791 592 3850 te
612 3803 659 3850 cx
680 3781 774 3852 omni
794 3789 963 3850 terrarum
985 3786 1082 3871 parte
1101 3798 1183 3848 con-

102 3905 228 3976 veniat.
256 3904 294 3974 ln
328 3913 362 3974 te
388 3902 506 3972 tristes
533 3901 687 3986 nebulae,
715 3903 749 3971 in
775 3911 810 3971 te
835 3901 954 3971 latices
979 3898 1122 3981 funesti,
1149 3906 1185 3968 et

103 4025 327 4097 inclementes
353 4043 462 4107 aurae,
497 4024 531 4092 in
562 4034 594 4093 te
620 4023 747 4114 frigora
773 4032 952 4113 aestusquc
977 4017 1183 4089 desaeviant.

101 4147 258 4240 Denique
275 4169 355 4218 cum
374 4167 511 4218 summa
531 4144 670 4215 humani
689 4141 829 4233 generis
848 4144 959 4214 salute
976 4150 1013 4209 tu
1032 4141 1105 4210 sola
1121 4137 1184 4211 de-

102 4289 244 4362 pereas3
267 4282 303 4340 tu
323 4271 420 4341 locus
441 4268 579 4351 mortis,
603 4277 640 4336 tu
661 4263 857 4336 formidinis
874 4286 916 4334 ac
937 4275 1106 4334 terrorum
1128 4283 1185 4333 re-
1312 4311 1314 4315 ψ

104 4392 177 4481 gio,
203 4402 239 4462 tu
260 4392 373 4463 luctus
394 4412 435 4461 ac
455 4387 609 4461 miseriae
628 4386 755 4457 domus
774 4397 859 4456 esto.
888 4387 936 4456 Te
961 4384 1180 4478 peregrinus,

105 4525 137 4584 te
163 4524 343 4599 mercator,
371 4523 547 4606 postremo
573 4519 606 4580 te
632 4508 730 4582 cives
757 4507 805 4579 tui
832 4509 985 4601 fugiant;
1011 4519 1046 4579 te
1070 4506 1184 4578 viator

233 4645 251 4685 t.
681 4646 686 4653 ·
865 4670 869 4677 .
1026 4627 1057 4677 ετ»
