2692 5024
126 578 184 640 ttd
461 585 502 632 nu
518 580 625 634 nunus
646 583 869 648 carlmannus

127 734 341 828 longissima,
363 729 483 804 brevis
503 732 584 815 erit,
604 741 640 802 et
660 732 694 801 in
716 729 822 802 finem
842 729 927 800 vitae
948 749 1030 824 spes
1054 728 1215 814 vivendi,

126 858 288 952 quamvis
310 867 394 937 rata,
416 854 580 948 quamvis
597 854 682 925 nihil
700 855 859 938 mentita,
887 852 1054 924 fefellerit.
1084 853 1211 938 Quem,

127 981 277 1073 inquam,
293 977 377 1049 mibi
391 977 542 1072 reperies
563 977 622 1070 qui
641 974 709 1049 nun
726 975 914 1049 coaetaneis
937 975 1010 1045 suis
1030 997 1072 1047 se
1091 998 1214 1070 super-

128 1104 301 1174 victurum
325 1103 466 1193 speret?
483 1103 533 1172 lta
552 1100 725 1191 cogitatus
747 1108 886 1169 nostros
904 1107 1076 1191 actusque
1093 1099 1215 1191 dispo-

128 1226 261 1310 nimuS,
288 1222 391 1317 quasi
417 1225 533 1294 nullus
553 1234 687 1306 noster,
710 1221 864 1295 omnium
889 1242 955 1292 nos
982 1221 1131 1292 heredes
1157 1224 1215 1293 lu-

132 1346 198 1419 turi
219 1348 350 1418 simus:
371 1366 450 1415 cum
473 1343 608 1414 interim
630 1352 749 1415 nostra
771 1364 857 1414 suos
880 1351 1127 1437 expectatores
1152 1343 1217 1414 ba-

130 1470 212 1542 beat
224 1467 409 1550 hereditas,
429 1475 464 1537 et
477 1466 690 1538 hauddubie
709 1465 776 1536 falli
795 1469 982 1537 alterutros
998 1466 1044 1537 sit
1057 1488 1213 1538 necesse.

130 1591 328 1682 Eripiamus
353 1609 417 1659 nos
443 1587 525 1658 huic
549 1586 712 1671 ludibrio,
739 1599 775 1659 et
801 1589 832 1660 si
856 1588 942 1661 ratio
974 1611 1046 1661 non
1081 1599 1211 1675 movet,

130 1720 296 1785 moveant
320 1732 384 1783 nos
418 1711 595 1802 exempla3
621 1731 702 1801 quae
727 1711 895 1804 undique,
919 1714 977 1782 vel
997 1712 1214 1796 nolentibus,

130 1835 240 1908 oculis
262 1854 301 1905 se
320 1832 480 1917 offerunt,
496 1842 544 1916 et,
565 1833 622 1902 vel
639 1834 801 1917 exclusa,
822 1855 860 1904 se
881 1833 1060 1925 ingerunt,
1083 1837 1141 1906 vel
1158 1835 1217 1907 ad-

131 1959 255 2043 missa,
283 1953 485 2051 praecordiis
507 1953 678 2038 insident;
699 1977 763 2028 nec
783 1956 896 2041 lacile,
924 1956 991 2027 nisi
1017 1967 1218 2052 contemptu

131 2082 237 2175 impio
254 2090 289 2153 et
309 2078 483 2151 oblivione
502 2076 690 2164 mortifera,
714 2079 930 2152 differuntur.
948 2081 1111 2152 Delectat
1130 2082 1217 2153 scire

20 2190 24 2203 ⁴
132 2205 217 2299 quid
239 2204 349 2276 simus
370 2211 406 2273 et
424 2223 495 2295 quo
515 2202 620 2286 imus,
647 2200 727 2294 quis
751 2194 954 2274 cunctantes
982 2203 1219 2295 tergiversan-

134 2337 256 2421 tesque
285 2335 404 2398 manet
428 2325 574 2398 exitus‘?
607 2325 809 2396 intueamur
840 2322 947 2406 ali0s3
981 2345 1053 2394 non
1086 2326 1218 2421 lynceis

134 2451 242 2521 oeulis
264 2461 319 2520 est
338 2473 449 2544 opus;
471 2460 531 2520 aut
551 2448 641 2518 illius
663 2447 736 2519 acie
753 2447 827 2541 qui,
847 2470 868 2518 a
891 2447 1036 2543 Lilybaei
1060 2452 1214 2542 specula,

133 2573 387 2660 digredientem
415 2580 517 2662 portu
543 2570 763 2659 Carthaginis
789 2573 938 2641 classem
964 2571 1135 2642 Punicam
1159 2595 1218 2643 nu-

134 2691 299 2764 merabat.
322 2693 425 2761 quta
443 2691 616 2783 respicere
641 2690 745 2762 iubeo
768 2693 882 2763 vicina
909 2692 1013 2777 ostia,
1035 2697 1219 2787 contiguas

134 2818 272 2900 domos,
302 2814 407 2884 urbes
441 2813 536 2905 ipsas
569 2835 659 2907 quas
686 2814 888 2898 incolimus,
923 2815 1026 2887 nimis
1052 2819 1154 2910 vagi,
1178 2819 1221 2891 ad

134 2939 292 3034 proprios
321 2941 411 3008 lares
443 2959 484 3008 ac
515 2937 633 3008 limina
658 2939 853 3009 redeamus.
880 2937 1088 3011 Videbimus
1113 2964 1221 3034 quam

134 3073 291 3155 repente,
312 3063 407 3132 velut
427 3060 599 3131 somnium
620 3082 661 3131 ac
682 3059 819 3144 umbra,
842 3061 1023 3152 praeteriit,
1046 3072 1155 3156 atque
1177 3066 1222 3135 ab

134 3183 243 3253 oculis
265 3183 395 3252 nostris
415 3182 559 3253 evanuit
582 3182 752 3276 quidquid
778 3183 812 3252 in
838 3183 940 3254 terris
966 3185 1083 3256 carius
1111 3187 1224 3258 babe-

134 3302 270 3371 bamus.
293 3302 403 3374 Amici
425 3305 483 3395 qui
504 3326 566 3396 pro
592 3313 711 3375 nostra
731 3304 801 3375 vita
818 3305 897 3375 ituri
925 3307 969 3376 ad
996 3317 1163 3386 mortem,
1193 3309 1223 3378 si

137 3447 193 3496 res
214 3434 384 3517 posceret,
408 3425 818 3510 videbantur,.moestam
845 3427 945 3499 nobis
971 3437 1007 3499 et
1032 3429 1137 3499 nimis
1165 3452 1225 3501 sc

137 3545 283 3616 litariam
309 3559 418 3617 morte
451 3569 514 3618 sua
540 3548 645 3618 vitam
673 3548 870 3619 effecerunt.
898 3549 973 3620 Non
998 3549 1045 3618 illi
1071 3573 1138 3622 nos
1166 3552 1225 3623 hic

136 3680 322 3762 perpetuos
338 3669 521 3761 reliquere,
538 3670 601 3739 sed
617 3670 738 3741 ecdem
758 3665 981 3764 properantes
1001 3693 1224 3766 praevenere,

137 3801 171 3859 et
192 3803 285 3861 sorte
307 3812 370 3861 sua
392 3791 426 3859 in
448 3802 600 3884 ternpore
623 3791 675 3862 usi
704 3802 796 3863 sunt.
824 3794 969 3865 Utemur
989 3805 1108 3866 nostra
1135 3819 1225 3879 n0s;

137 3934 231 3996 nam,
255 3925 293 3983 ut
313 3914 359 3984 ait
379 3915 537 3984 Flaccus:

378 4064 488 4125 Omnes
506 4063 613 4127 eodem
629 4065 784 4143 cogimur:
804 4068 944 4129 omnium

439 4160 583 4221 Versatur
600 4178 677 4224 urna
694 4163 793 4225 serius
810 4164 895 4226 ocius

438 4259 510 4320 Sors
527 4260 657 4325 exitura.

141 4402 260 4473 lixirit
272 4409 369 4479 ocius
384 4432 461 4479 sors
479 4411 627 4496 illerum,
647 4414 757 4485 exibit
774 4426 891 4486 nostra
911 4417 1038 4502 seriam,
1060 4421 1125 4493 sed
1144 4447 1231 4497 con-
