2692 5024
373 39 1268 363 Ι·-

138 672 198 735 tut
471 686 515 737 ns
534 685 638 739 ussus
658 686 880 739 summamus

135 828 240 903 minis
258 828 433 914 transivit,
454 838 554 903 aceto
573 829 616 925 (si
632 828 938 925 iamsecredimns)
952 796 1044 905 saxa
1055 852 1218 928 parrum-

134 972 237 1047 pens,
257 950 360 1024 iuxta
377 950 463 1025 mihi
482 951 572 1023 visae
591 962 687 1037 sunt,
705 974 788 1025 cnm
804 963 923 1025 tumen
939 974 1072 1047 magno
1087 956 1219 1031 nisum

134 1075 327 1149 intorrnlo.
348 1074 538 1171 suspiravi,
555 1076 687 1160 istene,
712 1075 759 1149 ad
777 1074 936 1151 italicam
953 1096 1074 1151 aerem
1099 1080 1216 1154 animo

133 1198 249 1292 potius
268 1220 375 1293 quam
390 1199 500 1271 oculis
516 1207 752 1295 apparentem,
769 1206 876 1292 atque
891 1197 1146 1275 inextimabilis
1161 1224 1214 1275 me

133 1322 239 1397 ardor
256 1320 384 1397 inuasit
401 1329 439 1393 et
453 1319 603 1393 amicum
614 1330 651 1393 et
662 1320 810 1417 patriam
823 1320 1014 1409 revidendi,
1031 1321 1084 1397 ita
1100 1333 1214 1397 umen

131 1452 171 1515 ut
190 1442 326 1516 interim
347 1443 382 1516 in
404 1452 551 1536 unoque
570 1441 728 1516 nondum
745 1442 857 1517 uirilis
872 1442 1020 1517 affectus
1035 1444 1212 1519 notitam

131 1562 358 1659 increparem,
378 1563 543 1659 quamvis
561 1564 745 1639 excusatio
762 1564 949 1660 utrobique
968 1586 1041 1639 non
1064 1566 1210 1655 odore,

131 1704 337 1780 magnorum
356 1687 498 1761 testim
516 1688 602 1762 tulta
619 1686 796 1782 presidio.
814 1688 1008 1783 Ooouparit
1031 1688 1119 1765 inde
1140 1690 1210 1763 ani-

129 1832 228 1881 mum
245 1830 339 1883 nova
356 1810 534 1905 cogitatio,
559 1821 665 1907 atque
684 1830 707 1883 a
725 1811 810 1883 locis
836 1810 993 1885 traduxit
1009 1814 1059 1887 ad
1079 1822 1211 1911 tempo

129 1954 179 2005 ra.
198 1931 364 2007 Dicebam
382 1934 475 2006 enim
495 1934 543 2009 ad
560 1955 618 2008 me
636 1933 752 2027 ipsum
767 1960 775 2006 :
795 1934 907 2009 Hodie
920 1934 1084 2013 decimus
1099 1960 1209 2013 annus

128 2060 320 2155 completur
337 2079 386 2131 ex
401 2080 482 2152 qno,
498 2057 692 2152 puerilibus
716 2056 842 2132 studiis
866 2057 1036 2145 dimissis.
1056 2046 1209 2135 bononia¹

127 2179 325 2266 excessisti;
344 2191 389 2265 et,
409 2202 433 2255 o
451 2182 546 2254 Deus
562 2180 785 2255 immortalis!
800 2181 1061 2257 oimmutabilis
1075 2184 1208 2281 sapien-

128 2305 192 2377 tia!
219 2313 307 2399 quot
327 2311 364 2375 et
386 2314 537 2398 quantas
562 2326 697 2377 morum
728 2312 867 2377 tuorum
899 2305 1115 2381 mutationes
1146 2306 1209 2381 boo

127 2427 279 2499 medium
300 2436 438 2519 tempus
458 2426 558 2498 vidit!
582 2425 719 2497 Infinita
738 2439 918 2520 praetereo.
936 2428 1104 2503 Nondum
1119 2432 1207 2503 enim

127 2550 277 2642 inportu
294 2569 384 2632 sum,
404 2558 443 2620 ut
460 2570 605 2620 securus
622 2551 878 2644 praeteritarum
895 2552 1118 2627 meminerim
1134 2578 1208 2650 pm

126 2674 301 2745 cellarum.
320 2670 470 2764 Tempus
486 2671 604 2743 forsan
619 2673 736 2745 veniet
751 2674 905 2768 quando,
923 2675 1051 2748 eodem
1067 2698 1142 2771 quo
1152 2700 1207 2771 ge·

126 2806 182 2867 sta
202 2802 284 2866 sunt
301 2790 439 2878 ordine,
454 2792 621 2867 universa
634 2818 842 2890 percurram,
856 2800 1025 2890 prefatus
1039 2798 1130 2875 illud
1140 2801 1208 2873 Au-

125 2916 257 3013 gustini
276 2914 347 2990 tui:
367 2912 550 2987 Rccordori
568 2920 642 2991 colo
662 2930 845 2991 transactor
867 2918 1031 3010 sortimur
1050 2943 1160 3010 mm,
1178 2933 1207 2992 et

126 3043 275 3114 cencies
299 3039 524 3132 coemptiones
541 3043 664 3113 anime
682 3064 777 3125 mcc,
798 3064 868 3113 noo
894 3040 980 3136 qood
1003 3066 1060 3117 eor
1083 3068 1207 3131 omero,

125 3164 181 3235 sed
198 3177 235 3235 ut
254 3189 361 3237 omem
379 3177 418 3251 te,
440 3167 529 3237 Deus
547 3189 647 3239 meus.
670 3168 753 3240 Mihi
770 3167 911 3261 quidem
928 3169 1077 3240 multum
1094 3169 1207 3243 adhuc

126 3286 280 3379 ambigui
299 3289 505 3382 molestique
524 3291 654 3382 negotii
680 3300 851 3387 superest.
877 3290 980 3374 Quod
1003 3310 1128 3367 amare
1153 3314 1205 3367 so

126 3406 251 3491 lebam,
273 3407 343 3480 iam
364 3433 433 3482 non
453 3432 548 3483 amo:
570 3413 731 3485 mentior:
752 3435 853 3496 amo;
877 3413 940 3487 sed
958 3417 1204 3504 verecundius,

127 3531 191 3604 sed
203 3531 347 3603 tristius.
362 3533 431 3603 lam
448 3534 585 3619 tandem
603 3557 728 3608 verum
744 3536 829 3609 dixi.
850 3536 905 3608 Sic
921 3546 977 3608 est
991 3535 1100 3610 enim:
1119 3563 1202 3625 amo

125 3652 189 3725 sod
208 3654 302 3747 quod
322 3676 391 3725 non
410 3677 528 3728 amare
549 3679 676 3742 amem,
700 3660 795 3751 quod
813 3657 931 3731 odisse
949 3659 1100 3754 cupiam.
1119 3662 1205 3737 Amo

127 3791 251 3864 tamen,
266 3779 330 3852 sed
343 3779 485 3866 invituS,
497 3780 560 3853 sed
573 3792 727 3868 coactus,
739 3783 804 3855 sed
817 3793 965 3856 moestus
974 3792 1010 3854 et
1021 3784 1160 3877 lugens,
1172 3796 1205 3859 et

125 3904 162 3975 in
180 3926 236 3975 me
256 3905 332 4000 ipso
347 3903 510 3976 versiculi
526 3904 617 3977 iilius
634 3904 859 3978 famosissimi
876 3906 1083 3980 sententiam
1100 3911 1205 3984 miser

125 4026 306 4120 experior:

320 4140 418 4204 Odero
435 4143 461 4205 si
477 4149 598 4224 potero;
616 4143 643 4205 si
660 4159 738 4219 uon,
756 4142 871 4206 invitus
887 4143 1004 4207 amabo.

125 4277 285 4351 Nondum
308 4280 393 4352 mihi
414 4284 536 4356 tertius
561 4304 675 4355 annus
699 4283 847 4368 effluxit,
873 4305 921 4355 ex
944 4305 1016 4377 quo
1041 4288 1203 4358 voluntas

125 4393 184 4466 iiie
202 4420 370 4491 perversa
389 4414 425 4474 et
444 4427 605 4498 nequam,
629 4428 710 4500 quae
730 4429 788 4478 me
808 4416 918 4479 totum
936 4406 1099 4496 habebat,
1116 4417 1154 4481 et
1169 4409 1203 4480 in

126 4521 205 4590 ania
224 4522 339 4593 cordis
356 4524 424 4595 mei
440 4528 512 4598 sole
531 4527 607 4598 sine
622 4530 874 4602 contradictore
898 4528 1080 4622 regnabat,
1098 4532 1203 4626 ooepit
