2692 5024
514 601 777 652 PROLEGOHENON.
1111 607 1163 656 XC!

139 749 179 822 Ep.
197 747 240 803 ta
260 748 366 804 nauco
383 786 513 802 ......
524 748 712 804 -Am'mum
724 754 816 805 tuum.

284 838 357 911 Arp.
377 836 522 893 Dissuadet
540 837 659 892 amioum
677 855 694 893 a
711 839 780 894 rotis
793 839 960 909 monasticis,
979 841 1113 914 illumque
1131 843 1165 898 ad

319 926 417 1000 patrie
429 927 573 983 eommoda
585 927 758 999 procuranda
769 926 939 983 adhortatur.

134 1017 175 1090 Ep.
194 1016 239 1072 13.
261 1015 386 1072 Iouam
399 1015 546 1073 Gouuurs
559 1031 576 1071 1
591 1017 619 1072 S.
635 1017 717 1074 Vrro.
728 1018 890 1073 -Anitom
904 1019 957 1074 tibi
968 1019 1115 1090 [abellam.

284 1108 355 1180 Arp.
375 1107 485 1162 Amnes
498 1113 526 1162 et
539 1107 672 1179 Podapre.
688 1107 836 1180 Apologus.

132 1196 175 1269 Ep.
194 1196 238 1251 14.
259 1197 304 1252 Ao
316 1210 456 1253 roseros.
466 1198 624 1270 -Repom
636 1199 800 1253 cervicibus.

284 1288 356 1361 Arp.
375 1289 530 1362 ,Pauperem
545 1306 574 1345 ae
588 1305 644 1345 non
658 1305 737 1362 posse
751 1287 908 1358 indigentiae
922 1288 982 1343 eius
995 1288 1132 1361 opitulari.

131 1375 174 1448 Ep.
193 1376 238 1431 15.
260 1377 303 1431 Ao
316 1390 455 1433 lusorum.
466 1407 502 1418 -
511 1378 628 1434 Studeto
642 1377 722 1432 bonis
735 1376 874 1432 omnibu.

285 1468 357 1540 Arp.
378 1469 469 1525 Raros
482 1486 542 1526 esse
555 1470 628 1524 viros
641 1469 742 1537 bonos,
757 1483 772 1520 e
786 1481 905 1538 quorum
917 1481 1035 1521 numero
1048 1464 1163 1536 eligendi

321 1562 388 1612 sunt
401 1558 498 1628 amici,
511 1558 649 1613 malorum
662 1556 789 1612 societate
802 1555 913 1628 penitus
924 1555 1033 1611 reiecta.

128 1645 173 1717 Ep.
192 1644 238 1702 16.
260 1646 304 1701 Ao
317 1659 457 1703 tenerur«.
468 1647 538 1703 -0
552 1664 640 1720 quom
651 1648 754 1702 multa.

286 1734 358 1808 Arp.
378 1735 512 1791 Adversis
525 1752 581 1791 non
595 1733 840 1791 succumbendum.

129 1823 173 1897 Ep.
193 1824 239 1879 17.
261 1824 304 1879 Ao
318 1838 456 1881 reserva.
467 1825 573 1898 -Epo
585 1842 651 1880 oero
666 1825 739 1880 obsit
752 1830 792 1878 ut.

284 1914 357 1986 Arp.
377 1915 520 1970 Beneficiis
530 1931 601 1988 saepe
610 1915 710 1986 ingrati
720 1914 805 1968 animi
815 1913 1040 1985 significationem
1053 1932 1164 1986 respon·

320 2003 396 2058 dere.

129 2093 173 2167 Ep.
194 2094 239 2149 18.
262 2092 402 2149 amno
415 2106 529 2148 marm.
540 2123 576 2133 -
586 2094 667 2158 Quod
679 2110 756 2164 soepe
768 2093 847 2147 otim.

284 2183 357 2255 Arp.
368 2182 418 2237 ·De
431 2199 481 2238 sua
494 2183 643 2255 eupiditate
657 2183 743 2238 libros
756 2182 879 2254 undique
893 2184 1078 2256 comparandi.

129 2275 173 2348 Ep.
193 2275 239 2329 19.
260 2274 303 2329 Ao
316 2287 455 2329 ranorum
465 2275 590 2330 -Adeo
600 2274 742 2345 pertinax
755 2278 782 2327 et
795 2272 865 2344 fixa.

282 2364 354 2436 Arp.
375 2364 461 2436 Spem
475 2379 618 2435 nunquam
632 2362 742 2436 deponi.

129 2452 174 2525 Ep.
195 2452 241 2509 Ἢ).
261 2452 357 2509 Lato
371 2465 435 2508 auo.
445 2453 575 2525 —Soepe
590 2459 616 2508 te
631 2453 743 2508 litteris.

283 2545 355 2616 Arp.
375 2543 456 2599 Dolet
470 2543 549 2597 amici
564 2544 720 2612 silentium,
734 2541 907 2597 commendat
916 2543 1060 2615 negocium
1070 2561 1162 2614 suum,

316 2631 442 2704 illudque
462 2630 600 2686 Cardinali
624 2630 801 2686 Columnensi
821 2648 871 2703 per
891 2649 955 2688 eum
977 2634 1161 2689 commendarr'

316 2722 393 2795 petit.

128 2812 172 2884 Ep.
192 2812 236 2867 11.
258 2813 354 2869 Lsuro
369 2827 431 2869 suo.
443 2843 476 2854 -
488 2812 645 2884 Impletum
658 2817 706 2866 eet.

284 2902 354 2972 Arp.
375 2899 555 2956 Commendat
579 2900 778 2956 adolescentem
801 2900 903 2970 aliquid
925 2900 1039 2954 humani
1060 2901 1162 2954 amoris

317 3007 398 3046 eausa
412 3006 589 3064 perpessum,
604 2991 684 3063 eique
698 2989 851 3044 Cardinalis
870 2989 1061 3044 columnensis
1074 2997 1163 3060 patro

315 3080 419 3136 oinium
434 3079 549 3135 invocat.

130 3167 173 3240 Ep.
192 3169 237 3223 12.
258 3168 355 3223 Lemo
367 3181 430 3223 suo.
441 3198 477 3209 -
487 3167 564 3233 Quid
578 3167 630 3222 tibi
641 3168 683 3221 oio
697 3169 802 3221 dicam.

283 3257 353 3330 Arp.
373 3258 414 3312 De
426 3258 522 3313 eadem
536 3274 567 3312 re
581 3257 660 3312 euius
674 3256 702 3311 in
717 3256 852 3329 superiori
866 3256 979 3328 epistola
992 3275 1081 3314 sermo
1095 3260 1158 3313 suit:

316 3349 404 3420 deque
418 3348 489 3402 mira
503 3347 666 3419 eloquentia
680 3346 715 3400 vi.

553 3578 657 3641 LIBER
680 3578 723 3638 lV.

133 3795 174 3869 Ep.
214 3797 241 3851 1.
263 3797 308 3852 Fr.
323 3796 461 3854 Drorrsro
474 3812 491 3852 a
504 3798 603 3852 Boreo
617 3797 646 3852 S.
662 3797 833 3852 Seruaeum.
845 3825 880 3836 -
889 3795 1079 3851 Altissimom.

281 3887 352 3960 Arp.
372 3888 413 3943 De
426 3904 476 3943 suo
490 3888 519 3943 in
533 3888 654 3943 Mentem
667 3888 818 3944 Ventosum
832 3887 975 3941 adscensu.

130 3974 171 4050 Ep.
210 3978 238 4033 2.
259 3977 304 4034 Fr.
319 3979 457 4035 Drororsro
470 3993 488 4033 a
501 3979 601 4033 Boreo
615 3978 643 4033 S.
660 3978 831 4033 Seruscruu.
842 4006 877 4016 -
886 3976 937 4030 Nil
949 3975 1069 4029 dulcius.

280 4068 351 4141 Arp.
371 4067 533 4124 Gratulatur
553 4066 628 4140 quod
650 4083 667 4121 a
688 4084 752 4139 rege
773 4065 894 4121 Roherto
917 4064 1063 4119 arcessitus
1080 4063 1158 4118 illum

313 4158 427 4227 adierit,
442 4158 580 4230 huiusque
593 4156 690 4212 laudes
707 4156 786 4211 effert
804 4159 832 4209 et
849 4153 937 4224 regias
954 4154 1068 4208 virtutes
1085 4171 1159 4208 exse-

315 4248 420 4320 quitur.

130 4330 172 4408 Ep.
211 4337 239 4391 3.
261 4336 401 4392 Roseuro
415 4336 529 4393 Srcrsre
542 4350 618 4391 neor.
630 4365 664 4377 -
674 4331 861 4391 Praesto-inxit
875 4333 976 4388 ocutos.

281 4426 352 4497 Arp.
373 4425 478 4481 Laudat
491 4425 660 4497 epigramma
678 4442 693 4478 a
712 4422 832 4479 Roberto
852 4438 915 4494 rege
934 4439 991 4478 suu
1010 4422 1100 4493 neptis
1118 4426 1158 4474 tu-
