2692 5024
195 687 252 749 312
531 697 571 743 oa
594 695 695 743 naeus
716 693 940 745 remittamus

195 848 366 919 discretor
381 845 449 939 (sic)
466 843 625 916 ordinum
642 845 785 916 Priscus
800 844 1011 937 Tarquinius
1028 843 1226 917 habitavit:
1240 846 1291 920 hie

196 969 321 1041 Servio
336 978 440 1063 caput
460 969 559 1050 arsit3
593 965 648 1037 hie
668 977 833 1062 carpento
866 956 1027 1038 insidens
1051 977 1161 1038 atrox
1184 970 1289 1041 Tullia

197 1093 373 1177 transivit,
392 1101 428 1163 et
448 1094 577 1163 scelere
599 1114 663 1163 suo
684 1091 801 1161 vicum
822 1091 903 1162 leeit
921 1092 1099 1163 infamem.
1127 1093 1215 1165 Haee
1230 1116 1287 1166 au-

197 1229 266 1287 tern
288 1218 393 1288 Sacra
414 1217 479 1288 Via
500 1227 570 1297 est;
593 1217 669 1286 haeo
690 1223 772 1286 sunt
791 1214 975 1307 Esquiliae;
1010 1215 1069 1286 hio
1086 1215 1286 1300 Viminalis,

197 1340 253 1411 hic
273 1340 460 1424 Quirinalis
481 1339 591 1420 eolliS,
614 1339 669 1409 hio
691 1339 833 1423 Caeliae,
864 1337 922 1410 hio
939 1337 1089 1410 Martius
1119 1340 1286 1434 Campus,

197 1471 232 1534 et
252 1461 399 1554 Superbi
426 1462 587 1533 manibus
605 1461 756 1533 decussa
776 1481 964 1556 papavera.
991 1459 1055 1531 llio
1075 1460 1288 1534 miserabilis

198 1584 356 1656 Lucretia
377 1586 467 1655 serro
497 1584 714 1669 incumbens,
745 1592 781 1653 et
801 1582 834 1652 in
852 1594 1002 1653 mortem
1024 1583 1172 1675 fugiens
1194 1585 1289 1657 adul

200 1720 264 1790 ter,
286 1715 322 1776 et
343 1708 438 1777 laesae
455 1707 631 1802 pudicitiae
661 1706 790 1778 vindex
813 1706 952 1775 Brutus.
975 1705 1039 1776 Hie
1060 1707 1190 1778 minax
1211 1710 1290 1780 Por-

200 1850 284 1898 sena
302 1838 337 1900 et
357 1830 527 1902 Etruscos
547 1829 738 1902 exercitus.
754 1838 789 1900 et
807 1827 955 1898 infestus
976 1828 1112 1899 erranti
1131 1830 1291 1904 dextera

198 1951 344 2037 Mutius,
367 1964 403 2025 et
429 1953 566 2050 tyranni
598 1951 690 2022 lilius
708 1974 786 2022 cum
805 1950 966 2022 libertate
986 1971 1227 2037 ooneurrens,
1261 1964 1292 2025 et

199 2075 335 2148 hostem
366 2076 452 2148 urbe
474 2076 658 2170 depulsum
689 2074 735 2146 ad
764 2073 892 2144 inferos
914 2093 1069 2166 sequens
1096 2079 1291 2163 consulet

199 2201 368 2271 fractusa
398 2210 494 2292 tergo
515 2198 582 2268 viri
602 2198 699 2269 fortis
726 2219 813 2290 pons
840 2194 1029 2279 sublicius
1058 2206 1096 2266 et
1127 2198 1292 2271 Horatius

199 2333 337 2406 natans,
358 2336 393 2395 et
409 2324 542 2393 Tiberis
560 2322 734 2392 revehens
752 2319 917 2391 Cloeliam.
932 2319 993 2389 llio
1009 2329 1087 2390 erat
1104 2320 1292 2394 Publicola

200 2443 1291 2540 nequidquamsuspectadomus;hioQuintusarabatdumlieri

203 2571 330 2641 meruit
345 2571 390 2641 de
407 2582 542 2642 aratore
562 2570 719 2640 dictator.
751 2570 836 2640 Hinc
857 2568 1029 2640 abductus
1051 2571 1236 2642 Serranus
1253 2571 1292 2642 ad

200 2693 417 2761 consulatum
440 2691 546 2761 venit.
561 2692 632 2762 Hoc
650 2701 705 2761 est
718 2692 920 2773 ianiculum,
940 2691 996 2762 hie
1010 2689 1230 2780 Aventinus
1244 2695 1292 2765 ille

202 2812 308 2880 Sacer
320 2832 433 2892 mone,
451 2810 567 2903 inquo
587 2822 639 2881 ter
656 2811 743 2884 irata
764 2812 921 2907 patribus
935 2813 1035 2905 plebs
1052 2818 1221 2888 secessit.
1236 2818 1292 2888 llio

201 2931 422 3003 libidinosum
437 2932 585 3003 tribunal
598 2932 697 3029 Appii
712 2935 825 3016 irritet
837 2934 927 3004 ferro
941 2934 1049 3025 patris
1060 2936 1291 3009 iniuriaesno

201 3057 305 3128 ducta
322 3056 492 3148 Virginia,
512 3069 547 3127 et
565 3057 757 3128 Decemviri
771 3057 921 3127 luxuriae
934 3056 1064 3149 dignus
1087 3058 1184 3132 finis.
1210 3063 1292 3132 Hinc

202 3180 404 3250 Coriolanus
415 3179 1292 3272 armissortevicturae,suorumpietatevietusao

202 3302 339 3375 seessit.
360 3305 431 3376 Hoc
454 3326 580 3374 saxum
599 3303 752 3375 defendit
771 3304 935 3391 Manliae,
959 3304 1039 3375 hine
1059 3306 1212 3379 excidit.
1235 3309 1293 3380 llic

202 3426 365 3497 Camillus
387 3428 560 3498 inhiantes
581 3452 666 3499 auro
686 3429 801 3499 Gallos
821 3426 936 3497 sabim
962 3426 1088 3520 repulit
1108 3428 1293 3503 interven·

202 3559 253 3631 tu,
272 3560 308 3621 et
327 3550 555 3642 desperantes
572 3552 668 3622 cives
694 3550 860 3622 amissam
888 3550 1034 3644 patriam
1056 3553 1153 3624 lerro
1174 3555 1294 3628 docuit

201 3696 415 3767 recuperare,
448 3697 515 3744 non
543 3695 638 3744 auro.
661 3673 722 3743 Hie
748 3672 928 3744 deseendit
954 3673 1095 3746 Curtius
1118 3689 1293 3751 armatus.

202 3796 263 3867 Hic
297 3795 475 3867 inventum
499 3795 566 3867 sub
587 3805 713 3864 terram
745 3805 848 3886 eaput
875 3794 1040 3879 hominis,
1064 3808 1100 3867 et
1122 3798 1295 3874 immotus

202 3917 371 3986 terminus
401 3917 612 4009 praesagium
637 3937 773 3985 summo
802 3927 837 3986 et
868 3915 981 3986 stabili
1003 3916 1154 4009 imperio
1183 3925 1294 3996 luere.

201 4039 262 4108 Hie
283 4041 388 4108 lallau
410 4039 511 4129 virgo
530 4037 635 4106 armis
650 4036 788 4119 obruta,
817 4049 852 4107 et
872 4037 945 4107 suis
964 4037 1214 4115 circumventa
1236 4046 1297 4115 tat-

200 4161 307 4232 laciis.
336 4164 417 4232 llaee
439 4162 584 4256 Tarpeia
604 4183 683 4239 arx,
706 4172 740 4230 et
760 4161 906 4231 Romani
925 4159 1041 4252 populi
1061 4183 1200 4237 census
1225 4178 1296 4240 toto

200 4283 283 4354 orbe
310 4287 485 4354 collectus.
513 4286 573 4354 Hic
598 4306 702 4354 anser
728 4294 931 4376 argenteus,
955 4283 1009 4352 hic
1029 4295 1158 4358 custos
1181 4311 1299 4364 armo-

201 4427 275 4474 rum
308 4409 423 4476 lanus.
459 4411 529 4481 lloo
550 4409 709 4490 Statoris,
734 4408 800 4479 hoo
821 4405 963 4477 Feretrii
984 4405 1078 4476 lovis
1107 4416 1297 4507 ternplum.

202 4525 280 4589 Ham
301 4532 409 4595 inerat
431 4533 514 4597 rolla
540 4532 642 4597 lovis·
670 4531 890 4599 hardoinus
917 4527 1069 4598 omnium
1094 4532 1300 4631 triumpho-
