2692 5024
947 324 956 347 Ι

129 688 169 738 cx
520 682 784 740 ruotnaoltuttort.

125 828 175 902 Ep.
195 828 240 883 tc.
261 826 423 884 Fusucrsco
437 828 542 883 Pmonr
556 829 604 885 SS.
621 829 849 884 Arosnonouuu.
860 858 896 872 -
908 828 944 884 Te
957 830 1132 885 meditabor.

287 917 360 988 Are.
375 915 500 972 Rediisse
514 933 544 972 se
557 934 573 971 e
586 917 746 989 Germania,
761 919 937 991 amicumque
951 935 1034 974 suum
1048 919 1089 974 illi
1102 937 1176 976 com·

322 1003 485 1059 mandatum
499 1004 579 1060 velle.

128 1092 427 1166 Ep.15.l'ucncrsco
450 1093 554 1149 Pmonr
576 1094 625 1150 SS.
651 1095 877 1152 Arosrosonuu.
891 1127 928 1139 -
940 1096 1038 1152 Poscis
1060 1102 1094 1152 ut
1115 1099 1175 1170 cpi-

321 1184 438 1239 stolam.

286 1269 360 1343 stry.
376 1270 457 1335 Quod
471 1270 567 1327 multis
580 1270 702 1341 negociis
715 1270 852 1327 distentus
869 1270 1036 1343 promissam
1049 1270 1084 1326 de
1098 1272 1177 1327 ltalia

323 1358 468 1432 epistolam
481 1357 516 1414 ad
530 1375 594 1414 cum
608 1359 719 1415 mittere
732 1359 897 1433 nequiverit.

129 1449 178 1523 Ep.
197 1449 243 1507 16.
263 1449 389 1506 (inmoru
402 1449 546 1505 Aacsmr.
562 1448 763 1506 Gauucssrmt.
776 1478 810 1493 -
820 1448 896 1504 Noui
909 1453 944 1504 te.

286 1539 360 1612 Arp.
376 1537 448 1594 Eum
461 1536 593 1594 derebus
606 1537 665 1594 suis
679 1543 711 1594 ut
723 1543 784 1595 erat
796 1539 827 1594 in
840 1538 912 1593 votis
925 1539 1071 1594 centorum
1083 1537 1156 1592 iacit.

128 1627 179 1700 Ep.
197 1627 243 1683 17.
263 1626 388 1683 Gumorn
401 1628 546 1683 Ancurae.
562 1628 762 1684 Gsunmsmu.
777 1658 805 1670 -
817 1627 964 1687 Putabam
974 1628 1090 1697 puuus.

287 1716 360 1788 Ary.
386 1716 465 1781 Quod
487 1716 517 1771 in
540 1717 619 1790 copia
640 1732 736 1771 rernm
758 1715 884 1771 omnium
903 1719 1065 1788 paupertate
1085 1714 1177 1786 potins

322 1821 408 1877 quam
421 1805 525 1862 divitiis
538 1806 598 1878 ipse
610 1805 726 1861 laboret.

128 1895 179 1970 Ep.
198 1894 244 1953 18.
264 1895 371 1954 lacem
389 1896 569 1953 Bussomaso
587 1897 747 1952 Auuusrrn.
766 1895 958 1952 Trcrunusnns
982 1909 1128 1952 rmuuro.
1143 1926 1177 1937 -

324 1986 410 2059 Soepe
423 1992 450 2042 te
463 1988 568 2059 frater.

287 2076 360 2148 Arp.
381 2075 514 2130 Hortatur
534 2079 567 2130 ut
584 2071 731 2146 tyrannide
750 2072 940 2128 'licinensium
958 2089 988 2128 se
1008 2071 1131 2141 abdicet,
1150 2077 1177 2127 ct

323 2182 421 2240 pacem
434 2165 586 2228 conditioni
600 2180 658 2220 sua
671 2162 887 2237 respondentem
901 2164 1072 2237 profiteatur.

555 2393 665 2456 LIBER
688 2394 751 2455 XX.

129 2608 179 2681 Ep.
216 2609 243 2663 1.
264 2606 358 2666 Nauio
372 2610 517 2665 Montano
530 2609 746 2666 Eoncnrvrrusr.
760 2642 797 2654 -
807 2613 932 2668 &ouem
947 2609 1034 2666 ueris.

288 2698 361 2769 Arp.
385 2697 426 2752 De
448 2697 576 2769 pessimis
598 2699 686 2753 etatis
707 2716 765 2756 suae
779 2700 904 2756 moribus
926 2705 954 2754 et
976 2698 1130 2771 praesertim
1144 2700 1178 2755 de

325 2785 438 2841 evantio
452 2791 480 2841 et
492 2786 611 2842 luxuria.
634 2786 777 2845 Nonnulla
797 2790 832 2845 de
851 2789 971 2845 adventu
985 2787 1116 2859 obituque
1130 2787 1180 2842 Ca-

323 2875 376 2930 roli
389 2874 427 2930 lv
441 2874 629 2948 Imperatoris.

129 2962 179 3034 Ep.
217 2962 247 3018 2.
267 2963 360 3020 Nrnro
376 2964 794 3024 Moaauquouosrvrsns1.-
804 2968 943 3024 Nondum
955 2966 1114 3039 superiori.

287 3053 360 3126 Arp.
385 3053 426 3107 De
449 3052 540 3108 Caroli
563 3054 601 3109 lv
623 3056 802 3129 Imperatoris
821 3057 939 3112 ahituet
960 3056 1180 3128 nonnullisque

322 3141 402 3197 illum
416 3143 576 3214 respiciunt.
594 3146 654 3210 Qua
668 3148 840 3203 humanitate
858 3146 893 3201 ab
907 3146 954 3201 illo
969 3151 996 3200 et
1009 3161 1025 3200 a
1039 3144 1180 3202 Cardinali

323 3229 425 3301 Legato
439 3229 524 3286 inerit
535 3231 637 3287 Latius
651 3240 791 3307 exceptus.

128 3320 178 3392 Ep.
217 3320 243 3374 3.
265 3319 420 3377 Gunnorro
435 3323 579 3379 srmone.
591 3355 627 3365 -
636 3324 722 3379 Nihil
735 3341 751 3378 o
764 3323 964 3396 muprscuime.

289 3408 362 3478 Arp.
378 3409 539 3467 Gratulalur
551 3427 617 3466 eum
640 3411 830 3467 Gennensium
853 3409 1012 3481 reipublice
1025 3408 1179 3466 reforman-

328 3496 370 3551 dae
383 3496 466 3553 luisse
479 3499 650 3571 praelectum.

128 3586 178 3660 Ep.
215 3587 242 3640 t.
263 3586 366 3642 Manca
382 3587 538 3644 Gunusnsr.
551 3617 588 3631 -
599 3591 723 3645 Crebros
737 3606 774 3643 coc
790 3594 816 3643 te
832 3587 953 3642 litteras.

287 3677 358 3749 Arp.
374 3675 414 3731 De
429 3677 519 3733 studio
533 3678 628 3750 legum
642 3683 669 3732 et
683 3693 778 3732 rerum
791 3676 944 3732 forensium
956 3677 1135 3749 experientia.

128 3763 178 3834 Ep.
217 3764 243 3817 5.
264 3763 400 3819 Bsnasro
416 3764 609 3821 Sunuonsusr.
622 3796 655 3806 -
665 3765 826 3836 Nunquam
838 3765 944 3819 hercle.

290 3853 362 3923 Arp.
378 3851 420 3906 Ne
433 3853 516 3908 nimis
528 3853 623 3908 faciles
637 3843 760 3925 praebeat
774 3867 855 3908 aures
869 3852 903 3906 iis
917 3853 966 3923 qui
986 3852 1045 3906 eius
1065 3853 1180 3908 nomine

322 3942 426 4014 aliquid
441 3948 547 4013 petunt.

127 4032 177 4103 Ep.
215 4033 242 4087 6.
262 4033 423 4089 munseo
438 4034 542 4089 Purorn
556 4033 605 4088 SS.
620 4033 848 4088 Arosrononnu.
860 4031 1040 4103 -Loupoeui
1057 4032 1179 4087 silentii.

289 4123 360 4193 Arp.
377 4122 508 4177 Diuturni
515 4122 616 4178 silentii
625 4139 723 4179 causas
737 4123 849 4195 promit,
864 4139 933 4195 quas
942 4122 1016 4177 inter
1029 4122 1180 4179 adventum

320 4212 411 4267 amici.
426 4211 544 4268 Litteras
557 4213 684 4283 queritur
697 4212 726 4267 in
741 4212 840 4267 itinere
853 4210 991 4282 intercipi.

128 4301 178 4373 Ep.
216 4303 242 4357 7.
264 4300 426 4356 Fasncrsco
441 4302 545 4356 Pnroar
560 4301 608 4356 SS.
625 4302 852 4357 Arosrononms.
869 4300 935 4354 Nou
949 4304 1032 4353 tuom
1045 4301 1150 4369 fateor.

286 4390 359 4462 Arp.
374 4389 538 4445 Discessissc
551 4390 671 4446 unicum
686 4391 765 4447 cuius
778 4390 958 4447 nunciaverat
971 4387 1134 4444 adventum:
1151 4404 1181 4443 se

322 4479 445 4552 epistolis
459 4480 517 4535 suis
529 4480 690 4549 colligendis
703 4496 817 4552 operam
832 4480 907 4534 dare.
