2692 5024
157 584 252 665 ”w
525 598 568 657 a!
586 604 687 655 annus
708 602 934 655 ruminamus
982 578 989 609 ¹

185 746 352 821 intentus.
372 744 497 819 Fluant
520 746 658 819 interim
682 744 1020 843 quacumquelibet,
1041 746 1129 821 dum
1150 749 1278 821 memi-

186 869 300 942 nerint
317 864 441 941 iisdem
462 890 545 941 mox
570 868 767 943 tramitibus
789 868 946 947 obtrusis
969 890 1040 941 non
1064 869 1174 943 lioera
1199 894 1277 945 am-

185 993 278 1087 plias
297 993 372 1079 niti,
398 991 532 1088 et.(qui
552 993 790 1065 luotaosarum
809 990 975 1065 mentium
996 1014 1074 1065 mos
1092 992 1164 1089 est)
1186 994 1274 1067 alias

186 1125 292 1211 atque
316 1115 402 1189 alias
426 1116 537 1189 dolori
561 1114 706 1187 rimulas
731 1114 949 1209 conquirere.
973 1114 1141 1209 Magnam
1166 1116 1276 1211 igitar

186 1241 223 1312 in
241 1240 362 1335 primis
383 1237 569 1335 quamdam
589 1247 634 1310 et.
642 1237 816 1330 insignem
832 1236 1001 1313 iacturam
1016 1238 1195 1313 aoeidisse
1212 1238 1275 1313 tibi

45 1364 48 1370 '
186 1363 304 1449 rideo,
325 1361 404 1435 talis
423 1372 461 1435 et
479 1372 550 1433 tam
570 1360 687 1433 dilecti
710 1360 828 1433 fratris
853 1360 1006 1434 interita.
1030 1362 1165 1434 Veram
1192 1372 1275 1437 tune

186 1506 255 1580 ego
267 1483 439 1557 infinitam
454 1493 491 1557 et
506 1483 783 1556 inaestimabilem
799 1482 1000 1570 iudiearem,
1014 1487 1160 1579 quando
1176 1508 1273 1559 mors

101 1704 106 1713 Ι
185 1608 282 1679 illum
300 1606 524 1693 extinxisset,
549 1614 587 1679 et
609 1629 680 1680 non
705 1607 818 1703 spatio
836 1606 963 1681 modici
982 1610 1151 1705 temporis
1172 1632 1274 1705 sepa

186 1739 313 1804 resset
333 1727 448 1825 Atqui,
469 1730 554 1819 dum
573 1729 632 1804 hie
649 1733 772 1817 luerat,
785 1734 989 1826 quantulam
1002 1732 1089 1805 vitas
1104 1754 1184 1807 suae
1196 1756 1274 1829 pnr-

187 1853 330 1927 tioalam
355 1852 425 1927 sab
447 1854 557 1927 oeulis
590 1853 658 1927 tais
692 1855 788 1947 egit?
812 1855 989 1951 Computa,
1017 1876 1089 1957 oro,
1115 1864 1273 1955 tempora

190 1975 296 2073 (quod
308 1976 513 2050 avidissime
525 1978 654 2051 laoiunt
670 1976 853 2074 amantes),
870 1986 907 2050 et
917 1974 964 2051 ab
976 1977 1096 2051 ultima
1109 1988 1273 2074 repetens

189 2100 342 2188 infantia,
355 2122 470 2196 nsque
485 2101 531 2173 ad
548 2101 638 2173 hano
653 2110 792 2174 aetatem
805 2099 953 2174 memori
966 2100 1081 2173 animo
1095 2122 1272 2195 pereussa

188 2225 262 2295 lam
281 2225 339 2297 ille
363 2226 482 2319 proaul
502 2246 525 2299 a
544 2224 655 2321 patria
680 2226 831 2318 genitus,
857 2234 893 2296 at
917 2222 986 2296 sab
1007 2223 1067 2296 illo
1092 2225 1282 2317 gloriosis.

189 2347 280 2419 simo
298 2347 406 2441 patris
427 2347 534 2418 exilio
558 2346 746 2441 productas
767 2348 942 2431 inlunem,
970 2348 1102 2440 primos
1127 2348 1273 2441 vagitas

188 2469 299 2540 edidit
316 2469 353 2539 in
373 2477 467 2541 terra
486 2470 690 2563 longinqua:
709 2478 945 2562 spectataeque
965 2468 1091 2541 indolis
1112 2492 1202 2564 puer
1223 2482 1272 2543 te-

188 2591 343 2662 neriores
364 2591 448 2662 vitae
467 2612 577 2663 annos
598 2593 655 2663 vel
676 2593 751 2664 sine
772 2602 820 2678 te,
847 2594 902 2664 vel
925 2591 954 2663 si
975 2601 1090 2663 mcum
1114 2592 1206 2686 egit,
1231 2616 1274 2667 aa

191 2703 306 2786 tamen
324 2723 399 2786 erat
418 2713 600 2785 amborum
620 2723 708 2787 aetas
728 2736 809 2809 quae
830 2736 895 2787 nee
914 2714 989 2786 veri
1015 2713 1132 2788 iudicii
1160 2738 1274 2811 capax

190 2847 256 2924 est,
282 2848 320 2910 et
343 2836 444 2910 solidi
475 2839 603 2909 amoris
635 2837 859 2911 fundamenta
884 2859 953 2909 non
979 2838 1110 2933 recipit.
1137 2839 1192 2912 lta
1216 2842 1273 2913 vel

61 2965 67 2974 '
190 2983 330 3056 semper
340 2974 486 3036 satanam
497 2961 627 3034 absens
639 2961 716 3047 luit,
736 2963 791 3033 vel
808 2960 945 3032 absenti
963 2961 1172 3035 simillimus.
1190 2964 1274 3035 blox

190 3085 249 3156 ubi
263 3087 509 3160 adolescentiae
526 3085 615 3157 fines
631 3084 754 3176 attigit,
773 3082 965 3155 incredibili
982 3083 1136 3177 quodam
1153 3107 1274 3159 amore

190 3207 395 3294 litterarum,
417 3231 564 3303 quarum
590 3206 684 3279 haud
709 3216 841 3278 temere
865 3207 1050 3300 quisquam
1076 3207 1141 3279 lait
1167 3230 1275 3305 appe-

191 3329 331 3416 tentior,
354 3355 446 3404 nune
465 3354 525 3425 per
544 3331 688 3414 ltaliam,
713 3352 803 3401 nuno
823 3351 886 3423 per
904 3330 1032 3403 Gallias
1057 3332 1161 3422 longe
1187 3334 1275 3405 lato-

190 3474 259 3548 que
278 3453 523 3546 peregrinatus·
539 3462 603 3524 est.
625 3454 677 3522 lta
693 3452 775 3523 dum
795 3451 972 3537 anhelans,
991 3474 1033 3523 ac
1048 3475 1111 3547 per
1127 3455 1273 3529 diversa

190 3586 359 3648 terrarum
374 3597 578 3669 generosam
594 3576 685 3648 sitim
700 3585 862 3667 satagens
875 3576 1093 3667 extinguere,
1108 3577 1273 3649 omnibus

191 3701 300 3770 ferme
322 3699 515 3770 studiorum
535 3697 930 3790 lontibus-immergitur,
946 3698 1118 3791 usquead
1135 3698 1272 3770 virilem

190 3829 326 3893 aetatffl
341 3831 568 3916 spontaneam
586 3822 660 3915 ipse
678 3820 744 3892 sibi
762 3820 888 3893 indixit
904 3820 1059 3893 exilium.
1077 3823 1163 3894 Post
1178 3821 1270 3905 baeo,

193 3947 265 4017 sola
296 3943 436 4017 virtutis
469 3944 694 4016 admiratione
726 3944 885 4016 facillime
919 3944 1160 4038 dispensante,
1191 3952 1273 4016 anto

192 4089 301 4138 annos
322 4069 367 4140 ad
386 4067 624 4162 episcopatum
646 4077 702 4139 est
720 4077 922 4162 provectus,
946 4089 1050 4160 quem
1072 4067 1122 4139 sic
1142 4067 1269 4159 gessit,

192 4198 232 4258 ut
257 4200 389 4261 tantum
412 4192 527 4263 virum
552 4212 622 4262 non
648 4190 758 4264 altiori
793 4190 880 4263 solio
906 4192 1084 4263 sedentem
1110 4210 1270 4274 eernere,

192 4322 334 4383 uunotos
348 4312 457 4386 bonos
471 4314 627 4409 puderet,
647 4326 873 4408 praeteream
891 4315 1018 4410 ipsam,
1038 4312 1098 4405 qui
1114 4308 1162 4382 ab
1177 4310 1271 4383 omni

194 4428 390 4504 ambitionis
409 4447 469 4508 aut
488 4437 646 4508 avaritiae
665 4438 790 4509 ardore
810 4436 1023 4521 liberrimus,
1042 4446 1079 4507 ot
1096 4444 1190 4507 sorte
1206 4456 1272 4507 sua
