2692 5024
361 663 452 711 nrum
474 663 602 712 sexsus
615 666 818 714 -urrsronu
839 668 879 714 rv.
1100 654 1158 716 339

80 819 119 881 ut
138 806 237 879 alteri
254 805 430 878 victoriam
455 827 606 900 quaeras.
634 808 717 878 Tam
737 807 863 879 efficax
893 821 1008 880 tamen
1038 830 1159 881 exem-

78 935 174 1028 plum
194 929 260 1001 luit
276 938 312 1000 et
329 938 397 1000 tem
418 927 588 1014 validum,
607 940 645 1002 ut
663 929 754 1002 bello
772 930 958 1003 Samnitic'o
970 954 1011 1003 ac
1031 932 1159 1004 Gallico

77 1052 169 1126 lilius
181 1053 317 1135 Decius,
336 1052 462 1147 etipse
481 1055 611 1138 consul,
628 1051 736 1145 patris
749 1053 899 1126 imitator
917 1055 1101 1139 existeret,
1123 1064 1159 1126 et

78 1176 219 1250 nomine
236 1184 367 1268 patrem
388 1196 518 1248 vocans
544 1197 689 1249 securus
715 1177 782 1249 iret
801 1178 847 1250 ad
864 1189 1023 1262 mortem,
1051 1199 1168 1270 quam

76 1324 142 1396 pro
161 1303 275 1373 salute
296 1321 439 1372 suorum
456 1298 584 1372 civium
601 1311 831 1387 contemnere,
852 1302 909 1374 illo
930 1312 1081 1388 auctore,
1103 1302 1158 1374 di-

76 1426 221 1498 dicerat.
242 1423 338 1507 Quos
359 1423 449 1496 bello
462 1425 647 1496 Tarentino
662 1424 836 1498 adversus
855 1428 1026 1522 Pyrrhum
1045 1426 1159 1498 imita·

77 1559 135 1620 tus
152 1568 275 1640 nepos,
298 1546 397 1618 tertia
418 1545 557 1619 tandem
570 1569 640 1618 uno
651 1546 697 1619 de
713 1570 822 1639 grege
835 1547 985 1633 victima
1007 1549 1074 1622 etsi
1088 1571 1158 1621 non

77 1671 201 1744 eodem
222 1670 406 1741 insularum
428 1668 568 1755 habitu,
595 1671 669 1764 pari
689 1681 805 1743 tamen
824 1671 928 1743 animi
950 1671 1081 1745 virtute
1099 1694 1158 1744 eu-

78 1795 230 1886 demque
255 1792 451 1886 reipublicee
476 1793 603 1886 pietate
628 1793 820 1888 procubuit.
851 1795 1034 1888 Nunquam
1082 1796 1156 1868 talis

79 1916 133 1988 vir
154 1915 402 1988 Themistocles
430 1916 537 2001 fieret,
565 1917 633 1989 nisi
658 1919 820 1990 Miltiadis
845 1894 1157 2014 exemplis'accen-

80 2061 158 2122 sus,
174 2036 249 2109 fieri
263 2039 309 2108 illi
323 2061 441 2134 parem
455 2040 488 2108 in
503 2015 654 2112 animum
673 2040 880 2113 induxisset.
899 2043 1082 2136 Nunquam
1101 2044 1157 2114 lu—

80 2162 148 2232 li'us
169 2162 289 2233 Caesar
308 2161 342 2231 in
362 2161 446 2234 illud
464 2163 584 2253 gloriee
603 2165 739 2234 culmen
752 2164 985 2249 ascendisset,
1008 2164 1075 2236 nisi
1093 2163 1157 2237 mi-

79 2284 150 2356 rari
166 2294 201 2355 et
221 2283 343 2354 imitari
365 2283 511 2355 lllarium
538 2283 584 2355 ab
607 2286 839 2358 adolescentia
856 2287 1052 2370 didicisset,
1072 2285 1155 2381 quin

79 2419 115 2481 et
130 2407 320 2479 Alexandri
338 2407 464 2500 profuit
483 2407 598 2500 imago
617 2407 652 2480 in
671 2412 799 2502 templo
824 2408 982 2483 Herculis
1001 2408 1156 2483 Gadibus

79 2541 277 2624 conspecta,
299 2554 369 2624 qua
389 2555 473 2604 mox
486 2532 530 2604 ad
546 2532 768 2629 cupiditatem
786 2556 933 2627 magnas
955 2556 1011 2606 res
1029 2535 1157 2627 egendi

80 2677 148 2727 non
179 2656 312 2726 exarsit
332 2654 442 2738 modo,
471 2655 543 2739 sed,
571 2654 616 2729 'ut
636 2657 684 2728 ait
708 2658 943 2751 Tranquillus,
977 2656 1154 2750 ingemuit.

80 2779 236 2850 Proiecto
252 2789 367 2848 autem
383 2778 412 2847 si
426 2787 551 2849 statuae
564 2778 748 2851 illustrium
765 2790 914 2876 possunt
932 2779 1066 2852 nobiles
1083 2780 1157 2851 ani-

80 2925 158 2975 mos
179 2901 224 2973 ad
245 2901 397 2974 imitandi
424 2902 576 2973 studium
602 2903 792 2975 accendere
820 2904 926 2997 (quod
946 2903 986 2987 Q.
1012 2901 1156 2991 Fabium

81 3023 271 3093 Maximum
308 3034 343 3094 et
374 3026 414 3108 Q.
442 3024 635 3095 Cornelium
670 3025 861 3119 Scipionem
892 3024 1007 3095 dicere
1038 3023 1156 3094 solitos

83 3146 225 3241 Crispus
256 3147 385 3240 relertl,
422 3155 551 3238 quanto
571 3146 684 3237 magis
713 3147 787 3240 ipsa
813 3146 926 3216 virtus
953 3145 1017 3217 hoc
1042 3143 1154 3228 efficit,

81 3272 174 3340 claro
193 3269 276 3340 dum
290 3270 490 3364 proponitur
503 3291 572 3339 non
585 3290 771 3352 marmore,
795 3269 858 3339 sed
878 3270 1061 3360 exemplo?
1074 3267 1156 3338 Cor·

81 3414 203 3486 porum
219 3414 344 3485 nempe
357 3393 562 3463 lineamenta
577 3392 699 3463 statuis
718 3392 834 3461 forsan
847 3389 1053 3488 expressius
1074 3412 1157 3464 oon-

83 3516 250 3587 tinentur:
285 3538 402 3586 rerum
435 3537 520 3585 vero
553 3523 750 3606 gestarum,
786 3535 992 3610 morumque
1024 3515 1155 3599 notitia,

82 3649 186 3733 atque
217 3637 357 3709 habitus
391 3638 583 3709 animorum
613 3636 709 3709 haud
739 3636 843 3709 dubie
873 3636 1011 3731 plenius
1052 3645 1156 3728 atque

80 3761 267 3855 perfectius
288 3760 422 3845 verbis,
456 3783 562 3853 quam
595 3759 779 3832 incudibus
799 3760 1052 3854 exprimuntur.
1086 3759 1156 3829 Nec

82 3885 266 3979 improprie
281 3883 363 3954 mihi
378 3884 500 3956 videor
516 3883 673 3985 dicturus
696 3892 845 3967 statuas,
868 3903 1050 3973 corporum
1071 3881 1157 3950 ima·

82 4008 196 4099 gines3
214 4009 384 4100 exempla,
400 4006 577 4078 virtutum.
592 4006 683 4089 Quid
697 4005 740 4078 de
750 4005 898 4097 ingeniis
916 4005 1060 4095 loquar?
1077 4003 1156 4072 lmi-

82 4129 164 4201 tatio
184 4153 289 4200 unum
311 4129 446 4220 insigne
468 4151 529 4221 par
555 4127 708 4199 siderum
736 4127 863 4218 linguae
887 4127 1000 4198 latinae
1021 4126 1157 4198 Cicero

81 4274 159 4323 nem
173 4275 214 4323 ac
226 4251 409 4344 Virgilium
427 4250 536 4335 dedit,
554 4250 733 4342 effecitque
747 4272 791 4320 ne
812 4250 878 4321 iam
897 4249 1046 4343 amplius
1059 4250 1156 4321 Grae·
1239 4329 1242 4335 ⁷

80 4377 131 4447 cis
153 4378 221 4446 ulla
243 4375 277 4446 in
304 4384 400 4468 parte
425 4371 630 4465 eloquentie
652 4371 866 4443 cederemus.
895 4375 981 4445 Dum
1008 4374 1063 4444 hic
1088 4375 1156 4445 llo

81 4522 215 4573 merum
237 4500 408 4594 sequitur,
429 4497 486 4568 ille
503 4493 782 4579 Demosthenem,
805 4498 891 4569 alter
911 4495 1034 4568 ducem
1053 4517 1154 4569 suurn
1285 4586 1291 4593 ἡ
