2692 5024
348 711 439 761 trono
461 711 817 761 rannus-erismae
840 712 880 759 xr.
1094 702 1152 762 toa

490 947 665 1013 teutona
688 949 731 1012 lll.

117 1123 168 1171 rn.
188 1121 359 1171 neronum
375 1122 506 1172 oumoru
523 1122 678 1184 corrice
696 1120 835 1172 uturum
853 1121 1018 1173 nonnos.
1035 1126 1063 1174 r.
1081 1126 1112 1174 o.

302 1273 455 1329 Hominum
469 1273 638 1329 conditiones
652 1273 679 1328 ri
692 1275 795 1330 amoris
809 1276 921 1348 aquari.

172 1473 297 1565 Magna
316 1493 461 1565 prorsus
488 1471 618 1542 amoris
643 1481 679 1542 et
704 1472 792 1543 mira
817 1474 970 1565 potentia
996 1486 1065 1560 est,
1093 1477 1152 1569 qui

71 1611 142 1671 tam
156 1596 273 1668 valide
286 1606 426 1688 tamque
439 1571 603 1666 tenaciter
615 1593 780 1666 invisibili
793 1594 950 1689 quidem,
966 1597 1028 1670 sed
1041 1598 1153 1671 baud-

70 1743 247 1816 quaquam
268 1717 463 1790 insensibili
481 1741 578 1791 nexu
602 1718 743 1793 minima
767 1720 872 1793 nectit
897 1721 1090 1807 immensis,
1117 1732 1155 1794 et

70 1865 220 1937 quorum
239 1843 334 1913 nulla
351 1839 495 1934 paritas,
517 1841 590 1935 pari
609 1842 699 1933 regit
715 1841 870 1937 imperio.
890 1844 1018 1927 Quidni
1035 1855 1152 1916 autem

71 1968 137 2038 boc
156 1964 243 2037 iuris
266 1964 396 2036 habeat
416 1963 452 2035 in
472 1964 596 2036 animis
616 1965 809 2050 hominum,
833 1986 941 2036 sensu
961 1975 998 2037 et
1020 1967 1153 2040 ratione

71 2089 286 2184 vigentibuS,
309 2089 369 2183 qui
389 2089 493 2160 certis
513 2087 703 2161 ioederibus
722 2088 828 2160 surda
844 2097 880 2161 et
899 2087 1049 2162 adversa
1062 2091 1150 2165 invi-

69 2236 146 2287 cem
166 2215 336 2286 elementa
354 2211 588 2304 conglutinat?
607 2210 685 2282 Non
700 2210 850 2283 flammis
871 2234 946 2298 aer,
969 2236 1039 2285 non
1055 2224 1152 2289 terra

69 2336 233 2409 lluetibus
252 2335 416 2422 haereret,
438 2356 507 2406 non
527 2335 619 2428 ripas
637 2333 791 2418 flumina,
805 2340 875 2406 non
895 2357 1018 2429 aequor
1030 2337 1147 2424 litora,

70 2480 139 2532 non
164 2460 307 2533 semitas
328 2480 412 2530 suas
436 2465 531 2530 astra
551 2467 815 2550 cognoscerent,
839 2458 907 2531 nisi
930 2460 1149 2556 omnipotens

69 2595 105 2655 et
131 2583 188 2679 (ut
211 2604 293 2654 eum
317 2581 461 2676 vocant)
485 2604 585 2654 sacer
602 2579 698 2652 orbis
719 2602 817 2682 amor
839 2582 1004 2654 universa
1024 2606 1151 2657 conne-

69 2716 187 2778 cteret.
205 2704 273 2790 Qui
286 2706 413 2776 coelum
431 2703 536 2796 igitur
548 2726 588 2776 ac
602 2712 714 2778 terras
731 2727 835 2800 aequo
847 2706 921 2779 iure
936 2707 1148 2794 moderatur,

71 2828 102 2898 is
124 2827 211 2898 inter
228 2827 453 2899 humilitatem
475 2851 587 2900 meam
608 2828 649 2900 et*
665 2839 757 2900 tuam
776 2830 991 2902 altitudinem
1009 2854 1079 2902 non
1095 2830 1150 2903 di-

72 2951 210 3023 scernit.
231 2950 344 3023 Habet
365 2951 432 3023 boc
457 2952 514 3022 ille
535 2951 764 3046 praecipuum:
785 2973 927 3045 aequare
948 2953 1045 3024 novit
1065 2954 1150 3022 inae-

71 3072 200 3167 qualia,
228 3083 472 3168 amantemque
497 3073 646 3149 fideliter
672 3075 733 3145 vix
769 3073 898 3168 patitur
930 3097 999 3146 non
1029 3075 1149 3147 amari.

71 3196 188 3269 Sensit
202 3196 284 3268 olim
306 3197 446 3269 claritas
467 3208 535 3281 tua,
555 3196 659 3268 nullis
676 3194 817 3290 quidem
835 3216 991 3267 meorum
1008 3206 1150 3270 actuum

70 3299 301 3412 argumentis,
321 3322 385 3394 sed
407 3323 480 3394 solo
507 3319 561 3415 (ut
584 3319 652 3392 dici
687 3318 791 3415 solet]
825 3320 952 3392 mentis
985 3320 1147 3413 augurio,

72 3443 219 3539 (babent
231 3445 323 3519 enirn
345 3456 380 3518 et
397 3466 481 3517 suos
501 3447 620 3518 oculos
637 3444 755 3530 animi,
774 3444 903 3539 quibus
920 3467 1001 3519 sese
1017 3455 1148 3532 mutuo,

70 3570 246 3665 superatis
264 3569 439 3664 corporeis
456 3568 699 3654 velaminibus,
714 3567 920 3665 intuentur);
935 3569 1083 3654 sensisti,
1098 3568 1151 3638 in-

69 3715 185 3787 quam,
201 3693 255 3764 vir
271 3693 478 3781 clarissime,
498 3715 661 3787 quaenam
676 3713 761 3786 erga
782 3701 880 3765 tuum
900 3715 1026 3765 nomen
1042 3689 1151 3762 devo-

71 3817 118 3888 tio
135 3838 213 3889 mea
234 3821 288 3888 sit.
314 3819 358 3889 Ut
377 3817 505 3890 amanti
526 3819 639 3892 vicem
673 3820 818 3902 releraS,
853 3836 950 3887 amor
981 3813 1084 3904 cogit.
1111 3811 1151 3883 ld

69 3963 150 4012 cum
168 3961 262 4034 saepe
279 3941 397 4013 multis
411 3941 559 4028 indiciis,
573 3954 647 4015 tum
667 3964 714 4012 ex
733 3938 874 4013 duabus
890 3960 1001 4033 nuper
1020 3936 1150 4030 episto-

69 4064 113 4134 lis
135 4063 217 4150 tuis,
239 4088 329 4159 quas
350 4066 434 4136 mihi
452 4065 625 4137 lohannes
645 4061 809 4136 Aretinus
829 4059 1054 4165 cancellarius
1069 4068 1150 4142 tuns

68 4187 232 4275 ostendit,
273 4188 524 4261 iucundissimo
554 4185 752 4279 recognovi.
765 4187 816 4278 ln
845 4182 987 4278 quibua,
1022 4181 1149 4262 mirum

67 4309 171 4396 dictu,
194 4333 273 4383 oum
297 4332 359 4404 pro
384 4318 434 4379 tot
459 4309 554 4379 illum
578 4309 752 4403 tantisque
774 4306 879 4378 rebus
905 4304 973 4378 hue
997 4303 1147 4390 miseris,

68 4454 138 4503 non
158 4435 203 4508 de
225 4437 392 4506 Romanae
412 4431 528 4505 euriae
544 4441 650 4517 statu,
668 4453 739 4525 quo
759 4429 843 4503 nihil
861 4429 926 4503 bac
943 4435 1149 4523 tempestate

66 4557 272 4643 deformius,
294 4557 378 4627 nihil
396 4555 644 4640 incredibilius
660 4577 730 4628 non
749 4555 794 4629 de
813 4552 984 4629 maiorum
1000 4552 1148 4626 fortunis
