2692 5024
138 640 197 705 352
473 652 517 701 us
537 650 639 703 usuua
658 650 892 703 ammiratum·

53 810 56 815 ’
137 799 238 887 hoste
269 816 354 891 rege
378 798 437 869 vei
459 798 600 893 populo,
623 806 685 869 aut
703 817 724 868 a
745 796 901 895 superbo
919 796 1042 893 atiquo
1061 798 1239 877 donatore

137 918 260 993 tentati
279 929 373 992 suut.
400 918 447 993 At
465 940 533 992 uon
559 919 706 992 Romani
732 928 876 997 senatus
896 920 992 995 dona
1016 922 1236 999 Ptolemaeus

136 1065 203 1117 rex
240 1042 446 1140 AEgyptius,
491 1064 562 1116 uou
595 1039 749 1115 Airioaui
783 1040 839 1115 sui
871 1064 1004 1117 muuus
1038 1046 1234 1151 Masinissa

103 1205 111 1225 ·
135 1165 367 1261 oontempeit3
391 1187 461 1237 uon
486 1165 671 1237 Africanus
703 1166 790 1249 aiter
814 1186 961 1239 mouera
985 1167 1086 1261 regie
1111 1168 1233 1255 umioi,

135 1312 205 1365 nou
236 1288 389 1383 denique
421 1290 570 1385 populus
602 1288 678 1383 ipse
710 1288 902 1374 Romanus,
929 1310 1123 1364 munerum
1154 1292 1236 1367 lieet

135 1423 273 1509 spretor
298 1411 465 1493 hostium,
496 1409 675 1503 Pergamei
699 1410 805 1502 regis,
825 1432 932 1505 quem
952 1412 1108 1501 amabat,
1127 1416 1235 1491 hers·

133 1535 277 1609 ditatam
298 1542 617 1625 testamentumque
639 1531 816 1628 despexit.
836 1534 986 1607 Multum
1008 1540 1137 1625 refert,
1160 1563 1233 1635 quo

134 1659 250 1731 auimo
269 1653 354 1748 quid
377 1654 541 1739 donetur,
568 1664 603 1726 et
628 1677 649 1728 a
672 1676 766 1748 quo:
786 1664 824 1729 et
842 1654 935 1730 siout
952 1658 1100 1752 quddam
1124 1663 1231 1756 louge

133 1770 359 1873 magnificus,
393 1779 445 1852 sio
475 1780 563 1853 ulter
593 1777 808 1853 inhumanus
838 1774 946 1875 atque
980 1782 1143 1857 iusoieus
1176 1798 1229 1859 est
1261 1872 1265 1879 Ι

132 1912 363 1998 eontemptus.
378 1901 528 1975 'Amicus
548 1924 631 1995 ego,
659 1922 727 1975 uon
748 1911 907 1989 tentator,
935 1904 1055 1990 venio,
1077 1928 1165 1993 uee,
1191 1920 1228 1981 ut

132 2049 257 2101 verum
289 2027 412 2111 fateor,
445 2026 538 2099 douo
571 2025 701 2120 aliquid
733 2026 817 2109 tibi;
850 2026 915 2101 'sed
947 2036 1066 2101 meum
1091 2032 1227 2126 partior

132 2170 214 2244 quae
235 2150 306 2222 seis
324 2149 402 2243 ipse
422 2147 644 2244 iampridem
661 2146 763 2221 uobis
778 2170 861 2221 esse
877 2151 1092 2224 oommuuie.
1112 2152 1167 2229 Ac
1183 2180 1224 2228 ue
1284 2218 1288 2223 .

133 2296 261 2347 munus
273 2275 444 2369 exiguum
457 2272 595 2366 maguis
608 2272 728 2345 verbis
740 2294 967 2367 exaggerem,
981 2276 1107 2370 accipe
1121 2280 1225 2372 quid-

133 2398 217 2492 quid
238 2398 358 2483 idest,
387 2408 422 2469 et
446 2396 527 2469 boui
554 2400 707 2469 consule.
741 2396 842 2482 Quod
874 2399 1029 2490 proiecto
1055 2422 1103 2472 ue
1131 2401 1222 2475 idem

132 2520 208 2615 ipse
234 2521 293 2613 qui
319 2523 397 2603 fert,
428 2541 492 2591 uec
523 2519 611 2591 alius
642 2519 781 2613 quidem
814 2519 1000 2613 quisquam
1033 2522 1142 2614 quid,
1166 2536 1224 2595 aut

131 2645 234 2736 quale
255 2644 300 2713 sit
319 2643 436 2726 novit3
455 2654 491 2715 et
505 2664 572 2734 ego
589 2643 672 2728 iam,
693 2641 823 2737 siquid
841 2642 923 2713 mihi
941 2642 1075 2729 eredis,
1091 2644 1222 2720 oblitus

133 2786 221 2836 sum.
244 2765 339 2837 Vale.

633 2996 711 3007 -αι

503 3267 506 3274 ·
547 3238 725 3304 EPISTOLA
746 3239 792 3303 tx.

130 3422 323 3474 Fatuclsctts
340 3424 510 3475 paratust
528 3426 672 3475 PlssLlPPO
691 3428 843 3477 Episcopo
860 3428 1217 3489 ctvttttcsu818.1³.u.

204 3603 361 3659 Accersitus
375 3604 410 3659 ab
423 3620 455 3659 eo
469 3604 605 3675 promittit
619 3620 649 3659 so
665 3605 784 3661 crastino
798 3607 939 3663 aditurum
953 3627 1019 3666 oum
1033 3613 1139 3672 uisum.

224 3871 366 3942 Veniam
388 3871 433 3943 ad
456 3881 503 3956 te,
524 3872 665 3965 quando
691 3874 737 3944 ita
763 3876 899 3966 plaeere
926 3876 987 3947 tibi
1014 3881 1156 3967 seutio;
1183 3896 1219 3956 et

127 3993 302 4066 Socratem
324 4004 480 4065 nostrum
498 3993 766 4067 devotissimum
785 3996 834 4067 tui
851 3999 1003 4069 nominis
1024 4000 1216 4077 adducam.

125 4116 296 4189 Postridie
328 4117 530 4199 veniemus3
555 4139 622 4190 uec
647 4118 868 4192 horrebimus
893 4119 991 4192 urbis
1015 4138 1216 4217 aspectum,

125 4238 254 4309 inculta
274 4239 437 4332 quamvis
456 4249 493 4310 et
512 4241 688 4312 rusticana
708 4252 808 4313 veste
833 4243 990 4315 contecti.
1014 4244 1094 4317 Huc
1120 4251 1218 4321 enim

126 4357 236 4449 pridie
257 4362 382 4453 raptim
402 4385 449 4434 ex
470 4362 557 4434 urbe
577 4364 732 4458 inquieta
751 4375 787 4436 et
807 4365 959 4453 turbida,
983 4368 1090 4454 saltu,
1115 4375 1219 4446 velut

125 4472 162 4546 iu
182 4476 264 4548 litus
284 4481 390 4553 fracta
411 4485 532 4578 puppi,
559 4486 790 4578 confugimus,
816 4489 970 4564 latitandi
1001 4490 1220 4591 ociandique
