2692 5024
127 624 185 689 1¹12
463 634 507 685 os
525 634 628 685 nauus
647 630 870 685 cumutamus

125 781 258 855 ludicre
276 779 518 877 potiusquam
537 775 703 862 iucunde,
723 774 846 849 litteris
865 776 936 849 tuis
956 776 1095 873 auique
1120 800 1208 863 cou-

126 904 268 977 sultum.
288 901 372 975 Mihi
392 901 485 975 euim
507 898 713 983 conditionis
736 918 826 971 meae
850 900 1005 973 solamen
1027 900 1206 977 additum:

125 1050 195 1102 non
211 1027 307 1122 quod
325 1025 361 1097 iu
380 1023 553 1118 angustiis
573 1033 609 1097 te
626 1021 752 1096 comite
770 1021 933 1109 delecter,
959 1022 1025 1097 scd
1048 1024 1147 1119 quod
1171 1028 1208 1099 in

127 1174 183 1225 me
201 1150 375 1245 indignari
386 1170 456 1222 nou
470 1148 516 1222 sit
530 1150 597 1233 fas,
611 1146 707 1242 quod
722 1168 907 1251 commune
922 1168 1060 1223 mecum
1076 1146 1209 1226 haheat

127 1287 243 1349 mutus
263 1272 333 1357 vir;
358 1271 419 1345 tihi
444 1294 530 1344 vero
555 1270 709 1343 laborem
731 1269 969 1344 excusationis
989 1269 1205 1366 ademptum.

125 1397 200 1471 Nisi
218 1397 310 1469 enim
331 1404 371 1468 tu
389 1414 686 1490 praeoccupasses,
707 1391 776 1467 mm
801 1394 957 1466 mamus
977 1402 1054 1467 erat
1072 1392 1111 1465 in
1130 1415 1209 1468 ma-

126 1518 246 1605 nibus,
261 1540 303 1592 ac
314 1539 359 1591 ue
374 1517 460 1611 quid
474 1524 673 1590 nostrarum
691 1538 809 1589 rerum
824 1515 1045 1591 faeneratoris
1056 1538 1207 1591 avarum

126 1644 232 1714 limen
247 1640 443 1733 attingeret,
457 1638 675 1734 interpellare
686 1637 924 1726 decreveram,
938 1648 979 1713 nt
996 1650 1034 1713 tu
1049 1643 1210 1715 necessi-

128 1763 257 1839 tatibus
281 1763 369 1836 meis
389 1784 602 1837 occurreres.
627 1761 721 1847 Quid
746 1762 802 1836 vis
824 1762 960 1837 dcam?
984 1762 1207 1839 Ubernmum

127 1887 357 1987 philosophias
389 1889 519 1973 locum,
549 1885 896 1983 copiosissimamque
923 1887 1107 1961 materiam
1135 1912 1207 1964 nou

128 2010 267 2106 ignoro:
281 2009 341 2083 ubi
351 2021 471 2085 contra
484 2012 551 2083 tela
565 2010 729 2096 fortunae,
744 2009 780 2082 in
793 2010 923 2104 quibus
934 2033 1005 2085 non
1016 2011 1141 2085 ultim
1152 2026 1209 2087 est

128 2145 332 2232 paupertas,
350 2145 529 2209 armantur
545 2134 666 2221 auimi;
678 2156 760 2231 quae
775 2134 856 2208 iicet
870 2134 907 2207 iu
923 2134 1056 2225 uostris
1073 2134 1207 2211 fluibus

128 2282 198 2334 uon
214 2259 357 2347 habitet,
371 2260 454 2356 quia
473 2269 605 2346 tamem
623 2268 663 2332 ut
678 2262 856 2352 eleganter
868 2259 917 2332 ait
928 2260 1086 2347 Flaccus,
1104 2271 1208 2333 aeto

129 2384 239 2455 nescio
258 2383 338 2475 qaid
355 2406 481 2478 semper
500 2384 589 2453 abest
607 2385 669 2466 rai,
695 2390 731 2454 et
756 2382 811 2454 hic
837 2404 977 2477 quoque
1002 2384 1114 2456 multa
1137 2404 1208 2457 non

130 2517 265 2578 tantum
286 2506 402 2592 nobie,
423 2506 486 2578 sed
506 2505 542 2575 in
562 2516 745 2578 commune
767 2506 920 2579 salubria
944 2506 1012 2580 dici
1036 2518 1204 2603 possent,

130 2650 211 2721 quae
232 2627 345 2699 scians
367 2625 461 2709 sileo,
477 2650 521 2699 ne
533 2627 707 2721 publicum
726 2650 855 2723 sequar
871 2651 1002 2701 morem
1020 2651 1083 2724 pro
1101 2628 1208 2703 rebus

129 2749 239 2822 verba
259 2749 510 2844 prestantium.
529 2750 651 2823 Facilis
663 2752 815 2825 amicitia
826 2762 893 2839 est,
908 2775 971 2845 pro
984 2752 1093 2847 petito
1106 2752 1209 2825 auxi·

130 2873 175 2946 lio
199 2872 382 2945 consilium
407 2871 502 2945 dare.
521 2874 621 2947 Certe
637 2896 705 2968 ego
721 2874 756 2946 in
773 2874 829 2948 his
845 2875 1003 2961 casibus,
1020 2876 1082 2970 qui
1112 2876 1208 2949 domi

130 3018 219 3071 meae
237 2996 351 3071 crebri
369 3007 459 3083 sunt,
473 3008 661 3093 essentque
681 2999 863 3083 rarissimi,
886 2999 954 3071 nisi
970 3020 1027 3069 ma
1040 2997 1093 3070 rei
1109 2998 1209 3071 fami-

129 3121 223 3192 liaris
245 3120 457 3193 incuriosum
475 3142 559 3193 cura
575 3121 777 3213 generosior
793 3121 980 3207 effecisset,
999 3096 1080 3193 cum
1101 3124 1209 3197 multa

130 3242 361 3315 remediorum
382 3266 511 3336 genera
528 3245 585 3315 vei
601 3245 676 3339 ipse
693 3244 778 3316 mihi
803 3244 997 3331 conficiam,
1025 3246 1083 3318 vel
1103 3268 1126 3318 a
1145 3247 1209 3321 do-

129 3365 294 3438 ctioribus
310 3368 464 3440 coniecta
477 3369 662 3461 reperiam3
677 3375 749 3438 tum
762 3367 847 3441 iilud
859 3369 892 3439 in
905 3367 1027 3463 primis
1038 3368 1209 3443 efficacis-

130 3489 257 3561 simum
277 3490 452 3589 experior,
474 3490 580 3583 quod,
600 3489 678 3561 licet
694 3489 807 3562 omnis
825 3494 960 3563 fortuna
977 3512 1062 3564 suas
1079 3492 1210 3567 habeat

129 3610 320 3697 molestias,
343 3611 458 3705 sitque
477 3610 719 3697 verissimum,
738 3614 833 3707 quod
849 3614 1005 3685 veritatis
1023 3615 1208 3708 inquisito-

129 3733 226 3805 ribus
247 3734 364 3806 visum
383 3744 452 3819 est,
475 3755 614 3804 omnem
640 3735 759 3822 vitam,
779 3730 888 3808 'etiam
908 3759 988 3831 quae
1005 3737 1209 3813 felicissima

128 3857 301 3943 videatur,
319 3880 400 3930 csse
418 3863 643 3943 tormentum,
663 3859 933 3933 molestissimus
952 3870 1068 3934 mmen
1084 3873 1122 3936 et
1149 3886 1209 3937 oc·

128 3979 385 4074 cupatissimus,
406 3990 455 4066 et,
475 3980 505 4053 si
519 3979 723 4074 profundius
745 3982 926 4077 inspicias
947 4008 1032 4059 vere
1052 3985 1209 4061 miserri-

127 4126 207 4176 mus
226 4112 282 4177 cst
306 4105 452 4177 divitum
479 4116 601 4179 status.
629 4106 755 4178 Contra
780 4117 899 4179 autem
924 4108 1012 4180 dura
1038 4109 1205 4201 quidem,

130 4228 192 4299 sed
214 4228 384 4299 tutissima
403 4240 439 4302 et
453 4228 717 4325 expeditissima
735 4239 791 4302 est
806 4239 1006 4327 paupertas:
1025 4231 1208 4305 mediocri·

130 4359 183 4422 tas
202 4350 342 4445 optima,
361 4362 395 4424 ct
412 4354 501 4424 inter
519 4355 695 4426 rarissima
712 4355 775 4426 Dei
790 4354 882 4428 dona
899 4356 989 4427 hanc
1006 4354 1106 4428 nobis
1125 4377 1208 4447 cou-

129 4470 251 4564 tigisse
281 4476 447 4565 gratulor.
481 4475 626 4569 Siquid
656 4476 830 4550 interdum
857 4476 971 4564 deest,
999 4477 1125 4550 accidit
1150 4488 1204 4562 ut,
