2692 5024
516 645 781 699 Pnouudonunon.
1137 650 1168 701 Gi

321 799 388 839 eum
402 782 528 839 misisse:
549 784 583 839 de
596 783 679 840 laude
693 783 805 840 tandem
823 801 839 840 e
857 790 1002 858 poetarum
1015 787 1106 844 studio
1119 788 1173 862 ipsi

319 873 444 945 quesita.

131 963 173 1037 Ep,
209 964 236 1019 5.
258 962 424 1019 Fnsncrsco
438 962 543 1017 Pnrcnr
557 960 607 1016 SS.
622 963 730 1018 Arosr.
741 991 777 1004 -
786 963 853 1020 Iam
867 965 1005 1020 celerare.

281 1051 356 1122 Arq.
377 1051 466 1115 Quam
485 1050 521 1104 sit
538 1049 650 1104 difficile
668 1049 754 1104 animi
772 1067 871 1106 sensus
889 1052 1012 1106 oratione
1031 1053 1169 1124 pandere:

320 1155 405 1211 quem
419 1138 472 1194 sibi
485 1139 566 1194 dulce
579 1139 615 1195 eh
628 1156 661 1194 eo
675 1144 777 1212 praeter
790 1141 921 1194 meritum
939 1139 1016 1211 diligi
1029 1146 1057 1196 et
1069 1143 1098 1196 in
1112 1160 1172 1215 pre

317 1226 356 1282 tio
376 1225 491 1282 haberi:
514 1243 566 1282 cur
583 1227 705 1283 carmina
723 1228 776 1300 ipsi
794 1227 883 1282 dicatu
902 1228 1027 1284 noudum
1045 1231 1169 1286 miserit:

319 1314 482 1369 Pontificem
495 1313 598 1369 bonam
613 1331 690 1387 spem
705 1315 739 1369 de
753 1315 910 1370 valetudine
925 1333 975 1372 sua
988 1317 1122 1389 praebere.

129 1405 172 1478 tp.
209 1405 238 1460 6.
259 1404 401 1459 Pursrrro
416 1401 512 1457 Errsc.
528 1401 717 1459 Gnrmuroun.
728 1403 812 1460 -In
824 1405 975 1460 Helicona.

282 1492 355 1564 Arp.
368 1491 501 1556 Queritur
509 1490 562 1546 sibi
571 1491 605 1545 do
614 1491 710 1547 eiusin
719 1490 819 1547 urbem
828 1489 1042 1548 Garellioensem
1052 1492 1171 1550 adventu

319 1578 389 1633 nihii
401 1577 489 1632 fuisse
504 1578 675 1634 nunciatum.

128 1666 174 1740 Ep.
211 1665 238 1720 7.
260 1664 398 1721 Bsnunro
411 1665 605 1721 Sucronensi.
617 1668 741 1724 -Dum
755 1667 795 1723 od
809 1672 835 1723 tc
845 1685 929 1740 pars.

282 1753 355 1826 Arp.
374 1752 496 1808 Litteras
508 1753 568 1809 eius
581 1768 643 1811 sero
655 1756 739 1812 nimis
753 1756 806 1813 sihi
820 1758 941 1815 redditas
954 1758 1091 1831 queritur.
1102 1757 1173 1813 Leu-

318 1842 366 1896 dut
378 1838 533 1897 Robertum
548 1842 654 1915 Regem
667 1850 695 1899 et
710 1847 788 1916 regni
803 1853 906 1902 sortem
920 1848 1010 1903 dedet.
1030 1848 1105 1903 Beue
1118 1849 1172 1902 inc-

318 1934 380 1985 tum
394 1946 454 1984 esse
469 1929 544 2001 quod
558 1931 655 1986 Romae
669 1949 743 1987 anno
762 1933 868 1988 lubilaei
886 1934 969 1989 simul
982 1951 1038 1989 non
1057 1934 1169 1989 suerint.

320 2018 361 2074 De
374 2019 467 2075 Africa
481 2037 532 2076 sua
546 2037 575 2076 se
588 2021 618 2076 in
632 2023 844 2093 presentiarum
859 2039 916 2078 non
929 2024 1057 2094 cogitare.

129 2107 172 2180 up.
210 2108 238 2164 8.
260 2105 367 2161 huone
381 2106 578 2162 Fuonnnrlno.
589 2138 625 2148 -
634 2110 713 2163 More
727 2127 790 2164 meo
803 2128 909 2182 nuper.

283 2193 359 2266 Any.
378 2194 414 2249 Se
427 2193 462 2249 ad
475 2193 582 2249 fontem
597 2195 700 2265 Sergio
718 2195 797 2250 bento
815 2197 920 2266 vivere,
935 2206 962 2253 et
977 2200 1116 2256 Ciceronis
1135 2203 1172 2257 le·

320 2282 410 2337 ctione
421 2297 508 2353 quem
520 2281 640 2336 maxime
654 2281 794 2337 delectari.

130 2373 174 2447 Ep.
211 2373 239 2429 9.
261 2372 423 2428 anncrsco
438 2372 543 2427 Pnronr
556 2371 606 2426 SS.
622 2371 847 2427 Arosrouonuu.
859 2373 1064 2445 -Nnnquam
1077 2382 1147 2431 tam.

282 2461 355 2532 Arq.
376 2461 412 2514 Se
429 2460 505 2514 curis
524 2458 655 2513 obrutum
673 2465 767 2514 tamen
780 2459 815 2513 ad
834 2460 1012 2515 scribendum
1025 2463 1127 2518 umoris
1145 2463 1172 2517 vi

318 2549 443 2621 impelli:
459 2565 532 2619 segre
546 2549 630 2605 nimis
644 2549 673 2602 in
687 2548 764 2605 curia
779 2548 870 2603 adhuc
884 2550 996 2606 morari.

130 2640 174 2714 Ep.
192 2641 238 2696 10.
259 2639 384 2694 lounnnr
397 2650 435 2691 uu
449 2636 610 2691 Cunrsuuo.
622 2667 659 2678 -
669 2637 712 2692 Ne
721 2641 911 2709 preteritum
925 2646 961 2694 te.

280 2729 355 2800 Are.
375 2726 476 2783 Scribit
494 2743 529 2782 ne
547 2727 649 2783 oblitus
663 2728 723 2782 eius
735 2728 876 2797 rideatur,
896 2735 924 2785 et
943 2731 1018 2788 dolet
1035 2748 1065 2788 se
1079 2731 1169 2788 adhuc

318 2817 348 2871 in
362 2816 440 2871 curia
452 2816 565 2870 versari.

130 2906 174 2980 Ep.
192 2908 238 2962 11.
259 2907 485 2963 Bsnrnououno
499 2905 593 2962 Errsc.
610 2907 770 2963 Tuusrrno.
781 2935 817 2948 -
829 2907 912 2972 Quod
924 2911 1043 2962 notura.

283 2996 356 3068 Any.
375 2994 483 3051 Laudat
499 2996 573 3067 quod
587 3013 667 3068 aequo
681 2997 774 3050 animo
787 3012 816 3049 se
830 2995 992 3050 Pontificem
998 2993 1171 3067 ‘Theatinum

319 3083 476 3138 renunciari
495 3100 593 3155 passus
612 3085 657 3138 sit.
677 3083 859 3149 Artemonem,
874 3081 949 3134 unde
963 3097 993 3135 se
1006 3080 1098 3134 divelli
1114 3097 1170 3134 non

318 3186 399 3242 posse
416 3170 506 3237 timet,
521 3170 600 3224 valde
612 3170 759 3240 vituperat.
774 3168 881 3221 Laudat
894 3166 1037 3222 Nicolaum
1051 3167 1172 3222 Acciaio-

319 3259 379 3314 lum
393 3263 421 3313 et
432 3258 548 3313 fratrem
561 3258 621 3313 eius
633 3258 803 3329 episcopum.

131 3347 173 3421 dp.
192 3347 237 3403 12.
258 3346 420 3402 anncrsco
434 3348 539 3402 Puronr
553 3346 601 3401 SS.
617 3346 844 3402 Arosrouonuu.
855 3346 1053 3420 -Nusqnom
1064 3352 1137 3403 tuta.

283 3435 357 3508 Any.
378 3435 545 3508 Episcopum
567 3436 746 3491 florentinum
770 3453 853 3508 quem
881 3454 975 3492 secum
1000 3454 1171 3510 pransurum

318 3525 479 3596 expectabat
500 3524 555 3579 fide
577 3524 629 3579 sihi
650 3525 800 3580 decessisse
821 3526 965 3596 queritur:
989 3526 1039 3581 sed
1056 3526 1171 3598 epistola

319 3611 446 3666 nondum
459 3611 602 3682 absolute,
615 3612 696 3667 illurn
709 3613 851 3669 advenisse
865 3614 1018 3669 renunciat.

131 3697 174 3772 Ep.
194 3700 239 3756 13.
260 3699 423 3756 anncrsco
437 3701 541 3756 Pmonr
554 3701 603 3756 SS.
618 3701 995 3759 Ammon-Ridiculum.

282 3789 356 3860 Arp.
375 3788 496 3844 Nunciat
508 3806 569 3844 rem
577 3789 702 3844 Ubertini
711 3791 839 3845 monachi
849 3808 865 3844 u
874 3807 903 3845 se
915 3794 1091 3861 procuratam
1099 3789 1170 3844 bene

318 3877 449 3948 cessisse,
464 3878 544 3949 eique
558 3877 633 3950 quod
651 3880 785 3934 auxilium
804 3881 833 3932 in
851 3880 879 3933 id
893 3878 1051 3950 prostiterit
1068 3879 1170 3949 gratiss

318 3964 384 4036 agit.

133 4049 177 4125 Ep.
195 4053 241 4110 11.
261 4053 385 4109 iounnnr
399 4054 693 4113 ummo-uirum
707 4059 794 4113 dioto.

283 4143 356 4216 Any.
376 4143 511 4200 Hortatur
527 4152 560 4201 ut
576 4153 697 4202 veterem
716 4164 781 4202 cum
798 4146 910 4201 Nicoiao
924 4147 1060 4204 Acciaioio
1079 4149 1170 4204 amici-

320 4233 387 4287 tiam
407 4232 559 4304 instauret,
577 4241 605 4290 et
622 4235 776 4291 secundum
790 4234 912 4290 Platonis
931 4236 1096 4291 sententiam
1113 4238 1171 4292 aui·

320 4335 396 4375 mam
414 4320 567 4378 humanam
582 4341 633 4397 pro
647 4323 762 4379 dirersis
774 4323 949 4380 facultatibus
967 4324 1082 4381 diversis
1100 4326 1169 4382 sedi·

319 4409 373 4467 bus
386 4412 535 4470 mamere
548 4413 635 4470 docet.
