2692 5024
845 316 889 401 a

200 620 261 687 ὀἳ
452 692 455 697 ,
542 632 586 685 nu
605 632 707 685 ussus
726 632 948 711 rumentum

157 802 160 811 ¹
200 778 230 849 0
252 782 385 871 quanto
408 774 525 849 studio
549 773 931 864 deuorandumessat,
965 796 1036 851 non
1058 788 1101 851 ut
1121 779 1288 855 atumem

200 908 341 986 terram
363 898 428 973 sed
445 908 486 975 ut
502 900 614 973 elutus
631 898 777 973 terrenis
788 898 1003 996 'impulsibus
1019 903 1200 999 appetitus
1216 904 1286 979 sub

198 1020 347 1117 pedibus
361 1020 607 1135 ,immuunt
636 1022 708 1095 llos
735 1009 827 1097 iuter
850 1022 965 1099 nudos
985 1025 1140 1120 pectoris
1166 1034 1285 1103 motus

199 1145 275 1220 sine
295 1166 405 1219 sensu
425 1144 621 1239 scrupulosi
640 1144 789 1235 tramitis
806 1144 853 1219 ed
872 1144 958 1221 illud
976 1146 1205 1243 hospitiolum
1223 1172 1283 1225 ru·

198 1267 337 1354 sticum,
358 1266 453 1341 uude
471 1278 552 1341 unte
571 1268 684 1341 lucem
703 1288 893 1354 moveram,
911 1268 1084 1362 protunda
1102 1278 1209 1345 noete
1228 1294 1282 1347 ro

196 1389 335 1474 meavi3
359 1400 396 1463 et
419 1391 501 1463 lune
525 1411 662 1484 pernox
685 1399 824 1483 gratum
848 1390 1057 1487 obsequium
1085 1396 1280 1489 prestabat

196 1512 371 1587 euntibus.
391 1510 532 1585 Interim
552 1534 647 1605 ergo
667 1513 752 1587 dum
771 1515 921 1589 famulos
940 1516 1153 1613 uppenudm
1167 1540 1280 1597 omne

161 1638 174 1653 '
196 1634 350 1710 studium
361 1640 530 1723 'exeroet,
557 1637 653 1709 solus
671 1656 741 1728 ego
758 1635 795 1707 in
814 1646 950 1732 partem
968 1638 1096 1715 domm
1120 1640 1277 1717 abdiu·

196 1758 344 1855 perrexi,
363 1758 441 1831 heo
460 1756 523 1831 tibi
541 1758 664 1855 raptim
690 1767 726 1833 at
749 1781 798 1832 ex
814 1770 972 1855 tempore
987 1762 1200 1857 scripuras,
1220 1786 1274 1853 ue,

195 1880 227 1953 si
257 1879 487 1966 distulissem,
518 1902 585 1979 pro
616 1880 785 1955 varietate
811 1885 976 1957 loenrum.
990 1882 1136 1957 munus
1160 1886 1277 1961 mm

194 2000 385 2091 affectibus,
400 2002 575 2078 scribendi
586 2005 800 2101 propositum
815 2004 1025 2081 deferveret
1040 2006 1132 2081 vide
1148 2006 1275 2105 itaque,

194 2137 295 2223 pater
312 2127 562 2213 amantissime,
583 2150 689 2224 quarn
709 2126 795 2200 nihil
814 2128 850 2199 in
870 2108 927 2200 me
946 2128 1057 2203 oeulis
1074 2130 1146 2205 tuis
1163 2132 1277 2207 oeeul-

195 2262 268 2325 tum
300 2251 422 2337 velim,
452 2250 514 2346 qui
538 2251 600 2323 tibi
624 2250 755 2323 nedum
779 2250 983 2323 universam
1007 2251 1118 2327 vitem
1142 2274 1272 2341 meum,

195 2376 259 2448 sed
278 2375 452 2467 rogitatus
472 2374 630 2469 singulos
650 2383 720 2445 tam
742 2374 926 2467 diligenter
950 2374 1079 2470 aperio.
1104 2378 1175 2449 Pro
1200 2379 1275 2473 qui·

193 2497 350 2582 bosora,
372 2520 509 2592 quaeso,
531 2509 570 2569 nt
590 2497 723 2569 tamdiu
743 2498 824 2591 vagi
837 2507 872 2570 et
885 2496 1074 2583 instabiles,
1088 2500 1274 2594 aliqrmndo

194 2619 399 2704 subsistant,
421 2631 457 2692 et
475 2619 638 2692 inutiliter
658 2641 721 2714 per
741 2623 850 2692 multa
869 2621 993 2706 iactati,
1014 2620 1061 2693 ud
1080 2644 1193 2695 unum
1217 2623 1275 2697 bo-

192 2763 287 2825 num,
308 2763 442 2828 verum,
462 2752 605 2827 eertum,
628 2742 761 2827 stabile,
784 2765 823 2817 se
841 2751 1058 2817 eonvertaut.
1077 2744 1177 2817 Vale.

333 2886 371 2943 Vl
389 2887 452 2944 Kal.
468 2888 568 2958 linies,
583 2888 752 2945 Mmauoeno.

618 3289 794 3355 EPISTULA
815 3289 847 3353 ll.

191 3486 385 3539 Fatuclscus
396 3486 564 3537 Pstutnct
577 3487 627 3537 Fe.
639 3485 785 3536 olomuslo
796 3485 817 3534 Δ
828 3485 933 3536 ebuso
943 3485 969 3535 S.
980 3485 1160 3539 sspuucuet
1168 3492 1198 3540 S.
1208 3492 1270 3542 ltu.

287 3669 448 3726 Gratulatur
462 3654 536 3742 quod
550 3686 566 3724 a
580 3670 702 3726 lieberto
717 3670 793 3741 Rege
807 3668 955 3725 accersitus
970 3670 1049 3724 illurn
1064 3670 1181 3743 adierit,

327 3759 466 3832 huiusque
480 3758 576 3815 laudes
590 3759 671 3814 effert
684 3765 712 3814 et
727 3760 816 3832 regias
827 3759 944 3815 virtutes
958 3760 1129 3832 exsequitur.

286 3985 339 4056 Nil
360 3983 497 4057 dulcius
517 3982 699 4055 audierant
717 4004 821 4054 aures
840 4003 927 4055 meae
943 3992 1130 4078 postquam
1147 4006 1269 4059 voeern

191 4122 284 4182 tuam
306 4108 426 4180 audire
446 4105 638 4192 desierunt,
659 4128 763 4200 quem
785 4104 879 4200 quod
906 4107 952 4179 ad
977 4127 1097 4198 regem
1122 4119 1269 4181 vocatus

190 4232 391 4304 accesseris.
413 4231 601 4314 Rationem,
626 4229 751 4323 inquis,
765 4236 923 4324 expecto.
937 4229 1013 4300 Non
1026 4250 1174 4326 possum
1191 4230 1269 4303 bre

191 4353 296 4435 viter;
321 4354 438 4447 itaque
463 4353 599 4446 longius
629 4352 797 4446 incipiam.
823 4350 965 4448 Optavit
994 4352 1183 4447 aliquando
1208 4352 1268 4425 tibi

190 4475 343 4566 genitrix
354 4476 606 4575 longitudinem
617 4475 765 4560 dierum,
779 4475 1090 4551 innumerabilibus
1102 4478 1266 4573 periculis
