2692 5024
328 714 421 762 tman
442 710 827 762 secuturus-urrerem
849 711 890 760 ιιι.
1106 682 1147 760 95

72 867 208 957 utrique
234 862 384 955 partium
409 862 564 951 ignotae,
586 858 759 943 interfuit,
783 868 818 927 et
837 858 990 928 omnium
1016 860 1150 929 confes·

73 987 183 1068 sione,
207 984 310 1053 unius
332 979 481 1051 hominis
502 979 723 1072 praesentiam
747 988 803 1047 est
827 989 974 1070 sequuta
994 979 1148 1049 victoria.

73 1106 171 1176 Haud
192 1104 368 1193 ambigua,
393 1102 456 1173 sed
476 1100 620 1193 tibiipsi
640 1121 746 1192 quam
770 1101 852 1169 mihi
879 1101 1012 1171 notiora
1033 1123 1151 1172 recen-

74 1250 143 1298 seo.
166 1226 251 1310 Quis
271 1246 355 1314 ergo
375 1223 543 1292 miserum
563 1222 656 1293 dicat
679 1222 772 1309 hunc
795 1224 949 1306 exulem,
976 1246 1055 1294 cum
1081 1245 1152 1316 quo

74 1360 191 1421 tantus
213 1348 379 1418 virtutum
395 1344 578 1417 comitatus
596 1343 784 1415 exulabat?
800 1345 911 1428 Quem
929 1356 1009 1437 post
1025 1347 1154 1418 decen-

74 1494 154 1542 nem
187 1469 241 1541 sui
270 1467 518 1560 experientiam
544 1468 579 1536 in
604 1468 752 1561 priorem
784 1477 912 1539 statum
938 1490 1023 1539 vera
1047 1469 1152 1540 animi

75 1591 288 1683 magnitudo,
322 1610 392 1660 non
421 1590 558 1659 lortuna
584 1590 761 1680 reposuit?
786 1590 855 1661 Sed
883 1610 1052 1681 quorsum
1073 1590 1152 1660 haec

76 1726 143 1785 tam
164 1714 351 1783 mullorum
370 1712 609 1801 exemplorum
625 1711 855 1804 conquisitio?
876 1713 920 1784 Ut
941 1734 1041 1784 nemo
1061 1731 1155 1804 prae-

77 1835 164 1905 senti
197 1836 287 1904 malo
312 1833 490 1916 attonitus
517 1840 703 1902 venturum
728 1832 889 1924 opinione
914 1842 1152 1926 praeoccupet,

76 1966 111 2026 et
130 1955 344 2026 mediocriter
369 1953 468 2046 gravi
487 1953 593 2025 exilio
618 1954 868 2044 gravissimum
888 1957 1059 2025 malorum
1080 1977 1155 2024 om·

78 2079 181 2160 nium,
197 2075 485 2169 desperationem,
500 2076 703 2147 accumulet.
718 2075 915 2146 Praesertim
927 2095 1007 2146 cum
1020 2097 1089 2146 non
1099 2097 1156 2147 so-

78 2203 147 2271 lum
161 2199 273 2270 virtus
287 2221 443 2291 operosa,
455 2221 496 2269 ea
510 2219 591 2290 quae
605 2199 816 2291 Stephanum
832 2198 945 2290 ipsum
959 2200 994 2268 in
1008 2199 1155 2291 patriam

78 2322 227 2404 revexit,
250 2321 325 2404 sed,
344 2321 484 2392 mutatis
503 2341 597 2412 saepe
610 2320 816 2412 populorum
829 2319 998 2403 moribus,
1014 2323 1071 2391 vel
1084 2320 1157 2390 dis-

80 2442 196 2516 sensio
217 2442 444 2528 simultatum,
460 2444 516 2514 vel
535 2443 627 2536 (quae
644 2444 735 2512 leros
748 2440 882 2513 animos
896 2440 1040 2534 mitigat)
1055 2441 1157 2530 longa

79 2564 165 2649 dies,
188 2566 245 2635 vel
270 2563 426 2635 incidens
445 2564 700 2635 commiseratio
725 2585 794 2635 non
820 2563 927 2655 digna
952 2565 1155 2657 patientum,

79 2688 134 2757 vel
147 2686 222 2777 ipsa
243 2686 358 2757 taeitae
370 2684 510 2756 virtutis
524 2686 719 2772 admirati0,
735 2688 791 2757 vel
805 2687 1001 2780 impensum
1019 2685 1157 2758 civibus

80 2810 153 2879 suis
178 2808 397 2900 obsequium,
419 2810 474 2879 vel
496 2807 646 2899 publicae
672 2808 887 2880 necessitatis
913 2809 1074 2894 occasio,
1102 2811 1158 2880 vel

79 2931 193 3023 aliqua
225 2931 280 3001 vis
312 2931 459 3003 lortunae
489 2928 591 3000 finem
620 2930 794 3023 imponere
818 2931 930 3024 possit
954 2932 1084 3002 exilio?
1109 2932 1159 3000 Ne

79 3053 159 3144 quis
179 3060 357 3143 praeterea,
372 3050 465 3143 quod
478 3050 554 3143 ipse
573 3051 741 3144 depulsus
758 3054 811 3135 sit,
830 3052 998 3123 virtutum
1016 3072 1159 3120 suarum

81 3171 237 3264 proiiciat
248 3180 458 3255 omameuta‚
474 3192 583 3262 grave
595 3173 763 3263 cogitans,
773 3172 1030 3266 preciosissima
1043 3193 1160 3242 rerum

82 3295 116 3363 in
135 3292 279 3363 exilium
298 3294 397 3377 ferre,
425 3315 505 3364 cum
537 3293 659 3365 viliora
688 3317 757 3366 non
783 3295 892 3366 liceat.
922 3295 1044 3388 Neque
1069 3293 1161 3365 enim

81 3438 211 3486 novum
228 3425 351 3499 estut,
369 3415 549 3487 efferentes
570 3438 728 3507 gemmas
750 3427 854 3511 atque
876 3440 1009 3503 aurum,
1028 3418 1163 3490 urbana

81 3538 213 3630 praedia
232 3548 267 3609 et
290 3559 428 3609 omnem
454 3537 608 3609 inutilem
632 3550 693 3611 aut
716 3562 899 3612 onerosam
927 3543 1099 3614 sarcinam
1125 3541 1160 3609 in

82 3660 239 3732 incendio
259 3659 508 3753 relinquamus.
539 3660 640 3743 Quod
671 3661 700 3731 si
731 3684 855 3733 aurum
885 3663 974 3732 inter
1007 3661 1162 3753 preciosa

83 3783 336 3853 numerandum
355 3797 444 3853 csse·
457 3803 666 3874 persuasum
682 3795 738 3854 est
754 3783 968 3867 hominibus,
986 3780 1071 3873 quid
1090 3790 1164 3850 tan·

82 3899 162 3970 dem
183 3901 227 3972 de
246 3901 434 3973 virtutibus
451 3902 675 3975 iudicandum
695 3907 774 3975 est?

245 4081 340 4146 Vilius
355 4092 516 4162 argentum
534 4091 579 4146 cst
596 4101 688 4162 auro,
707 4084 875 4148 virtutibus
892 4099 1013 4146 aurum.

83 4265 203 4359 Atqui,
227 4291 306 4340 cum
331 4292 401 4342 non
440 4290 533 4363 saepe
562 4271 598 4340 in
628 4269 772 4340 exilium
798 4270 888 4341 lerre
917 4275 1099 4358 argentum
1130 4274 1168 4337 et

84 4411 208 4461 aurum
235 4392 402 4476 sinamur,
430 4414 650 4486 quocumque
675 4392 830 4474 lenimur,
855 4390 999 4462 virtutes
1021 4398 1056 4459 et
1075 4387 1166 4459 bona

85 4511 189 4582 animi
210 4514 301 4583 ferre
314 4512 559 4603 permittimur:
574 4511 670 4606 quod
683 4513 808 4584 secisse
825 4511 979 4584 vidimus
992 4531 1067 4595 eos
1081 4530 1168 4602 quo-
