2692 5024
541 606 803 688 anonuuoussuou.

375 746 497 815 primum
511 745 657 799 Francisco
671 744 792 799 Barbam
811 744 875 798 dein
893 743 993 798 Jacobo
1011 743 1136 800 blorellio
1150 747 1210 802 viro

375 834 577 902 cruditissim03
605 835 783 905 continetque
809 834 916 888 litteras
941 832 1081 903 sexaginta
1109 849 1209 888 novem

376 937 495 992 quarum
508 923 603 976 multa
617 920 729 975 iueditae
741 926 816 988 sunt.

318 1007 384 1062 Cod.
405 1007 543 1077 LXXXV,
563 1007 604 1062 Cl.
624 1008 672 1061 VI.
692 1007 878 1062 Membrauac.
898 1007 967 1062 Sanc.
987 1007 1061 1062 XIV.
1081 1008 1211 1063 Continet

373 1096 446 1150 inter
459 1095 514 1148 alia
526 1094 662 1150 Petraroae
677 1111 761 1167 opera
773 1096 879 1150 litteras
892 1095 952 1150 eius
966 1095 1037 1151 Sine
1051 1097 1145 1151 titulo.

318 1182 384 1238 Cod.
411 1182 605 1251 CCCXXXIV,
630 1183 716 1239 Class.
740 1184 814 1241 XIV.
834 1186 1020 1240 Membranao.
1041 1186 1109 1240 Saec.
1134 1186 1208 1241 XIV.

375 1273 464 1327 Habet
477 1273 582 1328 litteras
597 1273 656 1327 sine
670 1274 750 1329 titulo
762 1275 859 1345 viginti
872 1279 900 1328 et
912 1291 1008 1330 uuam.

320 1362 406 1416 Codd.
436 1361 596 1416 CCXXXIX
626 1368 654 1417 et
685 1361 836 1433 CCXXXI,
864 1362 950 1419 Claas.
977 1362 1051 1418 XIV.
1080 1362 1208 1418 Chartae.

375 1450 443 1505 Sao.
455 1449 520 1518 XV;
531 1466 652 1521 quorum
665 1451 737 1505 alter
750 1450 835 1522 duas,
845 1452 916 1506 alter
925 1451 1019 1523 plures
1032 1451 1138 1507 litteras
1146 1468 1210 1506 con·

373 1539 457 1608 tinet,
484 1553 581 1594 omnes
607 1543 701 1594 tamen
727 1547 828 1611 praeter
850 1556 937 1597 unam
959 1557 992 1596 ex
1015 1540 1211 1597 Familiaribus

375 1627 480 1682 iamdiu
493 1628 627 1698 vulgatas.

320 1714 386 1771 Cod.
408 1715 528 1785 CCLIV,
548 1715 635 1770 Class.
660 1715 723 1770 XIV
727 1757 733 1769 .
758 1715 884 1773 Chartae.
905 1718 974 1773 Saec.
993 1716 1053 1770 XV.
1077 1715 1210 1771 litteram

376 1790 459 1860 haBet
473 1804 580 1860 iaden
593 1804 696 1860 editam
712 1804 786 1859 inter
799 1805 916 1861 Seniles.

318 1892 385 1949 Cod.
406 1893 499 1964 XVII,
518 1892 560 1949 CI.
579 1892 636 1948 XC.
655 1892 784 1965 [barim
806 1894 874 1950 Sao.
899 1895 959 1949 XV.
984 1893 1110 1966 Integros
1132 1894 1209 1949 XVII

375 1983 511 2038 Senilium
523 1983 610 2037 libms
623 1970 823 2054 complectitur.

321 2067 387 2124 Cod.
412 2069 527 2140 LXXX,
552 2069 592 2123 Cl.
617 2068 674 2124 XC.
698 2069 883 2124 Membranae.
908 2068 976 2124 Suc.
996 2068 1055 2123 XV.
1079 2067 1209 2139 Quinque

376 2156 498 2211 continet
515 2157 621 2211 litteras
639 2154 743 2211 iamdiu
761 2154 848 2212 editas
871 2162 899 2210 et
920 2155 1075 2227 fragmenta
1095 2155 1210 2226 insuper

376 2245 494 2299 aliarum
508 2235 570 2316 quae
583 2244 679 2299 itidem
693 2245 722 2298 in
736 2244 835 2314 vulgus
849 2241 987 2296 feruntur.

316 2327 383 2388 uod.
405 2333 522 2403 CCLIV,
543 2333 583 2388 Cl.
604 2335 639 2388 X.
660 2334 785 2388 Chartae.
806 2333 874 2387 Suc.
895 2330 955 2385 XV.
980 2328 1029 2382 Est
1046 2329 1075 2381 iu
1093 2343 1126 2381 eo
1144 2344 1209 2399 pars

376 2424 459 2476 unius
472 2424 570 2476 litterae
584 2423 618 2474 4·
632 2421 709 2474 Libri
722 2420 761 2486 V,
775 2421 818 2472 De
830 2420 890 2472 reb.
905 2421 977 2488 fam.

320 2509 386 2562 Cod.
402 2510 468 2576 VII,
483 2509 524 2562 CI.
541 2509 615 2562 XIV.
631 2507 723 2562 Chart.
740 2507 809 2561 Saso.
830 2505 889 2559 XV.
905 2504 1039 2558 Litteram
1056 2504 1138 2559 habet
1156 2507 1209 2561 8¹⁰¹

375 2596 435 2651 Lib.
451 2596 517 2649 VIII
530 2596 607 2650 Fam.
623 2613 685 2668 quae
697 2594 750 2650 sub
767 2593 877 2648 initium
896 2592 988 2647 differt
1004 2593 1208 2665 aliquantulum

376 2685 411 2737 ab
424 2700 457 2738 ea
469 2701 531 2754 quae
544 2685 573 2738 iu
586 2684 686 2754 vulgus
699 2681 811 2754 prodiit.

318 2771 384 2826 Cod.
401 2771 622 2827 CCCCLXXVII.
643 2773 769 2827 Chartae.
790 2779 907 2828 exeunte
925 2772 993 2828 Saec.
1010 2772 1088 2842 XIV,
1102 2774 1146 2827 vel
1159 2774 1208 2827 XV

377 2861 489 2914 Ineunte
502 2862 683 2933 conscriptus.
703 2862 827 2916 Titulum
845 2861 942 2918 babet:
959 2861 1146 2933 Epistularum
1159 2862 1209 2916 Fa·

377 2950 542 3019 miliarium,
557 2949 633 3004 Libri
645 2949 695 3003 Vl:
709 2965 806 3020 reapse
815 2954 908 3004 tamm
918 2954 979 3004 octo
989 2950 1206 3023 comprehendit.

322 3037 387 3093 Cod.
408 3037 541 3107 CCLXX,
560 3038 646 3094 Class.
666 3038 718 3108 Vl,
739 3039 805 3093 Mss.
825 3039 886 3093 Ital.
907 3039 974 3094 Soec.
991 3039 1064 3093 XVI.
1081 3036 1209 3091 Continet

377 3128 483 3182 litteras
495 3135 552 3183 tres
564 3143 648 3198 supra
661 3127 759 3198 viginti
771 3127 843 3199 typis
856 3126 961 3181 iamdiu
975 3126 1108 3194 vulgatas.

322 3214 388 3269 Cod.
404 3216 507 3285 LXIX,
522 3215 607 3270 Closs.
624 3215 702 3285 XIV,
716 3217 783 3271 Saec.
799 3215 857 3269 XV.
870 3216 960 3269 Unam
971 3217 1079 3266 tantum
1088 3209 1208 3262 litteram

377 3305 462 3360 habet
475 3321 591 3376 eamque
604 3305 716 3359 editam.

321 3391 387 3447 Cod.
400 3392 483 3463 CXX,
495 3393 579 3448 Closs.
593 3392 642 3462 XI,
652 3394 718 3448 Mss.
726 3393 759 3446 lt.
772 3391 840 3445 Saec.
852 3390 911 3444 XV.
923 3388 1057 3441 Litteram
1066 3386 1148 3441 habet
1157 3387 1209 3442 3⁸⁰¹

377 3481 454 3535 Libri
467 3482 534 3536 XllI
549 3482 694 3551 Senilium,
709 3496 826 3550 eamque
840 3477 946 3532 Aretini
961 3476 1005 3529 cui
1019 3476 1064 3530 Fr.
1080 3477 1209 3531 Petrarca

377 3572 424 3625 illa
438 3572 588 3643 respondit.

321 3662 449 3715 Paravit.
465 3660 497 3714 In
507 3660 672 3714 bibliotheca
682 3656 832 3728 Capitulari
842 3654 927 3709 codex
936 3659 1092 3708 asservatur
1101 3654 1208 3706 vivente

378 3748 468 3801 adhuc
487 3747 533 3800 Fr.
553 3748 682 3800 Petrarca
697 3743 882 3813 conscriptus,
897 3742 945 3812 qui
963 3747 1023 3795 octo
1042 3741 1146 3812 primos
1160 3738 1208 3791 Fa-

378 3837 528 3891 miliarium
541 3834 627 3888 libros
640 3839 668 3887 et
680 3833 795 3903 insuper
808 3831 927 3886 litteram
937 3831 1059 3885 continet
1072 3829 1151 3897 ilem,
1167 3828 1209 3880 Li-

379 3926 423 3980 bri
436 3926 485 3979 XV
499 3924 576 3978 Fam.

324 4016 469 4070 Auuusrn
478 4015 681 4068 Taumuouuu.
693 4010 726 4065 In
735 4010 899 4065 bibli0theca
905 4009 1029 4063 Athenaei
1036 4008 1127 4062 Codex
1136 4013 1194 4061 exta

380 4103 526 4158 distinctus
536 4115 569 4156 n⁰
578 4101 640 4170 784,
647 4101 720 4155 unde
729 4100 769 4154 De
780 4099 879 4154 Sadius
889 4097 1059 4169 deprompsit
1069 4094 1179 4165 ediditq

378 4193 483 4246 litteras
501 4208 518 4245 a
536 4191 680 4245 Francisco
698 4190 829 4244 Petrarca
847 4187 881 4241 ad
895 4187 1039 4241 Nicolaum
1052 4183 1164 4236 Tribuni

320 4297 487 4424 Bihffisseag
500 4369 655 4439 Bodleyana
668 4368 696 4423 in
710 4368 809 4436 Anglia
819 4366 947 4420 Codicum
957 4361 1040 4417 habet
1049 4360 1097 4430 qui
1105 4359 1169 4413 iamt
