2692 5024
178 632 236 694 124
513 640 555 692 DE
576 640 678 692 maus
699 639 923 692 rettulinmus

141 820 147 832 ·
177 790 258 862 rior.
279 789 372 874 Quid
391 789 522 860 multa?
551 784 678 859 Adhuc
697 787 742 859 de
769 784 837 856 fine
861 806 941 856 sum
968 785 1133 873 ineertus‚
1159 784 1265 857 vivo—

178 932 247 1004 que
267 910 303 980 in
323 931 386 1004 spe
407 909 454 982 ad
473 908 640 982 victorem
660 908 782 979 mortis
802 908 1021 978 exclamans:

595 1125 686 1204 Eripe
702 1139 753 1186 me
769 1123 832 1199 his,
851 1123 980 1199 invicte,
998 1122 1086 1186 malis
1091 1146 1101 1202 ;

297 1223 339 1286 lla
355 1223 496 1286 dextram
511 1223 642 1301 misero,
661 1230 691 1286 et
707 1231 811 1286 tecum
827 1239 878 1286 me
895 1223 965 1286 tolle
981 1239 1037 1302 per
1053 1223 1164 1301 undat,

297 1318 426 1384 Sedibus
444 1325 477 1383 ut
494 1321 600 1383 saltem
617 1320 741 1400 placidis
760 1320 791 1382 in
807 1326 908 1383 morte
925 1320 1090 1399 quiescam.

178 1531 249 1603 Sed
280 1529 366 1601 nihil
397 1528 482 1601 iocis
515 1531 652 1616 lentius,
686 1530 771 1602 nihil
803 1529 1008 1602 flexibilius:
1041 1553 1264 1626 quocumque

179 1651 346 1734 traxeris,
373 1661 578 1745 sequuntur.
599 1651 692 1738 Quid
712 1674 797 1744 ergo
822 1653 890 1738 ais,
917 1651 1067 1724 finxisse
1093 1675 1151 1724 me
1176 1653 1264 1725 mihi

180 1772 375 1868 speciosum
395 1775 543 1846 Laureae
562 1797 706 1858 nomen,
728 1786 767 1847 ut
786 1786 883 1847 esset
908 1784 943 1847 et
967 1776 1011 1848 de
1030 1797 1100 1868 qua
1120 1797 1188 1868 ego
1213 1779 1266 1850 lo·

179 1917 320 1988 queror,
341 1906 377 1967 et
396 1906 537 1989 propter
557 1919 662 1990 quam
683 1897 729 1969 de
749 1919 806 1969 me
830 1897 929 1968 multi
954 1900 1195 1990 loquerentur3
1225 1920 1264 1972 re

180 2027 297 2091 autem
318 2040 404 2090 vera
424 2019 461 2090 in
481 2019 596 2090 animo
616 2041 695 2092 meo
715 2021 887 2091 Lauream
909 2019 995 2091 nihil
1016 2040 1112 2105 esse,
1134 2019 1204 2091 nisi
1224 2020 1265 2090 il-

181 2141 249 2211 lam
267 2140 451 2233 11111111,
467 2140 630 2234 adquam
644 2142 799 2235 aspirare
815 2163 881 2226 me,
901 2144 1043 2233 longum
1060 2151 1096 2212 et
1112 2140 1264 2213 indeles-

180 2283 260 2335 sum
281 2262 436 2336 studium
457 2273 621 2347 testatum
643 2263 687 2335 de
707 2265 772 2335 hac
792 2273 907 2335 autem
930 2265 1083 2356 spirante
1103 2265 1260 2348 Laurea,

179 2386 280 2458 cuius
302 2391 412 2458 forma
432 2396 555 2480 eaptus
588 2386 728 2470 videor,
763 2408 868 2456 manu
901 2389 991 2457 lacta
1023 2408 1103 2458 esse
1129 2387 1260 2471 omnia,

180 2507 260 2579 licta
281 2510 449 2593 earmina,
473 2509 634 2580 simulata
655 2509 824 2601 suspiria?
842 2509 879 2579 ln
907 2509 973 2581 hoo
999 2531 1069 2581 uno
1093 2531 1179 2581 vere
1197 2511 1264 2581 uti-

180 2653 261 2701 nam
283 2631 463 2701 1111111111
489 2633 662 2702 simulatio
681 2642 779 2703 esset
812 2633 943 2703 utinam
976 2642 1012 2703 et
1044 2656 1114 2704 non
1146 2634 1261 2704 furor!

183 2752 266 2834 Sed,
290 2753 394 2825 crede
414 2753 514 2838 mihi,
538 2776 639 2825 nemo
658 2755 731 2826 sine
748 2777 876 2845 magno
892 2754 1011 2825 labore
1028 2754 1089 2827 diu
1108 2755 1262 2827 simulat:

181 2878 339 2950 laborare
372 2889 488 2950 autem
523 2879 645 2971 gratis,
682 2890 720 2950 ut
751 2880 897 2949 insanus
925 2878 1092 2962 videaris,
1126 2876 1264 2950 insania

181 3024 318 3075 summa
338 3013 403 3074 est.
426 3001 536 3087 Adde,
559 3002 655 3096 quod
679 3002 924 3094 aegritudinem
951 3001 1109 3092 gestibus
1136 3001 1264 3072 imitari

179 3123 427 3195 benevalentes
448 3146 650 3216 possumus
673 3147 798 3196 verum
819 3125 982 3217 pallorem
1002 3124 1168 3194 simulare
1194 3146 1264 3196 non

180 3266 381 3336 possumus.
405 3245 479 3314 Tibi
500 3248 622 3340 pallor,
647 3244 707 3315 tibi
728 3245 826 3316 labor
850 3267 951 3316 meus
977 3253 1081 3316 notus
1107 3245 1265 3316 1111111-

181 3387 250 3457 que
267 3364 379 3455 megis
394 3387 527 3450 vereor,
542 3389 587 3437 ne
608 3378 645 3438 tu
665 3367 722 3438 illa
743 3367 931 3438 festivitate
952 3367 1134 3450 Socratica,
1157 3388 1262 3459 quam

181 3487 327 3560 ironiam
354 3498 494 3574 vocant,
521 3512 592 3582 quo
616 3490 652 3559 in
679 3511 807 3582 genere
827 3511 870 3560 ne
892 3490 1023 3561 Socrati
1044 3489 1185 3582 quidem
1206 3510 1265 3560 ce-

180 3613 249 3699 dis,
272 3602 395 3683 morbo
415 3634 495 3683 meo
514 3612 673 3685 insultes.
696 3614 767 3685 Sed
787 3623 949 3706 expecta3
971 3615 1071 3683 uleus
1092 3611 1158 3683 hoc
1183 3634 1261 3682 oum

181 3747 335 3831 tempore
356 3746 586 3820 maturescet3
613 3757 806 3828 verumque
829 3735 889 3806 fiet
922 3736 958 3804 in
990 3756 1045 3805 me
1076 3733 1265 3805 ciceronia-

118 3868 120 3871 ’
179 3883 262 3930 num
284 3860 382 3931 illud:
405 3860 480 3931 dies
503 3862 678 3942 vulnerat,
702 3857 778 3929 dies
804 3859 973 3929 medetur.
1000 3856 1116 3948 Atque
1137 3855 1265 3927 adver-

181 4003 242 4052 sus
263 3982 352 4052 hano
375 3982 580 4064 simulatam,
604 3992 642 4052 ut
661 4001 783 4064 vooaS,
803 3981 990 4065 Lauream,
1007 3979 1193 4050 simulatus
1207 3979 1264 4048 ille

180 4104 264 4174 mihi
285 4105 388 4176 otiam
414 4103 636 4195 Augustinus
657 4106 744 4174 sorte
765 4103 950 4196 profuerit:
976 4104 1085 4173 multa
1110 4101 1203 4171 enim
1228 4108 1265 4169 et

181 4226 302 4311 gravia
323 4226 482 4316 legendo,
517 4228 735 4318 multumque
760 4224 972 4309 meditando,
997 4233 1185 4316 antequam
1208 4243 1267 4293 se-

180 4364 330 4427 11111111,
355 4368 467 4417 senex
488 4370 559 4420 ero.
583 4348 668 4430 Quis
689 4358 805 4420 autem
818 4349 885 4420 erit
896 4348 1100 4420 facetiarum
1117 4345 1266 4418 modus?

183 4464 245 4536 Ubi
266 4465 430 4540 desines?
451 4470 541 4552 Quid
562 4471 624 4555 ais,
648 4481 816 4543 tentatum
843 4481 877 4543 te
902 4492 1042 4564 quoque
1063 4466 1264 4542 fictionibus
