2692 5024
426 763 517 811 mrsu
538 763 881 812 semus-smmum
905 767 922 811 r.
1159 754 1217 814 309

134 914 379 984 contribulatus.
401 912 493 996 Quid
507 914 562 985 hie
583 936 671 1008 opus
693 925 748 985 est
769 919 876 986 auro?
897 916 1025 1009 Spiritu
1042 938 1130 1009 opus
1151 929 1215 997 est,

132 1059 244 1131 eoque
258 1035 395 1108 normisi
409 1036 655 1119 contribulato3
670 1059 759 1130 opus
778 1048 834 1109 est
847 1037 964 1143 eorde,
989 1038 1051 1110 sed
1071 1041 1218 1112 contrito
1304 1052 1309 1060 '

131 1175 166 1234 et
185 1161 377 1232 humiliato.
411 1160 484 1232 Hoc
509 1169 564 1232 est
591 1157 799 1232 sacrificium
830 1162 902 1232 Deo
923 1170 1077 1254 gratum,
1113 1175 1217 1257 atque

134 1284 263 1358 homini
290 1284 365 1356 sine
391 1294 562 1356 terrerum
585 1282 772 1355 effossione
793 1284 958 1377 parabile.
978 1285 1161 1357 Submisso
1182 1299 1218 1358 et

132 1410 352 1481 immaculate
373 1430 461 1503 opus
483 1416 539 1478 est
556 1407 681 1479 animo.
705 1407 831 1479 Contra
853 1430 916 1480 nee
939 1420 1032 1480 terso
1052 1431 1117 1481 nee
1138 1409 1216 1480 rudi

131 1555 218 1605 auro
238 1554 327 1626 opus
344 1542 410 1602 est.
428 1527 558 1603 ¹Nescio
588 1530 674 1625 quid
694 1531 843 1624 amplius
865 1531 994 1616 dicam,
1028 1541 1065 1603 et
1095 1553 1216 1603 vereor
1256 1562 1259 1569 ·

131 1655 241 1727 verbu
262 1655 401 1726 iactare.
428 1654 498 1726 Sed
522 1656 566 1736 si,
590 1664 670 1747 post
693 1653 909 1749 prophetam,
933 1655 1047 1748 ipsum
1077 1678 1215 1749 quoque

130 1778 289 1849 Persium
319 1787 457 1871 poetam
479 1775 600 1848 audire
622 1799 690 1850 non
716 1778 824 1872 piget,
843 1776 961 1850 videte
981 1779 1066 1871 quid
1087 1777 1214 1850 ibidem

131 1923 289 1995 paganus
310 1899 416 1972 homo
432 1898 657 1971 Pontificibus
678 1901 751 1971 suis
771 1900 876 1972 dicut:

252 2108 331 2181 Quin
347 2109 456 2172 damus
473 2106 505 2170 id
521 2108 642 2187 superis
659 2109 696 2172 de
713 2123 822 2186 magua
839 2108 921 2188 quod
937 2110 1010 2173 dare
1027 2110 1109 2172 lance

253 2205 316 2268 Non
334 2204 429 2285 possit
445 2206 548 2298 magui
565 2205 697 2269 Messalae
713 2206 792 2283 lippa
809 2220 952 2285 propago.

131 2405 176 2475 Et
196 2425 239 2474 ne
256 2401 401 2474 dubium
423 2404 511 2473 soret
540 2402 625 2495 quid
645 2414 701 2474 est
720 2403 786 2474 hoe
812 2402 950 2496 superis
980 2402 1211 2489 offerendum,

117 2528 239 2621 .quod‚
262 2548 393 2619 genere
414 2537 519 2618 atque
539 2524 664 2622 opibus
686 2524 843 2619 superbi,
865 2527 961 2610 caeci,
983 2526 1130 2598 divitum
1153 2525 1211 2599 filii

131 2672 199 2722 non
220 2661 380 2745 possunt,
404 2649 616 2721 subsecutus
636 2649 829 2744 expressit:

251 2854 463 2934 compositum
479 2854 542 2931 ius,
561 2853 667 2932 fasque
683 2852 796 2929 animi,
813 2860 993 2931 sanctosque
1011 2867 1148 2915 recessus

250 2951 369 3029 Mentis,
386 2960 416 3014 et
432 2952 586 3014 incoctum
602 2967 752 3030 generoso
770 2956 874 3030 pectus
891 2951 1027 3012 honesto.

130 3152 338 3225 Praeelarum
351 3151 508 3236 verbum,
524 3151 738 3243 dignumque
756 3149 850 3242 quod
863 3149 908 3220 de
922 3149 1061 3220 Christo
1081 3148 1211 3220 dietum

129 3286 233 3348 esset.
250 3317 295 3329 -
310 3277 362 3345 Tu
391 3277 484 3357 veie,
518 3284 553 3344 et
578 3295 684 3366 quam
714 3270 877 3342 fidelibus
902 3271 1069 3343 conviciis
1090 3293 1211 3343 aurem

129 3400 257 3495 praebe.

208 3649 277 3702 Nota.
295 3649 355 3712 Quae
369 3650 401 3701 de
414 3649 508 3701 uirtute
521 3648 547 3698 in
559 3649 693 3699 cultasti).
712 3648 741 3698 0.
760 3647 791 3697 ii.
809 3647 932 3712 impensis
948 3648 975 3698 in
991 3649 1037 3698 hnc
1053 3647 1160 3711 epistota
1176 3646 1210 3695 le·

128 3736 232 3793 guntur,
245 3729 309 3781 adeo
321 3744 336 3781 s
348 3730 453 3796 probata
466 3729 587 3782 uoeleste
598 3731 712 3782 doctrina
725 3730 873 3791 abhorrent,
886 3736 914 3780 ut
927 3729 982 3779 iure
993 3727 1134 3791 meritoque
1150 3738 1212 3776 norr-

129 3810 204 3872 nutll‚
221 3824 286 3877 quos
304 3812 371 3865 luter
386 3810 554 3865 thomasinus
574 3820 600 3864 et
617 3812 738 3871 Bruttus,
757 3812 812 3864 eius
828 3817 956 3863 auctorem
973 3810 1116 3860 Petrsrcem
1133 3807 1211 3858 fuisse

128 3899 229 3955 negem.
