2692 5024
465 702 506 749 dn·
528 700 628 750 REBUS
650 698 876 750 tantustantus

552 971 729 1037 uplsronn
752 971 784 1035 11.

148 1195 343 1247 nansciscus
364 1193 533 1243 aaronem
554 1192 688 1243 rourum
709 1190 868 1242 uniusne
889 1193 909 1241 a
935 1193 964 1243 s.
983 1192 1069 1245 varo
1089 1195 1119 1245 s.
1138 1195 1167 1245 a.
1184 1196 1214 1245 n.

159 1403 308 1458 seientiam
323 1416 385 1473 que
398 1398 539 1455 catholiea
551 1397 615 1453 tidei
630 1397 793 1453 adversetur
806 1398 836 1453 in
850 1398 915 1454 odio
931 1398 1104 1457 habendam
1120 1418 1199 1471 esse,

280 1506 331 1545 neo
345 1489 467 1545 scientiae
480 1503 583 1543 nornen
597 1487 708 1543 mereri.
725 1486 813 1543 Mnita
826 1486 861 1542 de
876 1486 949 1544 urbe
964 1488 1075 1546 Roma.

229 1722 548 1796 Deambulabamus
565 1724 686 1796 Romae
704 1722 778 1795 soli.
796 1724 914 1795 Meum
927 1724 1083 1817 quidem
1105 1726 1225 1799 obem

132 1846 271 1919 bulandi
306 1846 568 1941 peripateticum
602 1866 735 1918 morem
770 1845 872 1917 nosti.
909 1847 1055 1932 Piaoet3
1090 1859 1223 1922 nature

131 1968 357 2063 moribusque
376 1969 464 2040 meis
487 1967 691 2060 aptissimus
711 1977 776 2039 est.
802 1966 859 2039 lix
878 1968 1222 2065 opinionibusque

130 2091 210 2164 dam
245 2093 392 2186 planant,
426 2091 504 2163 aliae
533 2100 649 2163 autem
683 2090 834 2162 minime.
851 2090 927 2162 Non
948 2093 1086 2164 etenim
1109 2104 1221 2167 sectas

131 2237 223 2301 amo,
247 2215 310 2287 sed
331 2237 465 2286 verum.
487 2215 607 2306 itaque
627 2236 720 2285 nunc
737 2212 994 2308 peripateticus¹
1020 2238 1122 2290 nune
1144 2216 1220 2290 stoi-

131 2362 194 2412 cus
208 2361 295 2420 sum,
306 2337 479 2410 interdum
494 2336 730 2420 academicum
745 2356 840 2428 saepe
853 2345 969 2407 autem
980 2336 1072 2410 nihii
1086 2340 1218 2423 horum,

132 2462 293 2556 quotiens
326 2460 517 2553 quidquam
541 2460 692 2531 occurrit
711 2458 804 2552 apud
829 2480 906 2541 eos,
929 2460 1027 2551 quod
1064 2484 1166 2536 verae
1184 2486 1220 2537 aa

134 2582 303 2655 beatificae
335 2580 415 2653 fidei
447 2580 636 2652 adversum
675 2592 922 2676 suspectamve
956 2581 1011 2653 sit.
1045 2584 1101 2657 lta
1131 2587 1219 2658 enim

132 2705 417 2800 philosophorum
440 2714 553 2775 sectas
580 2726 698 2776 amare
722 2715 757 2776 et
774 2704 968 2797 approbare
993 2708 1216 2800 permittitur,

134 2829 162 2899 si
189 2850 209 2899 a
232 2826 375 2897 veritate
396 2847 465 2897 non
483 2827 684 2913 abhorrent,
708 2828 736 2898 si
758 2850 822 2899 nos
843 2850 864 2907 a
893 2836 1015 2898 nostro
1034 2830 1217 2925 principaii

133 2950 310 3046 proposito
328 2973 396 3022 non
416 2960 593 3032 avertunt;
608 2951 702 3043 quod
717 2949 774 3022 ubi
796 2951 882 3020 forte
904 2952 1135 3037 tentaverint,
1160 2976 1217 3026 seu

132 3077 188 3147 iiie
210 3076 255 3146 sit
274 3076 385 3160 Plato,
402 3097 464 3147 seu
482 3074 703 3157 Aristoteles
725 3095 787 3146 seu
807 3074 933 3157 Varro,
953 3094 1018 3145 seu
1030 3074 1170 3161 Cicero,
1184 3077 1220 3148 ii·

132 3198 215 3268 bera
236 3197 451 3269 contumacia
465 3206 729 3269 contemnantur
742 3216 876 3279 omneS,
900 3206 1005 3288 atque
1025 3199 1217 3270 calcentur.

131 3319 230 3389 Nulla
252 3318 524 3410 disputationum
546 3319 697 3411 argutia,
729 3319 824 3389 nulla
856 3317 1045 3389 verborum
1078 3321 1216 3401 tenitas,

133 3442 224 3511 nulia
243 3440 419 3510 nominum
434 3464 497 3512 nos
518 3450 635 3531 tangat
653 3442 852 3512 auotoritas:
881 3440 1041 3511 homines
1059 3444 1218 3525 fuerunt

130 3575 299 3656 quantum
317 3560 470 3634 humana
491 3563 713 3656 inquisitione
734 3563 807 3633 fieri
829 3562 952 3658 potnit,
967 3572 1005 3632 et
1017 3566 1145 3637 notitia
1168 3589 1219 3638 re-

132 3710 207 3756 rum
226 3686 330 3770 docti,
358 3698 390 3756 et
412 3685 549 3778 eloquio
569 3685 667 3768 ciari,
688 3696 723 3755 et
747 3686 892 3758 naturali
921 3686 1059 3777 ingenio
1083 3690 1217 3773 felices,

132 3811 194 3880 sed
217 3808 368 3903 supremi
385 3819 419 3878 ot
432 3807 613 3879 ineffabilis
631 3809 755 3881 obiecti
770 3809 963 3903 privatione
981 3808 1218 3893 miserabiles

130 3943 176 4015 et,
197 3934 306 4027 utqui
329 3931 462 4002 viribus
483 3932 537 4002 sni
557 3929 705 4003 fiderunt
725 3954 916 4024 veramque
936 3935 1050 4003 lucem
1069 3956 1144 4007 non
1166 3958 1219 4007 re

129 4057 321 4147 quirerent‚
344 4076 513 4127 caeoorum
533 4056 566 4124 in
590 4077 721 4127 morem
741 4077 836 4147 saepo
857 4054 956 4148 lapsi,
981 4074 1078 4149 saepe
1101 4058 1149 4130 ad
1171 4061 1219 4130 la-

129 4177 243 4268 pidem
265 4178 491 4250 offendentes
514 4179 634 4271 ltaque
657 4177 706 4249 sic
725 4178 860 4249 illorum
875 4178 1040 4247 miremur
1063 4178 1216 4271 ingenia,

131 4307 167 4367 ut
188 4301 316 4392 ingenii
348 4323 555 4373 veneramur
575 4313 767 4374 auctorem:
796 4301 845 4373 sio
866 4300 1001 4371 illorum
1021 4304 1219 4398 compatia-

130 4442 209 4490 mur
225 4424 417 4506 erroribus,
440 4435 475 4493 ut
495 4436 625 4496 nostrae
642 4424 764 4516 gratiae
782 4426 1011 4515 gratulemur,
1033 4434 1070 4494 et
1082 4448 1219 4520 cogno

131 4564 281 4627 scamus
304 4568 367 4617 nos
395 4548 546 4636 gratuito
567 4548 642 4617 sine
663 4547 741 4617 uilis
759 4547 893 4617 meritis
911 4544 1102 4619 honoratos
1126 4572 1220 4645 prae-
