2692 5024
399 691 491 740 mnaa
513 690 709 748 cuxanus-
723 695 876 746 arrsrcnx
898 700 983 748 xxm.
1169 689 1228 754 299

148 832 210 922 git.
231 830 355 902 Adhuc
375 830 468 902 enim
483 831 615 924 integer
632 833 827 907 Domitiano
840 837 983 933 principi
997 842 1226 928 credideram,

148 955 232 1024 amit
248 952 515 1046 prutitudcccrc,
529 957 579 1026 nit
596 957 741 1027 breuius:
759 956 814 1031 Ad
831 959 961 1033 maiora
983 984 1068 1035 vero
1089 966 1228 1057 genitus

147 1099 242 1159 sum,
274 1098 379 1170 quam
412 1089 452 1150 ut
472 1077 537 1150 sim
558 1080 769 1175 mancipium
802 1084 957 1177 corporis
977 1085 1057 1158 mei.
1080 1089 1225 1174 Seneca,

146 1200 273 1294 inquis,
297 1200 364 1273 boc
382 1200 483 1274 dixit.
504 1201 591 1286 Quis
611 1207 740 1296 negat?
752 1205 797 1275 Et
809 1226 876 1296 ego
893 1205 986 1292 dico,
1005 1218 1041 1280 et
1059 1211 1159 1282 multi
1172 1211 1227 1283 di-

145 1331 225 1394 cent
241 1333 320 1416 post
336 1344 403 1407 me,
417 1334 454 1394 et
466 1333 546 1395 ante
560 1348 641 1398 eum
658 1326 759 1399 multi
775 1330 864 1400 forte
880 1329 1061 1416 dixerunt3
1079 1342 1115 1404 et
1127 1334 1225 1427 quis-

143 1443 223 1536 quis
253 1444 289 1516 id
311 1445 453 1529 dixerit,
477 1446 581 1519 modo
601 1470 646 1520 ne
667 1450 868 1534 mentiatur,
886 1452 1069 1544 egregium
1089 1457 1225 1562 magni·

145 1564 318 1659 ficumque
349 1567 497 1639 verbum
529 1568 671 1641 dixerit.
702 1572 778 1664 Ego
803 1584 838 1645 et
859 1572 945 1646 illud
963 1575 1053 1662 dixi,
1075 1587 1110 1649 et
1128 1579 1224 1672 quod

144 1690 301 1781 sequitur
319 1689 449 1772 dicem3
471 1691 558 1763 etin
592 1704 742 1785 utroque
762 1694 835 1766 scio
864 1697 959 1790 quod
979 1720 1048 1785 non
1065 1701 1223 1772 mentior.

147 1809 279 1881 Utinam
301 1832 367 1881 nec
384 1812 495 1883 sattar.
516 1810 655 1884 Absita
676 1836 741 1896 me,
774 1823 813 1887 ut
840 1837 958 1890 amore
990 1822 1144 1914 corporis
1165 1832 1226 1894 ant

142 1931 247 2002 buius
268 1931 354 2002 lucis
370 1932 659 2019 desiderindiem
679 1937 800 2007 mortis
820 1936 1038 2012 horrescam:
1058 1947 1223 2035 quoniam

141 2063 176 2125 et
195 2053 262 2125 boc
281 2053 328 2125 ab
344 2054 412 2125 alio
432 2055 618 2128 verissime
647 2057 779 2130 dietum
810 2060 845 2130 in
871 2082 958 2133 usus
991 2086 1090 2137 meos
1114 2065 1221 2149 verti,

141 2176 232 2267 quod
254 2177 331 2248 baec
352 2187 481 2261 nostra,
499 2201 582 2271 quae
597 2179 722 2251 dicitur
742 2181 824 2265 vita,
843 2205 938 2256 mors
958 2197 1023 2257 est.
1040 2187 1136 2283 Vale.

665 2416 721 2424 —.

545 2648 725 2713 aristoni
747 2649 815 2713 XIX.

163 2838 354 2891 raaxclscvs
376 2840 542 2893 PETRARGA
565 2842 727 2894 CLEMENTI
747 2846 779 2895 Vi
800 2846 959 2896 adurimur
980 2845 1056 2896 trax.
1074 2846 1100 2896 S.
1119 2847 1147 2896 P.
1164 2846 1195 2895 l).

376 3025 545 3080 Medicorum
560 3026 766 3082 multitudinem
782 3043 877 3082 cavere
890 3027 976 3082 iubet.

231 3271 353 3343 Febris
375 3281 444 3343 tuae
465 3273 623 3355 nuntius,
655 3271 861 3343 Rectissime
880 3272 998 3356 Pater,
1030 3283 1217 3347 tremonem

134 3393 300 3466 membris
313 3395 400 3466 meis
419 3405 455 3468 et
472 3395 652 3467 horrorem
671 3394 795 3467 attulit.
809 3394 880 3466 Nec
901 3394 1030 3469 idcirco
1049 3395 1217 3471 biandilc

132 3538 255 3609 quens,
268 3525 329 3589 aut
346 3517 468 3589 simitis
482 3517 578 3590 dicar
600 3517 661 3603 illi,
677 3518 805 3610 dequo
827 3519 1000 3614 satyricus
1015 3520 1081 3592 ait:
1100 3521 1166 3611 flet,
1187 3523 1217 3590 si

135 3641 289 3711 lacrimas
302 3643 475 3734 conspemit
487 3642 589 3712 amici
594 3651 648 3724 ;et
654 3640 795 3712 iterum:
809 3640 976 3712 sidimcrit
988 3653 1097 3724 oestuu,
1111 3640 1216 3723 sudat,

134 3761 196 3833 sed
217 3761 262 3832 itti
279 3762 395 3857 potius
416 3764 489 3856 qui,
513 3774 551 3836 nt
570 3763 619 3836 ait
644 3762 780 3849 Cicero,
807 3764 853 3837 de
880 3766 991 3836 salute
1009 3762 1124 3856 populi
1149 3763 1218 3833 Ro-

133 3884 225 3956 mani
245 3884 513 3970 extimescebat,
536 3887 570 3956 in
591 3908 662 3978 qua
677 3886 782 3957 etiam
806 3907 906 3957 suum
928 3885 1097 3956 inclusam
1116 3884 1217 3957 vide-

129 4005 199 4077 bat.
218 4008 295 4080 Mea
315 4008 458 4100 quidem
479 4030 521 4080 uc
542 4008 732 4079 multorum
753 4010 849 4080 salus
872 4007 906 4075 in
926 4016 986 4078 tua
1006 4008 1118 4077 salute
1137 4007 1216 4077 iun-

127 4127 211 4199 data
230 4140 296 4200 est.
318 4131 393 4200 Non
415 4130 520 4222 igitur
539 4128 723 4201 simulatus
742 4140 798 4198 est
819 4139 963 4210 tremor,
986 4126 1214 4220 nequeenim

127 4249 241 4321 alieno
261 4252 415 4345 periculo
431 4272 657 4346 permoveor,
681 4250 744 4320 scd
761 4250 913 4343 pmpric.
934 4250 1064 4321 Omnes
1089 4249 1214 4342 quide

127 4383 161 4444 te
181 4373 391 4466 pendemus,
426 4373 522 4442 etin
549 4380 582 4440 te
608 4391 808 4464 speramus,
842 4382 875 4443 te
896 4381 1101 4463 aegrotante,
1136 4373 1214 4444 sani

126 4499 214 4569 torte
239 4496 415 4577 videmur,
442 4494 505 4567 sed
526 4514 597 4567 uon
618 4515 752 4567 sumus.
778 4494 910 4566 Verum
930 4492 1102 4587 quietum
1121 4515 1214 4569 sem-
