2692 5024
1244 39 1290 313 ΙΙΙ

551 342 557 363 Ι
1255 332 1259 337 .

126 638 185 703 142
460 648 504 703 Μ
525 648 628 702 mus
650 648 875 701 simillimus

125 795 231 870 ardor
244 814 310 892 per
325 804 437 867 terras
452 814 495 867 ac
511 793 643 866 maria:
661 802 698 866 et
713 814 807 867 nunc
822 795 977 867 maxime
993 794 1041 869 ad
1051 806 1217 871 extrem

127 930 299 993 terram
320 938 365 991 ea
390 938 447 990 me
469 919 634 1015 voluptas
659 918 782 1003 traxit,
817 918 969 1012 pellente
999 918 1083 992 hinc
1107 920 1218 995 taedio

125 1064 257 1128 rerum,
278 1062 486 1135 morumque
516 1041 607 1115 odio.
633 1044 711 1129 Quo
737 1060 881 1113 rursum
906 1040 997 1113 dura
1018 1042 1217 1119 nenessitas

125 1166 272 1238 retraxit
302 1162 431 1237 nudius
462 1164 587 1237 tertius
617 1164 780 1261 applicui,
814 1172 852 1235 et
882 1186 964 1237 cum
995 1166 1107 1238 multa
1131 1164 1216 1239 inde

126 1287 188 1359 tibi
213 1287 426 1382 scripserim,
445 1308 625 1373 reversus,
647 1286 929 1384 pulverulentum
953 1289 1129 1359 calamum
1154 1296 1215 1361 tuo

125 1411 276 1507 primum
295 1409 436 1483 nomino
458 1409 601 1482 detersi.
622 1407 767 1482 Amicus
786 1417 904 1482 autem
924 1419 1058 1497 noster,
1079 1430 1154 1483 non
1173 1418 1215 1483 ut

126 1533 262 1608 doctior
276 1532 410 1618 redeat,
429 1533 563 1603 nullum
581 1531 701 1605 mundi
720 1532 804 1605 litus
824 1533 1044 1607 inaccessum
1062 1533 1161 1619 sinit,
1177 1543 1215 1607 'et

125 1655 220 1730 omni
240 1662 358 1740 vento,
380 1653 525 1727 caduceo
544 1654 677 1728 frondis
693 1676 804 1741 more,
825 1654 1127 1728 circumvolvitur.
1148 1658 1215 1730 Sn-

128 1776 314 1871 spiriorum
338 1776 417 1851 eius
440 1778 560 1850 nullus
581 1776 640 1873 (ut
654 1778 824 1873 auguror)
847 1777 927 1851 linis
951 1778 1033 1865 erit,
1059 1780 1130 1853 nisi
1152 1781 1214 1877 qui

127 1898 223 1973 vitae.
244 1902 318 1975 Hoc
335 1899 403 1973 sibi
419 1898 540 1973 verbis
557 1899 644 1972 meis
661 1898 788 1984 dicit03
806 1923 886 1974 raro
901 1900 1043 1995 quidem
1059 1924 1213 1999 praemo-

127 2021 234 2096 ditata
251 2023 459 2109 succedunt,
483 2022 548 2094 sed
567 2020 661 2116 finge
683 2023 894 2096 succedant:
915 2023 1043 2098 crescit
1060 2046 1144 2097 cum
1163 2028 1214 2099 ic-

126 2143 254 2215 licitatc
292 2144 443 2217 miseria.
478 2143 517 2217 ld
549 2140 646 2217 haud
676 2142 814 2216 difficile
850 2143 1055 2238 persuaderi
1093 2157 1214 2239 posset

127 2275 290 2361 experto,
324 2267 393 2339 nisi
422 2265 642 2340 consuetudo
672 2267 824 2362 pessima
857 2288 963 2339 aures
998 2268 1214 2343 salutaribus

126 2389 274 2462 vocibus
300 2389 508 2462 obstrueret.
535 2390 604 2462 Sed
628 2390 703 2483 ipse
736 2390 781 2463 de
815 2411 855 2462 se
883 2390 1033 2474 viderit;
1061 2401 1098 2463 tu
1125 2412 1213 2465 vero

127 2521 280 2604 ooeptum
302 2521 392 2596 tene,
414 2524 451 2584 et
474 2534 519 2583 ne
539 2511 642 2584 turba
662 2511 881 2585 delirantium
909 2512 1065 2585 animum
1091 2535 1214 2611 apro

127 2632 241 2725 posito
264 2635 449 2720 convellat,
475 2655 573 2706 cave.
600 2635 756 2720 Senecae,
791 2636 861 2709 imo
893 2658 980 2710 vero
1011 2636 1125 2731 ipsius
1149 2660 1214 2710 na·
1272 2640 1275 2651 '

128 2761 218 2826 turae
236 2753 384 2827 verbum
406 2766 482 2828 est:
504 2756 574 2827 Nec
593 2758 696 2828 multo
717 2780 798 2854 opas
818 2770 883 2844 cst,
905 2780 965 2831 uec
984 2756 1053 2832 diu.
1074 2761 1175 2833 Vale.

271 2900 420 2973 Aviuicne,
434 2902 485 2959 xv
499 2902 561 2960 Kal.
577 2902 758 2977 Septembris.

552 3305 730 3371 aristosa
749 3306 794 3370 Ill.

164 3490 360 3544 Fsasuiscus
378 3492 548 3544 rssssttca
564 3494 732 3545 STEPHANO
749 3496 1044 3551 coadunatorum
1061 3501 1088 3550 S.
1107 3502 1137 3552 Ρ.
1155 3503 1186 3552 Ι).

209 3652 342 3709 Hortatur
354 3657 387 3708 ut
399 3652 519 3708 ricunae
533 3653 567 3709 de
581 3653 689 3711 Ursinis
703 3656 797 3712 relatae
810 3656 933 3714 fructum
947 3675 1003 3714 non
1017 3662 1136 3718 amittat.

225 3864 386 3949 Potuisti,
409 3864 465 3936 vir
490 3863 696 3948 fortissime,
723 3867 879 3938 vincere:
907 3869 1008 3954 scito,
1032 3869 1217 3964 sapientis-

131 3989 221 4060 sime
247 3988 317 4074 vir,
340 3989 389 4060 uti
410 3987 566 4060 victoria.
598 3988 648 4059 Nc
673 3988 753 4082 quis
777 4013 931 4084 unquam
962 3999 1122 4064 nostrum
1156 3992 1218 4064 tibi

130 4113 243 4205 possit
258 4112 422 4196 obiicere,
440 4111 548 4207 quod,
568 4111 740 4185 Cannensi
760 4114 937 4208 quondam
951 4115 1020 4199 dic,
1037 4113 1219 4187 Maharbal

131 4233 333 4318 Hannibali;
355 4235 431 4330 qui,
460 4234 490 4307 si
515 4235 660 4308 consilio
687 4236 904 4320 obsecutus,⁸
928 4248 1022 4309 recto
1054 4238 1143 4309 calle
1174 4237 1221 4309 ab

131 4351 206 4422 acio
232 4356 375 4429 Romam
402 4358 573 4452 sanguine
594 4370 715 4433 nostro
734 4360 887 4432 rorantia
908 4360 1009 4455 signa
1035 4361 1218 4447 vertisset,

131 4493 295 4566 quaenam
322 4479 368 4550 sit
391 4480 635 4555 historicorum
661 4483 777 4578 opinio
806 4504 875 4555 non
900 4482 1053 4576 ignoras.
1082 4484 1153 4558 Sed
1179 4484 1223 4556 il-
