2692 5024
510 663 551 711 DE
571 663 673 712 REBUS
695 661 916 712 Flullllluuus

594 942 774 1008 EPISTOLA
794 943 827 1006 ll.

272 1138 465 1190 rannerscus
486 1138 654 1188 nannenus
673 1137 791 1187 ruens
812 1136 1010 1188 messanensr
1027 1138 1053 1189 s.
1072 1142 1100 1190 r.
1119 1142 1149 1190 u.

362 1318 459 1373 Faceta
473 1317 594 1373 hominis
607 1315 727 1372 famelici
739 1322 767 1371 et
780 1316 892 1388 parasiti
905 1315 1062 1390 descriptio.

270 1545 425 1616 Felicitan
446 1554 529 1636 pute
550 1542 719 1614 successit
744 1543 854 1635 prima
878 1542 1106 1634 percontati03
1129 1564 1251 1616 seeun-

172 1669 252 1739 dam
278 1665 373 1737 lacis.
399 1663 560 1757 Experiri
581 1663 636 1733 vis
660 1663 714 1758 (ut
734 1661 899 1757 arbitror)
922 1662 957 1732 in
977 1663 1250 1739 demonstrativo

172 1807 291 1858 causae
305 1808 431 1877 genere
448 1785 532 1880 quid
549 1784 692 1877 possim.
708 1786 746 1854 ln
764 1783 925 1856 laudibus
943 1785 1073 1878 potius
1092 1808 1198 1878 quam
1215 1790 1249 1860 in

171 1909 343 1980 contrario
363 1929 418 1979 me
437 1907 625 2000 probasses
642 1907 758 1980 velim.
778 1907 847 1977 Sed
863 1906 1003 1999 quando
1021 1908 1071 1979 sie
1088 1910 1249 2000 placitum

173 2030 245 2114 libi,
267 2042 302 2100 et
323 2029 398 2101 sine
422 2030 643 2102 nomine·res
668 2029 798 2121 agitur,
820 2029 984 2122 quamvis
1008 2041 1134 2102 exacta
1160 2033 1250 2125 peri-

171 2152 309 2245 phrasis
330 2151 442 2222 vicem
464 2151 592 2245 proprii
612 2150 762 2223 nominis
783 2149 948 2235 obtineat,
969 2161 1005 2221 el
1028 2150 1085 2223 hic
1109 2174 1249 2246 quoque

170 2272 356 2365 quaeslioni
376 2283 445 2344 luae
463 2296 594 2344 morem
608 2295 737 2363 geram.
751 2272 799 2356 ls,
821 2270 865 2342 de
881 2294 951 2364 quo
963 2271 1108 2363 quaeris,
1129 2293 1250 2344 scurra

174 2418 287 2485 vagus
308 2408 375 2478 est,
399 2398 536 2486 qualem
559 2393 725 2466 describit
743 2391 922 2463 Horatius:

448 2583 501 2658 qui
519 2598 580 2642 non
597 2587 717 2642 certum
733 2594 870 2658 praesepe
887 2586 1018 2655 teneret,

260 2755 262 2761 Ι
330 2677 517 2754 impransus,
537 2693 596 2739 non
613 2676 668 2754 qui
684 2676 788 2737 civem
805 2675 996 2752 dignosceret
1012 2675 1107 2739 hoste.

172 2878 208 2946 ln
230 2898 366 2946 summa
382 2875 535 2947 omnium
554 2875 884 2968 importunissimus
900 2876 960 2968 qui
976 2899 1128 2968 unquam
1146 2899 1248 2969 para-

170 2998 279 3070 siticae
293 2998 357 3069 arti
371 3019 509 3090 operam
523 2997 706 3080 dederunl3
722 2996 829 3068 nihilo
844 3008 957 3068 lamen
977 2997 1119 3083 felicior,
1141 3020 1248 3092 quam

171 3121 199 3190 si
225 3122 377 3190 emnium
405 3118 705 3192 desidiosissimus
738 3121 835 3189 leret.
861 3119 936 3188 Non
963 3129 1033 3189 tam
1059 3121 1115 3189 vel
1140 3131 1247 3191 naula

63 3246 69 3256 '
171 3243 364 3330 scopulum,
384 3246 438 3312 vel
457 3242 659 3332 grandinem
677 3241 838 3332 agricola,
860 3244 915 3311 vel
932 3250 1103 3311 mercator
1119 3242 1245 3324 furem,

170 3382 275 3452 quam
307 3383 386 3430 eum
420 3384 540 3433 omnes
567 3372 731 3433 metuunt.
759 3364 887 3432 Omnes
913 3360 1097 3444 declinant,
1124 3382 1246 3431 omnes

169 3481 297 3553 cedunt
317 3481 453 3565 semita,
475 3483 575 3574 quasi
596 3494 759 3553 oneratus
782 3483 890 3573 spinis
917 3483 1088 3554 adveniat.
1111 3481 1246 3575 Ubique

170 3605 245 3675 vias
266 3624 413 3686 vacuae,
433 3604 571 3674 deserta
591 3603 688 3688 atria,
708 3604 890 3674 obseratas
911 3607 1001 3674 lenes
1023 3603 1166 3673 invenit.
1184 3604 1247 3673 Pe·

169 3727 267 3797 rinde
284 3727 437 3797 adventu
453 3725 529 3795 eius
547 3725 690 3815 sugitur,
706 3749 745 3796 ac
764 3727 793 3794 si
811 3725 845 3793 in
860 3726 991 3815 gremio
1005 3726 1133 3796 bellum
1147 3727 1243 3796 leral.

167 3850 350 3940 Nunquam
365 3860 479 3917 tamen
493 3846 744 3918 incommodius
758 3848 824 3917 isla
836 3848 1051 3937 contingunt,
1062 3868 1167 3937 quam
1181 3845 1246 3915 hoc

167 3971 248 4039 anni
281 3982 449 4063 tempore:
476 3979 583 4039 aestas
610 3979 797 4058 utcumque
817 3991 1007 4062 pauperum
1033 3979 1154 4060 portus
1179 3976 1243 4035 est.

170 4091 242 4160 Una
275 4092 379 4162 arbor
410 4102 445 4163 el
470 4101 616 4174 veslcm,
645 4087 835 4173 stelbom,
863 4099 897 4158 el
923 4098 1049 4159 leolum
1075 4097 1110 4156 el
1133 4082 1246 4155 cubile

168 4215 327 4300 supparia
349 4216 447 4286 Nunc
466 4213 551 4306 quid
572 4213 676 4304 agat?
689 4210 895 4304 Conspirant
911 4210 1048 4305 hyems,
1069 4215 1243 4287 senectae,

167 4328 297 4420 inopia3
326 4338 440 4406 nullus
461 4358 560 4428 opem
582 4338 661 4416 leil,
690 4344 723 4404 el
752 4334 847 4428 (quae
868 4332 1021 4404 emnium
1045 4352 1160 4399 rerum
1181 4327 1246 4398 du-

168 4448 323 4521 rissimal
347 4456 420 4525 sine
440 4455 659 4527 miseralione
681 4454 823 4526 miseria
843 4466 906 4524 est.
925 4452 1004 4524 Vidi
1026 4450 1120 4520 illum
1144 4448 1244 4520 hodie
