2692 5024
176 629 214 688 al
512 641 553 688 nn
574 637 674 686 nanus
696 635 918 687 enuntiaturus

175 801 256 884 gato
276 791 419 861 forsitan
443 788 584 882 errori),
606 811 712 880 quam
733 811 846 881 genus
867 787 1004 870 mortis,
1027 797 1133 878 utque
1152 786 1255 860 inhu-

175 912 258 985 mati
274 911 429 1004 corporis
446 910 622 996 iniuriam,
637 911 800 982 iactatum
818 910 905 981 mari
918 907 1081 1004 AEgyptio
1094 909 1253 994 cadaver,

175 1034 366 1125 deplorare.
394 1033 490 1103 Hane
517 1054 587 1104 non
617 1034 796 1123 vulgarem
828 1030 940 1122 magis
979 1053 1085 1122 quam
1127 1030 1253 1103 anilem

175 1154 425 1247 querimoniam
446 1157 536 1226 ferre
561 1175 630 1225 non
651 1157 762 1226 valeo.
785 1155 906 1226 Nonne
923 1153 1031 1239 enim,
1053 1175 1191 1245 quaeso‚
1212 1155 1255 1227 de

175 1298 305 1370 genere
318 1279 508 1371 sepulturae
523 1288 591 1348 tam
602 1278 811 1370 scrupulose
825 1276 976 1361 sollicito,
995 1275 1080 1348 illud
1093 1277 1252 1361 occurrit,

174 1404 339 1496 repufcfm'
356 1403 488 1490 facilem
512 1423 579 1471 esse
606 1401 800 1470 iacturam?
823 1398 878 1470 An
908 1398 1063 1471 Maronei
1092 1400 1254 1471 versiculi

176 1524 223 1594 nil
248 1522 342 1596 aliud
371 1521 550 1594 clamantis
581 1521 709 1594 oblitus
733 1544 788 1606 es,
815 1522 876 1615 qui
900 1522 988 1594 adeo
1012 1521 1129 1614 pueris
1153 1522 1254 1594 etiam

175 1655 367 1729 natusest,
397 1642 528 1714 utiam
553 1643 588 1713 in
612 1642 837 1736 proverbium
863 1644 1008 1716 abierit?
1032 1643 1133 1726 Quod
1157 1644 1188 1716 si
1212 1642 1255 1715 ad

175 1777 321 1837 mortem
342 1765 504 1856 respicis,
523 1764 667 1851 falleris,
684 1765 790 1857 siper
810 1766 900 1838 hanc
919 1766 1051 1837 felicem
1072 1776 1134 1837 aut
1152 1765 1256 1837 mise-

176 1910 252 1958 rum
274 1884 349 1957 deri
371 1897 483 1980 putas.
506 1887 596 1959 Satis
618 1898 673 1958 est
692 1897 795 1958 notus
816 1909 944 1959 versus
966 1887 1108 1959 alterius
1128 1898 1254 1982 poetae:

175 2008 279 2078 Nemo
298 2010 336 2100 fit
354 2018 458 2078 morte
474 2010 582 2078 miso.
601 2007 681 2081 Vita
697 2021 753 2080 est
768 2030 850 2102 quae
867 2009 1014 2081 miseros
1031 2009 1112 2081 facit
1128 2009 1256 2082 etbea·

176 2143 244 2214 tos‚
267 2152 371 2222 quam
393 2130 454 2223 qui
474 2152 588 2223 usque
609 2131 655 2203 ad
680 2131 829 2203 extremi
855 2134 973 2222 fugam
999 2131 1142 2223 spiritus
1167 2131 1256 2203 bene

176 2255 261 2346 egit,
278 2257 372 2327 nullo
390 2264 471 2347 eget
490 2255 652 2348 amplius3
669 2255 753 2325 felix
771 2265 838 2338 est,
858 2275 1004 2325 securus
1021 2263 1088 2338 est,
1107 2253 1143 2324 in
1156 2264 1255 2347 portu

177 2387 241 2446 est.
263 2377 354 2460 Quid
379 2399 464 2468 ergo
489 2377 535 2447 ad
560 2399 732 2447 summam
757 2375 927 2446 felicitatis
953 2374 1058 2445 huius
1083 2373 1256 2468 pertinere

177 2496 364 2580 arbitraris,
385 2509 500 2567 utrum
523 2500 624 2569 tellus
645 2497 740 2568 illum
754 2497 938 2590 opprimat,
958 2521 1002 2568 an
1019 2499 1163 2588 pelagus
1181 2498 1256 2568 vol-

178 2629 252 2702 vat,
275 2641 318 2688 an
340 2618 478 2689 flamma
498 2623 703 2690 consumat‘f
728 2620 811 2704 Sed,
838 2620 1002 2713 quoniam
1023 2618 1121 2691 tede
1142 2621 1256 2713 sepul·

179 2750 258 2809 tura
292 2740 514 2830 singulariter
547 2763 691 2834 praeque
723 2742 885 2813 omnibus
919 2742 1061 2813 anxium
1087 2742 1254 2832 intelligo,

180 2872 309 2952 quanto
330 2872 367 2932 tu
391 2861 580 2933 beatiorem
602 2864 757 2934 aestimas
775 2864 868 2934 hunc
886 2867 1008 2935 tellure
1033 2864 1254 2945 demersum,

177 3007 281 3076 qnam
300 2985 394 3055 illum
420 2987 568 3057 alterum
589 2985 751 3057 fluctibus
772 2985 959 3056 obrutum?
978 2988 1120 3079 Propter
1136 2984 1255 3068 unius

177 3108 289 3190 credo,
313 3107 494 3199 Virgiliani
514 3107 677 3180 carminis
699 3108 892 3190 horrorem,
915 3108 997 3200 quia
1019 3106 1148 3178 scilicet

338 3293 419 3356 Unda
436 3294 525 3369 feret,
543 3294 701 3373 piscesque
718 3293 839 3372 impasti
857 3294 984 3356 vnlnere
1001 3293 1141 3358 lambent.

178 3472 270 3556 Quid
290 3484 406 3543 autern
425 3475 453 3543 si
471 3477 612 3547 alterius
634 3479 780 3548 vulnera
798 3476 909 3569 rapidi
926 3499 1031 3548 canes
1052 3476 1257 3571 absumpse-
1337 3543 1341 3552 .

179 3597 266 3668 rint‘f
300 3595 335 3665 Si
359 3595 594 3666 famelicorum
620 3621 709 3689 grex
734 3601 909 3691 luporum,
938 3598 1074 3670 effossis
1100 3599 1256 3683 tumulis,

177 3717 334 3789 membra
351 3717 621 3808 discerpserint?
638 3718 889 3811 Respondebis,
909 3731 947 3791 ut
963 3719 1122 3803 arbitror,
1143 3718 1257 3791 ethos

179 3841 297 3912 itidem
318 3840 482 3912 infelices.
505 3842 555 3911 lta
575 3841 643 3912 iam
664 3863 711 3911 ex
731 3840 893 3912 omnibus
911 3841 1029 3912 felices
1049 3850 1164 3923 erunt,
1184 3839 1260 3931 qui-

178 3958 244 4031 bus
266 3963 475 4035 inconeussa
494 3962 678 4055 contigerit
697 3963 837 4054 requies
865 3961 1050 4053 sepulchri.
1079 3961 1171 4030 Nihil
1196 3960 1259 4032 hec

178 4083 339 4171 opinione
357 4084 540 4175 puerilius:
559 4107 638 4155 cum
656 4083 749 4154 enim
766 4094 890 4154 cuncta
907 4082 1120 4175 provideris,
1135 4092 1261 4173 negata

178 4198 302 4273 belluis
316 4205 452 4278 viscera
464 4206 598 4278 infestis
613 4205 792 4277 vermibus
806 4227 936 4297 negare
950 4227 1019 4275 non
1032 4203 1174 4297 poteris.
1190 4204 1261 4274 lam

179 4321 305 4405 cernis,
321 4326 380 4415 qui
397 4337 592 4399 contactum
618 4326 928 4418 pulcherrimorum
950 4324 1109 4397 fortassis
1131 4324 1262 4395 anima-

180 4436 261 4506 lium
282 4443 508 4529 formidabaS,
527 4448 649 4537 quida
668 4448 878 4539 turpissimis
893 4445 1092 4518 necessario
1114 4446 1164 4516 sis
1182 4466 1263 4538 pas-
