<?xml version="1.0" encoding="UTF-8"?>
<!DOCTYPE html PUBLIC "-//W3C//DTD XHTML 1.0 Transitional//EN"
    "http://www.w3.org/TR/xhtml1/DTD/xhtml1-transitional.dtd">
<html xmlns="http://www.w3.org/1999/xhtml" xml:lang="en" lang="en">
 <head>
  <title>
</title>
<meta http-equiv="Content-Type" content="text/html;charset=utf-8" />
  <meta name='ocr-system' content='tesseract 3.04.00' />
  <meta name='ocr-capabilities' content='ocr_page ocr_carea ocr_par ocr_line ocrx_word'/>
</head>
<body>
  <div class='ocr_page' id='page_1' title='image "./epistolaederebu00fracgoog_0273.png"; bbox 0 0 2692 5024; ppageno 0'>
   <div class='ocr_carea' id='block_1_1' title="bbox 174 632 917 696">
    <p class='ocr_par' dir='ltr' id='par_1_1' title="bbox 174 632 917 696">
     <span class='ocr_line' id='line_1_1' title="bbox 174 632 917 696; baseline -0.003 0"><span class='ocrx_word' id='word_1_1' title='bbox 174 632 233 696; x_wconf 84' lang='lat' dir='ltr'><strong><em>llo</em></strong></span> <span class='ocrx_word' id='word_1_2' title='bbox 509 642 552 693; x_wconf 81' lang='lat' dir='ltr'><strong><em>uu</em></strong></span> <span class='ocrx_word' id='word_1_3' title='bbox 572 644 675 696; x_wconf 82' lang='lat' dir='ltr'><strong><em>nunus</em></strong></span> <span class='ocrx_word' id='word_1_4' title='bbox 695 642 917 696; x_wconf 72' lang='lat' dir='ltr'><strong><em>summamus</em></strong></span> 
     </span>
    </p>
   </div>
   <div class='ocr_carea' id='block_1_2' title="bbox 148 784 1260 1371">
    <p class='ocr_par' dir='ltr' id='par_1_2' title="bbox 148 784 1260 1371">
     <span class='ocr_line' id='line_1_2' title="bbox 148 784 1258 887; baseline 0.006 -30"><span class='ocrx_word' id='word_1_5' title='bbox 148 876 155 887; x_wconf 50' lang='lat'><strong><em>,</em></strong></span> <span class='ocrx_word' id='word_1_6' title='bbox 174 788 293 858; x_wconf 87' lang='lat' dir='ltr'><strong><em>vultus</em></strong></span> <span class='ocrx_word' id='word_1_7' title='bbox 310 807 373 878; x_wconf 91' lang='lat' dir='ltr'><strong><em>pro</em></strong></span> <span class='ocrx_word' id='word_1_8' title='bbox 392 785 626 879; x_wconf 89' lang='lat' dir='ltr'><strong><em>praesentibus</em></strong></span> <span class='ocrx_word' id='word_1_9' title='bbox 647 785 864 859; x_wconf 77' lang='lat' dir='ltr'><strong>habeamus?</strong></span> <span class='ocrx_word' id='word_1_10' title='bbox 884 784 988 880; x_wconf 81' lang='lat' dir='ltr'><strong><em>Apud</em></strong></span> <span class='ocrx_word' id='word_1_11' title='bbox 1007 788 1147 860; x_wconf 90' lang='lat' dir='ltr'><strong><em>Poetam</em></strong></span> <span class='ocrx_word' id='word_1_12' title='bbox 1170 793 1258 863; x_wconf 75' lang='lat' dir='ltr'><strong><em>scri-</em></strong></span> 
     </span>
     <span class='ocr_line' id='line_1_3' title="bbox 174 908 1259 1003; baseline 0.005 -23"><span class='ocrx_word' id='word_1_13' title='bbox 174 920 270 1003; x_wconf 89' lang='lat' dir='ltr'><strong><em>ptum</em></strong></span> <span class='ocrx_word' id='word_1_14' title='bbox 281 916 366 979; x_wconf 82' lang='lat' dir='ltr'><strong><em>est:</em></strong></span> <span class='ocrx_word' id='word_1_15' title='bbox 384 908 521 978; x_wconf 76' lang='lat' dir='ltr'><strong><em>Herem</em></strong></span> <span class='ocrx_word' id='word_1_16' title='bbox 537 909 640 1001; x_wconf 78' lang='lat' dir='ltr'><strong><em>infimi</em></strong></span> <span class='ocrx_word' id='word_1_17' title='bbox 657 921 786 1002; x_wconf 81' lang='lat' dir='ltr'><em>pectore</em></span> <span class='ocrx_word' id='word_1_18' title='bbox 805 911 916 979; x_wconf 87' lang='lat' dir='ltr'><strong><em>uultus</em></strong></span> <span class='ocrx_word' id='word_1_19' title='bbox 937 912 1118 1000; x_wconf 81' lang='lat' dir='ltr'><strong><em>uerbaque;</em></strong></span> <span class='ocrx_word' id='word_1_20' title='bbox 1138 924 1174 983; x_wconf 88' lang='lat' dir='ltr'><strong><em>et</em></strong></span> <span class='ocrx_word' id='word_1_21' title='bbox 1194 914 1259 985; x_wconf 86' lang='lat' dir='ltr'><strong><em>ito-</em></strong></span> 
     </span>
     <span class='ocr_line' id='line_1_4' title="bbox 175 1029 1260 1125; baseline 0.005 -24"><span class='ocrx_word' id='word_1_22' title='bbox 175 1052 267 1101; x_wconf 91' lang='lat' dir='ltr'><strong><em>rum:</em></strong></span> <span class='ocrx_word' id='word_1_23' title='bbox 280 1030 452 1101; x_wconf 77' lang='lat' dir='ltr'><strong><em>Absentem</em></strong></span> <span class='ocrx_word' id='word_1_24' title='bbox 468 1031 584 1101; x_wconf 79' lang='lat' dir='ltr'><strong><em>absens</em></strong></span> <span class='ocrx_word' id='word_1_25' title='bbox 600 1029 755 1122; x_wconf 79' lang='lat' dir='ltr'><strong><em>auditque</em></strong></span> <span class='ocrx_word' id='word_1_26' title='bbox 771 1031 930 1124; x_wconf 76' lang='lat' dir='ltr'><strong><em>videtque.</em></strong></span> <span class='ocrx_word' id='word_1_27' title='bbox 948 1034 1042 1125; x_wconf 79' lang='lat' dir='ltr'><strong><em>Ergo</em></strong></span> <span class='ocrx_word' id='word_1_28' title='bbox 1060 1034 1205 1107; x_wconf 90' lang='lat' dir='ltr'><strong><em>insanus</em></strong></span> <span class='ocrx_word' id='word_1_29' title='bbox 1222 1045 1260 1108; x_wconf 89' lang='lat' dir='ltr'><strong><em>et</em></strong></span> 
     </span>
     <span class='ocr_line' id='line_1_5' title="bbox 174 1139 1260 1250; baseline 0.003 -26"><span class='ocrx_word' id='word_1_30' title='bbox 174 1152 362 1225; x_wconf 87' lang='lat' dir='ltr'><strong><em>obscoenus</em></strong></span> <span class='ocrx_word' id='word_1_31' title='bbox 385 1173 482 1224; x_wconf 88' lang='lat' dir='ltr'><strong><em>umor</em></strong></span> <span class='ocrx_word' id='word_1_32' title='bbox 502 1153 568 1224; x_wconf 90' lang='lat' dir='ltr'><strong><em>hoc</em></strong></span> <span class='ocrx_word' id='word_1_33' title='bbox 587 1153 724 1245; x_wconf 90' lang='lat' dir='ltr'><strong><em>poterit,</em></strong></span> <span class='ocrx_word' id='word_1_34' title='bbox 747 1152 826 1247; x_wconf 93' lang='lat' dir='ltr'><strong><em>pius</em></strong></span> <span class='ocrx_word' id='word_1_35' title='bbox 848 1175 889 1226; x_wconf 91' lang='lat' dir='ltr'><strong><em>ac</em></strong></span> <span class='ocrx_word' id='word_1_36' title='bbox 910 1139 1049 1227; x_wconf 86' lang='lat' dir='ltr'><strong><em>sobrius</em></strong></span> <span class='ocrx_word' id='word_1_37' title='bbox 1069 1178 1138 1227; x_wconf 90' lang='lat' dir='ltr'><strong><em>nou</em></strong></span> <span class='ocrx_word' id='word_1_38' title='bbox 1162 1168 1260 1250; x_wconf 86' lang='lat' dir='ltr'><strong><em>pote-</em></strong></span> 
     </span>
     <span class='ocr_line' id='line_1_6' title="bbox 175 1276 1171 1371; baseline 0.004 -26"><span class='ocrx_word' id='word_1_39' title='bbox 175 1276 241 1347; x_wconf 87' lang='lat' dir='ltr'><strong><em>rit‘?</em></strong></span> <span class='ocrx_word' id='word_1_40' title='bbox 262 1278 335 1350; x_wconf 89' lang='lat' dir='ltr'><strong><em>lmo</em></strong></span> <span class='ocrx_word' id='word_1_41' title='bbox 354 1299 440 1350; x_wconf 90' lang='lat' dir='ltr'><strong><em>vero</em></strong></span> <span class='ocrx_word' id='word_1_42' title='bbox 461 1279 569 1347; x_wconf 90' lang='lat' dir='ltr'><strong><em>multo</em></strong></span> <span class='ocrx_word' id='word_1_43' title='bbox 589 1276 737 1370; x_wconf 90' lang='lat' dir='ltr'><strong><em>amplius</em></strong></span> <span class='ocrx_word' id='word_1_44' title='bbox 757 1278 879 1351; x_wconf 91' lang='lat' dir='ltr'><strong><em>eodem</em></strong></span> <span class='ocrx_word' id='word_1_45' title='bbox 900 1289 1002 1371; x_wconf 89' lang='lat' dir='ltr'><strong><em>poeta</em></strong></span> <span class='ocrx_word' id='word_1_46' title='bbox 1021 1279 1171 1351; x_wconf 86' lang='lat' dir='ltr'><strong><em>dicente:</em></strong></span> 
     </span>
    </p>
   </div>
   <div class='ocr_carea' id='block_1_3' title="bbox 329 1450 1195 1927">
    <p class='ocr_par' dir='ltr' id='par_1_3' title="bbox 335 1450 1084 1530">
     <span class='ocr_line' id='line_1_7' title="bbox 335 1450 1084 1530; baseline 0.004 -18"><span class='ocrx_word' id='word_1_47' title='bbox 335 1450 413 1513; x_wconf 81' lang='lat' dir='ltr'><strong><em>Ante</em></strong></span> <span class='ocrx_word' id='word_1_48' title='bbox 434 1450 518 1513; x_wconf 89' lang='lat' dir='ltr'><strong><em>leves</em></strong></span> <span class='ocrx_word' id='word_1_49' title='bbox 536 1466 609 1529; x_wconf 78' lang='lat' dir='ltr'><strong><em>ergo</em></strong></span> <span class='ocrx_word' id='word_1_50' title='bbox 626 1457 788 1530; x_wconf 83' lang='lat' dir='ltr'><strong><em>pascentur</em></strong></span> <span class='ocrx_word' id='word_1_51' title='bbox 805 1452 837 1514; x_wconf 91' lang='lat' dir='ltr'><strong><em>iu</em></strong></span> <span class='ocrx_word' id='word_1_52' title='bbox 853 1453 966 1516; x_wconf 87' lang='lat' dir='ltr'><strong><em>aethere</em></strong></span> <span class='ocrx_word' id='word_1_53' title='bbox 982 1453 1084 1529; x_wconf 85' lang='lat' dir='ltr'><strong><em>cerri,</em></strong></span> 
     </span>
    </p>

    <p class='ocr_par' dir='ltr' id='par_1_4' title="bbox 335 1549 1045 1632">
     <span class='ocr_line' id='line_1_8' title="bbox 335 1549 1045 1632; baseline 0.004 -19"><span class='ocrx_word' id='word_1_54' title='bbox 335 1549 373 1613; x_wconf 85' lang='lat' dir='ltr'><strong><em>Et</em></strong></span> <span class='ocrx_word' id='word_1_55' title='bbox 388 1550 465 1612; x_wconf 89' lang='lat' dir='ltr'><strong><em>lrcta</em></strong></span> <span class='ocrx_word' id='word_1_56' title='bbox 481 1551 643 1615; x_wconf 89' lang='lat' dir='ltr'><strong><em>destituent</em></strong></span> <span class='ocrx_word' id='word_1_57' title='bbox 656 1553 754 1616; x_wconf 89' lang='lat' dir='ltr'><strong><em>nudos</em></strong></span> <span class='ocrx_word' id='word_1_58' title='bbox 770 1551 801 1614; x_wconf 90' lang='lat' dir='ltr'><strong><em>iu</em></strong></span> <span class='ocrx_word' id='word_1_59' title='bbox 822 1551 911 1614; x_wconf 83' lang='lat' dir='ltr'><strong><em>litore</em></strong></span> <span class='ocrx_word' id='word_1_60' title='bbox 928 1552 1026 1632; x_wconf 90' lang='lat' dir='ltr'><strong><em>pisces</em></strong></span> <span class='ocrx_word' id='word_1_61' title='bbox 1035 1576 1045 1630; x_wconf 90' lang='lat'>;</span> 
     </span>
    </p>

    <p class='ocr_par' dir='ltr' id='par_1_5' title="bbox 337 1646 1039 1730">
     <span class='ocr_line' id='line_1_9' title="bbox 337 1646 1039 1730; baseline 0.009 -22"><span class='ocrx_word' id='word_1_62' title='bbox 337 1646 430 1723; x_wconf 79' lang='lat' dir='ltr'><strong><em>Ante,</em></strong></span> <span class='ocrx_word' id='word_1_63' title='bbox 447 1648 612 1728; x_wconf 89' lang='lat' dir='ltr'><strong><em>pererratis</em></strong></span> <span class='ocrx_word' id='word_1_64' title='bbox 628 1650 792 1713; x_wconf 89' lang='lat' dir='ltr'><strong><em>amborum</em></strong></span> <span class='ocrx_word' id='word_1_65' title='bbox 807 1651 934 1729; x_wconf 84' lang='lat' dir='ltr'><strong><em>finibus,</em></strong></span> <span class='ocrx_word' id='word_1_66' title='bbox 953 1652 1039 1730; x_wconf 80' lang='lat' dir='ltr'><strong><em>exul,</em></strong></span> 
     </span>
    </p>

    <p class='ocr_par' dir='ltr' id='par_1_6' title="bbox 329 1742 1195 1927">
     <span class='ocr_line' id='line_1_10' title="bbox 339 1742 1195 1828; baseline 0.006 -20"><span class='ocrx_word' id='word_1_67' title='bbox 339 1742 400 1808; x_wconf 79' lang='lat' dir='ltr'><strong><em>Aut</em></strong></span> <span class='ocrx_word' id='word_1_68' title='bbox 416 1744 538 1808; x_wconf 78' lang='lat' dir='ltr'><strong>Ararim</strong></span> <span class='ocrx_word' id='word_1_69' title='bbox 555 1746 682 1827; x_wconf 76' lang='lat' dir='ltr'><strong><em>Parthus</em></strong></span> <span class='ocrx_word' id='word_1_70' title='bbox 701 1748 797 1826; x_wconf 84' lang='lat' dir='ltr'><strong><em>bibet,</em></strong></span> <span class='ocrx_word' id='word_1_71' title='bbox 814 1755 868 1811; x_wconf 93' lang='lat' dir='ltr'><strong><em>aut</em></strong></span> <span class='ocrx_word' id='word_1_72' title='bbox 884 1747 1043 1812; x_wconf 82' lang='lat' dir='ltr'><strong><em>Germania</em></strong></span> <span class='ocrx_word' id='word_1_73' title='bbox 1061 1748 1195 1828; x_wconf 77' lang='lat' dir='ltr'><strong><em>Tigrim,</em></strong></span> 
     </span>
     <span class='ocr_line' id='line_1_11' title="bbox 329 1843 1081 1927; baseline 0.004 -20"><span class='ocrx_word' id='word_1_74' title='bbox 329 1843 438 1917; x_wconf 66' lang='lat' dir='ltr'><strong><em>Quam</em></strong></span> <span class='ocrx_word' id='word_1_75' title='bbox 454 1852 561 1910; x_wconf 91' lang='lat' dir='ltr'><strong><em>nostro</em></strong></span> <span class='ocrx_word' id='word_1_76' title='bbox 579 1845 660 1911; x_wconf 89' lang='lat' dir='ltr'><strong><em>illius</em></strong></span> <span class='ocrx_word' id='word_1_77' title='bbox 675 1846 793 1910; x_wconf 90' lang='lat' dir='ltr'><strong><em>labatur</em></strong></span> <span class='ocrx_word' id='word_1_78' title='bbox 809 1854 932 1927; x_wconf 88' lang='lat' dir='ltr'><strong><em>pectore</em></strong></span> <span class='ocrx_word' id='word_1_79' title='bbox 950 1846 1063 1912; x_wconf 85' lang='lat' dir='ltr'><strong><em>vultus.</em></strong></span> <span class='ocrx_word' id='word_1_80' title='bbox 1079 1877 1081 1882; x_wconf 85' lang='lat'><em>.</em></span> 
     </span>
    </p>
   </div>
   <div class='ocr_carea' id='block_1_4' title="bbox 178 2023 1267 3464">
    <p class='ocr_par' dir='ltr' id='par_1_7' title="bbox 178 2023 1267 3464">
     <span class='ocr_line' id='line_1_12' title="bbox 178 2023 1261 2118; baseline 0.004 -24"><span class='ocrx_word' id='word_1_81' title='bbox 178 2023 309 2095; x_wconf 86' lang='lat' dir='ltr'><strong><em>Laelius</em></strong></span> <span class='ocrx_word' id='word_1_82' title='bbox 329 2023 406 2117; x_wconf 88' lang='lat' dir='ltr'><strong><em>ipse</em></strong></span> <span class='ocrx_word' id='word_1_83' title='bbox 426 2024 470 2096; x_wconf 91' lang='lat' dir='ltr'><strong><em>de</em></strong></span> <span class='ocrx_word' id='word_1_84' title='bbox 495 2024 707 2096; x_wconf 89' lang='lat' dir='ltr'><strong><em>amicissimo</em></strong></span> <span class='ocrx_word' id='word_1_85' title='bbox 731 2023 809 2095; x_wconf 89' lang='lat' dir='ltr'><strong><em>viro</em></strong></span> <span class='ocrx_word' id='word_1_86' title='bbox 833 2026 994 2117; x_wconf 89' lang='lat' dir='ltr'><strong><em>loquens,</em></strong></span> <span class='ocrx_word' id='word_1_87' title='bbox 1021 2024 1103 2097; x_wconf 83' lang='lat' dir='ltr'><strong><em>vide</em></strong></span> <span class='ocrx_word' id='word_1_88' title='bbox 1132 2025 1261 2118; x_wconf 88' lang='lat' dir='ltr'><strong><em>quihus</em></strong></span> 
     </span>
     <span class='ocr_line' id='line_1_13' title="bbox 180 2146 1262 2239; baseline 0.003 -23"><span class='ocrx_word' id='word_1_89' title='bbox 180 2146 298 2218; x_wconf 91' lang='lat' dir='ltr'><strong><em>verbis</em></strong></span> <span class='ocrx_word' id='word_1_90' title='bbox 325 2157 459 2219; x_wconf 88' lang='lat' dir='ltr'><strong><em>utatur:</em></strong></span> <span class='ocrx_word' id='word_1_91' title='bbox 483 2146 656 2231; x_wconf 80' lang='lat' dir='ltr'><strong><em>Virtutem,</em></strong></span> <span class='ocrx_word' id='word_1_92' title='bbox 681 2146 804 2239; x_wconf 91' lang='lat' dir='ltr'><strong><em>inquit,</em></strong></span> <span class='ocrx_word' id='word_1_93' title='bbox 831 2147 922 2216; x_wconf 82' lang='lat' dir='ltr'><strong><em>itlius</em></strong></span> <span class='ocrx_word' id='word_1_94' title='bbox 945 2148 1015 2217; x_wconf 81' lang='lat' dir='ltr'><strong><em>uiri</em></strong></span> <span class='ocrx_word' id='word_1_95' title='bbox 1037 2151 1164 2232; x_wconf 81' lang='lat' dir='ltr'><strong><em>amnui,</em></strong></span> <span class='ocrx_word' id='word_1_96' title='bbox 1189 2171 1262 2239; x_wconf 84' lang='lat' dir='ltr'><strong><em>que</em></strong></span> 
     </span>
     <span class='ocr_line' id='line_1_14' title="bbox 179 2267 1263 2363; baseline 0.002 -25"><span class='ocrx_word' id='word_1_97' title='bbox 179 2271 330 2339; x_wconf 82' lang='lat' dir='ltr'><strong><em>emtiuctu</em></strong></span> <span class='ocrx_word' id='word_1_98' title='bbox 342 2292 409 2340; x_wconf 83' lang='lat' dir='ltr'><strong><em>uon</em></strong></span> <span class='ocrx_word' id='word_1_99' title='bbox 431 2279 487 2340; x_wconf 90' lang='lat' dir='ltr'><strong><em>est.</em></strong></span> <span class='ocrx_word' id='word_1_100' title='bbox 510 2270 561 2340; x_wconf 88' lang='lat' dir='ltr'><strong><em>Tu</em></strong></span> <span class='ocrx_word' id='word_1_101' title='bbox 581 2290 689 2363; x_wconf 87' lang='lat' dir='ltr'><strong><em>quare</em></strong></span> <span class='ocrx_word' id='word_1_102' title='bbox 702 2290 772 2341; x_wconf 92' lang='lat' dir='ltr'><strong><em>non</em></strong></span> <span class='ocrx_word' id='word_1_103' title='bbox 785 2268 890 2340; x_wconf 90' lang='lat' dir='ltr'><strong><em>dicis:</em></strong></span> <span class='ocrx_word' id='word_1_104' title='bbox 908 2267 1074 2341; x_wconf 84' lang='lat' dir='ltr'><strong><em>virtutem</em></strong></span> <span class='ocrx_word' id='word_1_105' title='bbox 1093 2269 1184 2340; x_wconf 90' lang='lat' dir='ltr'><strong><em>illius</em></strong></span> <span class='ocrx_word' id='word_1_106' title='bbox 1202 2279 1263 2341; x_wconf 90' lang='lat' dir='ltr'><strong><em>aut</em></strong></span> 
     </span>
     <span class='ocr_line' id='line_1_15' title="bbox 180 2389 1261 2481; baseline 0.001 -22"><span class='ocrx_word' id='word_1_107' title='bbox 180 2391 316 2462; x_wconf 91' lang='lat' dir='ltr'><strong><em>illorum</em></strong></span> <span class='ocrx_word' id='word_1_108' title='bbox 337 2411 428 2474; x_wconf 88' lang='lat' dir='ltr'><strong><em>amo,</em></strong></span> <span class='ocrx_word' id='word_1_109' title='bbox 451 2409 531 2481; x_wconf 87' lang='lat' dir='ltr'><strong><em>quae</em></strong></span> <span class='ocrx_word' id='word_1_110' title='bbox 551 2389 680 2461; x_wconf 90' lang='lat' dir='ltr'><strong><em>absens</em></strong></span> <span class='ocrx_word' id='word_1_111' title='bbox 700 2400 761 2461; x_wconf 90' lang='lat' dir='ltr'><strong><em>aut</em></strong></span> <span class='ocrx_word' id='word_1_112' title='bbox 784 2390 974 2481; x_wconf 78' lang='lat' dir='ltr'><strong><em>longinqua</em></strong></span> <span class='ocrx_word' id='word_1_113' title='bbox 1000 2411 1069 2461; x_wconf 92' lang='lat' dir='ltr'><strong><em>nou</em></strong></span> <span class='ocrx_word' id='word_1_114' title='bbox 1095 2398 1170 2473; x_wconf 90' lang='lat' dir='ltr'><strong><em>est,</em></strong></span> <span class='ocrx_word' id='word_1_115' title='bbox 1198 2389 1261 2460; x_wconf 89' lang='lat' dir='ltr'><strong><em>sed</em></strong></span> 
     </span>
     <span class='ocr_line' id='line_1_16' title="bbox 180 2511 1259 2605; baseline -0.003 -21"><span class='ocrx_word' id='word_1_116' title='bbox 180 2523 260 2585; x_wconf 87' lang='lat' dir='ltr'><strong><em>aute</em></strong></span> <span class='ocrx_word' id='word_1_117' title='bbox 279 2515 397 2584; x_wconf 90' lang='lat' dir='ltr'><strong><em>oculos</em></strong></span> <span class='ocrx_word' id='word_1_118' title='bbox 418 2532 515 2583; x_wconf 89' lang='lat' dir='ltr'><strong><em>meos</em></strong></span> <span class='ocrx_word' id='word_1_119' title='bbox 536 2511 631 2583; x_wconf 90' lang='lat' dir='ltr'><strong><em>omni</em></strong></span> <span class='ocrx_word' id='word_1_120' title='bbox 651 2522 803 2605; x_wconf 87' lang='lat' dir='ltr'><strong><em>tempore</em></strong></span> <span class='ocrx_word' id='word_1_121' title='bbox 823 2520 998 2596; x_wconf 90' lang='lat' dir='ltr'><strong><em>versatur,</em></strong></span> <span class='ocrx_word' id='word_1_122' title='bbox 1019 2522 1055 2583; x_wconf 88' lang='lat' dir='ltr'><strong><em>et</em></strong></span> <span class='ocrx_word' id='word_1_123' title='bbox 1073 2511 1108 2581; x_wconf 91' lang='lat' dir='ltr'><strong><em>in</em></strong></span> <span class='ocrx_word' id='word_1_124' title='bbox 1127 2511 1259 2581; x_wconf 88' lang='lat' dir='ltr'><strong><em>honore</em></strong></span> 
     </span>
     <span class='ocr_line' id='line_1_17' title="bbox 182 2632 1256 2736; baseline -0.001 -32"><span class='ocrx_word' id='word_1_125' title='bbox 182 2655 322 2726; x_wconf 87' lang='lat' dir='ltr'><strong><em>semper</em></strong></span> <span class='ocrx_word' id='word_1_126' title='bbox 341 2634 407 2712; x_wconf 88' lang='lat' dir='ltr'><strong><em>erit</em></strong></span> <span class='ocrx_word' id='word_1_127' title='bbox 433 2635 526 2727; x_wconf 91' lang='lat' dir='ltr'><strong><em>apud</em></strong></span> <span class='ocrx_word' id='word_1_128' title='bbox 551 2637 632 2705; x_wconf 87' lang='lat' dir='ltr'><strong><em>me‘?</em></strong></span> <span class='ocrx_word' id='word_1_129' title='bbox 650 2634 696 2706; x_wconf 85' lang='lat' dir='ltr'><strong><em>At</em></strong></span> <span class='ocrx_word' id='word_1_130' title='bbox 721 2634 1013 2706; x_wconf 88' lang='lat' dir='ltr'><strong><em>iucundissimum</em></strong></span> <span class='ocrx_word' id='word_1_131' title='bbox 1026 2641 1099 2736; x_wconf 79' lang='lat' dir='ltr'><strong><em>est,</em></strong></span> <span class='ocrx_word' id='word_1_132' title='bbox 1125 2632 1256 2704; x_wconf 89' lang='lat' dir='ltr'><strong><em>amicos</em></strong></span> 
     </span>
     <span class='ocr_line' id='line_1_18' title="bbox 181 2755 1261 2849; baseline 0.001 -24"><span class='ocrx_word' id='word_1_133' title='bbox 181 2767 373 2848; x_wconf 80' lang='lat' dir='ltr'><strong><em>praesentes</em></strong></span> <span class='ocrx_word' id='word_1_134' title='bbox 394 2755 538 2841; x_wconf 88' lang='lat' dir='ltr'><strong><em>habere,</em></strong></span> <span class='ocrx_word' id='word_1_135' title='bbox 561 2756 685 2828; x_wconf 90' lang='lat' dir='ltr'><strong><em>intueri</em></strong></span> <span class='ocrx_word' id='word_1_136' title='bbox 710 2759 859 2828; x_wconf 89' lang='lat' dir='ltr'><strong><em>irontem</em></strong></span> <span class='ocrx_word' id='word_1_137' title='bbox 880 2767 984 2849; x_wconf 87' lang='lat' dir='ltr'><strong><em>atque</em></strong></span> <span class='ocrx_word' id='word_1_138' title='bbox 1003 2757 1141 2838; x_wconf 89' lang='lat' dir='ltr'><strong><em>oculos,</em></strong></span> <span class='ocrx_word' id='word_1_139' title='bbox 1167 2755 1261 2826; x_wconf 89' lang='lat' dir='ltr'><strong><em>vivis</em></strong></span> 
     </span>
     <span class='ocr_line' id='line_1_19' title="bbox 181 2876 1263 2974; baseline -0.004 -22"><span class='ocrx_word' id='word_1_140' title='bbox 181 2900 242 2952; x_wconf 89' lang='lat' dir='ltr'><strong><em>eos</em></strong></span> <span class='ocrx_word' id='word_1_141' title='bbox 264 2878 410 2951; x_wconf 91' lang='lat' dir='ltr'><strong><em>vocibus</em></strong></span> <span class='ocrx_word' id='word_1_142' title='bbox 431 2878 574 2974; x_wconf 88' lang='lat' dir='ltr'><strong><em>alloqui,</em></strong></span> <span class='ocrx_word' id='word_1_143' title='bbox 597 2891 631 2950; x_wconf 91' lang='lat' dir='ltr'><strong><em>et</em></strong></span> <span class='ocrx_word' id='word_1_144' title='bbox 650 2880 917 2973; x_wconf 84' lang='lat' dir='ltr'><strong><em>colloquentium</em></strong></span> <span class='ocrx_word' id='word_1_145' title='bbox 943 2879 1092 2952; x_wconf 88' lang='lat' dir='ltr'><strong><em>admotis</em></strong></span> <span class='ocrx_word' id='word_1_146' title='bbox 1117 2876 1263 2950; x_wconf 88' lang='lat' dir='ltr'><strong><em>auribus</em></strong></span> 
     </span>
     <span class='ocr_line' id='line_1_20' title="bbox 183 2994 1262 3097; baseline 0 -26"><span class='ocrx_word' id='word_1_147' title='bbox 183 3003 289 3076; x_wconf 90' lang='lat' dir='ltr'><strong><em>verba</em></strong></span> <span class='ocrx_word' id='word_1_148' title='bbox 316 3002 504 3097; x_wconf 84' lang='lat' dir='ltr'><strong><em>percipere.</em></strong></span> <span class='ocrx_word' id='word_1_149' title='bbox 529 2994 650 3096; x_wconf 88' lang='lat' dir='ltr'><strong><em>Neque</em></strong></span> <span class='ocrx_word' id='word_1_150' title='bbox 676 3004 780 3088; x_wconf 90' lang='lat' dir='ltr'><strong><em>euim,</em></strong></span> <span class='ocrx_word' id='word_1_151' title='bbox 803 3001 886 3096; x_wconf 92' lang='lat' dir='ltr'><strong><em>quia</em></strong></span> <span class='ocrx_word' id='word_1_152' title='bbox 908 3002 945 3072; x_wconf 94' lang='lat' dir='ltr'><strong><em>iu</em></strong></span> <span class='ocrx_word' id='word_1_153' title='bbox 971 3003 1100 3073; x_wconf 87' lang='lat' dir='ltr'><strong><em>haere</em></strong></span> <span class='ocrx_word' id='word_1_154' title='bbox 1119 2999 1262 3094; x_wconf 89' lang='lat' dir='ltr'><strong><em>poeticis</em></strong></span> 
     </span>
     <span class='ocr_line' id='line_1_21' title="bbox 186 3122 1267 3219; baseline -0.004 -23"><span class='ocrx_word' id='word_1_155' title='bbox 186 3127 390 3198; x_wconf 87' lang='lat' dir='ltr'><strong><em>testimoniis</em></strong></span> <span class='ocrx_word' id='word_1_156' title='bbox 412 3127 462 3198; x_wconf 93' lang='lat' dir='ltr'><strong><em>uti</em></strong></span> <span class='ocrx_word' id='word_1_157' title='bbox 483 3139 596 3212; x_wconf 87' lang='lat' dir='ltr'><strong><em>vacat,</em></strong></span> <span class='ocrx_word' id='word_1_158' title='bbox 621 3126 696 3198; x_wconf 90' lang='lat' dir='ltr'><strong><em>sine</em></strong></span> <span class='ocrx_word' id='word_1_159' title='bbox 716 3126 866 3219; x_wconf 92' lang='lat' dir='ltr'><strong><em>quadam</em></strong></span> <span class='ocrx_word' id='word_1_160' title='bbox 892 3123 998 3197; x_wconf 91' lang='lat' dir='ltr'><strong><em>animi</em></strong></span> <span class='ocrx_word' id='word_1_161' title='bbox 1019 3122 1206 3195; x_wconf 91' lang='lat' dir='ltr'><strong><em>dulcedine</em></strong></span> <span class='ocrx_word' id='word_1_162' title='bbox 1217 3123 1267 3192; x_wconf 90' lang='lat' dir='ltr'><strong><em>le·</em></strong></span> 
     </span>
     <span class='ocr_line' id='line_1_22' title="bbox 184 3244 1264 3336; baseline 0.001 -23"><span class='ocrx_word' id='word_1_163' title='bbox 184 3247 308 3336; x_wconf 74' lang='lat' dir='ltr'><strong><em>gimus</em></strong></span> <span class='ocrx_word' id='word_1_164' title='bbox 323 3246 501 3321; x_wconf 84' lang='lat' dir='ltr'><strong><em>Anchisen</em></strong></span> <span class='ocrx_word' id='word_1_165' title='bbox 523 3249 584 3320; x_wconf 86' lang='lat' dir='ltr'><strong><em>filii</em></strong></span> <span class='ocrx_word' id='word_1_166' title='bbox 604 3271 752 3322; x_wconf 86' lang='lat' dir='ltr'><strong><em>occursu</em></strong></span> <span class='ocrx_word' id='word_1_167' title='bbox 774 3251 939 3332; x_wconf 88' lang='lat' dir='ltr'><strong><em>alacrem,</em></strong></span> <span class='ocrx_word' id='word_1_168' title='bbox 955 3244 1065 3318; x_wconf 90' lang='lat' dir='ltr'><strong><em>tensis</em></strong></span> <span class='ocrx_word' id='word_1_169' title='bbox 1080 3244 1126 3317; x_wconf 91' lang='lat' dir='ltr'><strong><em>ad</em></strong></span> <span class='ocrx_word' id='word_1_170' title='bbox 1138 3246 1264 3316; x_wconf 88' lang='lat' dir='ltr'><strong><em>coelum</em></strong></span> 
     </span>
     <span class='ocr_line' id='line_1_23' title="bbox 184 3369 871 3464; baseline 0.004 -26"><span class='ocrx_word' id='word_1_171' title='bbox 184 3369 308 3463; x_wconf 91' lang='lat' dir='ltr'><strong><em>palmis</em></strong></span> <span class='ocrx_word' id='word_1_172' title='bbox 328 3381 363 3441; x_wconf 90' lang='lat' dir='ltr'><strong><em>et</em></strong></span> <span class='ocrx_word' id='word_1_173' title='bbox 383 3371 536 3464; x_wconf 79' lang='lat' dir='ltr'><strong><em>profusis</em></strong></span> <span class='ocrx_word' id='word_1_174' title='bbox 557 3374 719 3455; x_wconf 89' lang='lat' dir='ltr'><strong><em>lacrimis,</em></strong></span> <span class='ocrx_word' id='word_1_175' title='bbox 741 3371 871 3444; x_wconf 85' lang='lat' dir='ltr'><strong><em>dicere:</em></strong></span> 
     </span>
    </p>
   </div>
   <div class='ocr_carea' id='block_1_5' title="bbox 349 3567 1115 3742">
    <p class='ocr_par' dir='ltr' id='par_1_8' title="bbox 349 3567 1115 3742">
     <span class='ocr_line' id='line_1_24' title="bbox 703 3567 983 3643; baseline -0.007 -13"><span class='ocrx_word' id='word_1_176' title='bbox 703 3567 798 3630; x_wconf 89' lang='lat' dir='ltr'><strong><em>Datur</em></strong></span> <span class='ocrx_word' id='word_1_177' title='bbox 816 3584 870 3631; x_wconf 92' lang='lat' dir='ltr'><strong><em>ora</em></strong></span> <span class='ocrx_word' id='word_1_178' title='bbox 888 3567 983 3643; x_wconf 85' lang='lat' dir='ltr'><strong><em>tueri,</em></strong></span> 
     </span>
     <span class='ocr_line' id='line_1_25' title="bbox 349 3665 1115 3742; baseline 0 -14"><span class='ocrx_word' id='word_1_179' title='bbox 349 3665 436 3742; x_wconf 88' lang='lat' dir='ltr'><strong><em>Nate,</em></strong></span> <span class='ocrx_word' id='word_1_180' title='bbox 456 3672 523 3742; x_wconf 87' lang='lat' dir='ltr'><strong><em>tua;</em></strong></span> <span class='ocrx_word' id='word_1_181' title='bbox 541 3672 571 3728; x_wconf 89' lang='lat' dir='ltr'><strong><em>et</em></strong></span> <span class='ocrx_word' id='word_1_182' title='bbox 592 3671 677 3729; x_wconf 90' lang='lat' dir='ltr'><strong><em>notas</em></strong></span> <span class='ocrx_word' id='word_1_183' title='bbox 694 3666 801 3730; x_wconf 91' lang='lat' dir='ltr'><strong><em>audire</em></strong></span> <span class='ocrx_word' id='word_1_184' title='bbox 818 3682 852 3730; x_wconf 90' lang='lat' dir='ltr'><strong><em>ac</em></strong></span> <span class='ocrx_word' id='word_1_185' title='bbox 869 3667 996 3730; x_wconf 83' lang='lat' dir='ltr'><strong><em>reddere</em></strong></span> <span class='ocrx_word' id='word_1_186' title='bbox 1013 3680 1115 3728; x_wconf 85' lang='lat' dir='ltr'><strong><em>voces.</em></strong></span> 
     </span>
    </p>
   </div>
   <div class='ocr_carea' id='block_1_6' title="bbox 184 3857 1272 4563">
    <p class='ocr_par' dir='ltr' id='par_1_9' title="bbox 184 3857 1272 4563">
     <span class='ocr_line' id='line_1_26' title="bbox 184 3857 1268 3954; baseline -0.002 -22"><span class='ocrx_word' id='word_1_187' title='bbox 184 3863 254 3934; x_wconf 92' lang='lat' dir='ltr'><strong><em>Nec</em></strong></span> <span class='ocrx_word' id='word_1_188' title='bbox 270 3883 336 3953; x_wconf 78' lang='lat' dir='ltr'><strong><em>ogo</em></strong></span> <span class='ocrx_word' id='word_1_189' title='bbox 349 3860 491 3954; x_wconf 89' lang='lat' dir='ltr'><strong><em>quidem</em></strong></span> <span class='ocrx_word' id='word_1_190' title='bbox 506 3859 681 3946; x_wconf 89' lang='lat' dir='ltr'><strong><em>adversor,</em></strong></span> <span class='ocrx_word' id='word_1_191' title='bbox 697 3860 935 3932; x_wconf 87' lang='lat' dir='ltr'><strong><em>dulcissimam</em></strong></span> <span class='ocrx_word' id='word_1_192' title='bbox 949 3881 1029 3932; x_wconf 89' lang='lat' dir='ltr'><strong><em>esse</em></strong></span> <span class='ocrx_word' id='word_1_193' title='bbox 1046 3857 1268 3952; x_wconf 85' lang='lat' dir='ltr'><strong><em>praeseutiam</em></strong></span> 
     </span>
     <span class='ocr_line' id='line_1_27' title="bbox 186 3981 1269 4077; baseline -0.003 -22"><span class='ocrx_word' id='word_1_194' title='bbox 186 3985 389 4056; x_wconf 88' lang='lat' dir='ltr'><strong><em>amicorum:</em></strong></span> <span class='ocrx_word' id='word_1_195' title='bbox 417 3983 496 4077; x_wconf 93' lang='lat' dir='ltr'><strong><em>quis</em></strong></span> <span class='ocrx_word' id='word_1_196' title='bbox 521 3982 612 4053; x_wconf 91' lang='lat' dir='ltr'><strong><em>enim</em></strong></span> <span class='ocrx_word' id='word_1_197' title='bbox 638 3983 705 4053; x_wconf 92' lang='lat' dir='ltr'><strong><em>hoc</em></strong></span> <span class='ocrx_word' id='word_1_198' title='bbox 730 3983 926 4074; x_wconf 82' lang='lat' dir='ltr'><strong><em>negaverit,</em></strong></span> <span class='ocrx_word' id='word_1_199' title='bbox 954 3981 1022 4053; x_wconf 91' lang='lat' dir='ltr'><strong><em>nisi</em></strong></span> <span class='ocrx_word' id='word_1_200' title='bbox 1054 3981 1269 4052; x_wconf 88' lang='lat' dir='ltr'><strong><em>inhumanus</em></strong></span> 
     </span>
     <span class='ocr_line' id='line_1_28' title="bbox 187 4102 1272 4198; baseline -0.001 -25"><span class='ocrx_word' id='word_1_201' title='bbox 187 4106 275 4176; x_wconf 92' lang='lat' dir='ltr'><strong><em>idem</em></strong></span> <span class='ocrx_word' id='word_1_202' title='bbox 291 4129 331 4178; x_wconf 90' lang='lat' dir='ltr'><strong><em>ao</em></strong></span> <span class='ocrx_word' id='word_1_203' title='bbox 343 4109 461 4178; x_wconf 79' lang='lat' dir='ltr'><strong><em>ierus?</em></strong></span> <span class='ocrx_word' id='word_1_204' title='bbox 478 4105 546 4177; x_wconf 91' lang='lat' dir='ltr'><strong><em>Sed</em></strong></span> <span class='ocrx_word' id='word_1_205' title='bbox 564 4127 627 4176; x_wconf 89' lang='lat' dir='ltr'><strong><em>uec</em></strong></span> <span class='ocrx_word' id='word_1_206' title='bbox 645 4114 682 4175; x_wconf 90' lang='lat' dir='ltr'><strong><em>tu</em></strong></span> <span class='ocrx_word' id='word_1_207' title='bbox 700 4104 783 4175; x_wconf 90' lang='lat' dir='ltr'><strong><em>mihi</em></strong></span> <span class='ocrx_word' id='word_1_208' title='bbox 801 4102 957 4198; x_wconf 80' lang='lat' dir='ltr'><strong><em>negabis,</em></strong></span> <span class='ocrx_word' id='word_1_209' title='bbox 977 4103 1272 4194; x_wconf 73' lang='lat' dir='ltr'><strong><em>absentiumque</em></strong></span> 
     </span>
     <span class='ocr_line' id='line_1_29' title="bbox 188 4222 1272 4321; baseline -0.004 -26"><span class='ocrx_word' id='word_1_210' title='bbox 188 4249 255 4315; x_wconf 92' lang='lat' dir='ltr'><strong><em>que</em></strong></span> <span class='ocrx_word' id='word_1_211' title='bbox 275 4251 358 4300; x_wconf 91' lang='lat' dir='ltr'><strong><em>suas</em></strong></span> <span class='ocrx_word' id='word_1_212' title='bbox 379 4229 509 4301; x_wconf 90' lang='lat' dir='ltr'><strong><em>habere</em></strong></span> <span class='ocrx_word' id='word_1_213' title='bbox 529 4231 742 4321; x_wconf 78' lang='lat' dir='ltr'><strong><em>voluptateS,</em></strong></span> <span class='ocrx_word' id='word_1_214' title='bbox 770 4227 839 4300; x_wconf 91' lang='lat' dir='ltr'><strong><em>nisi</em></strong></span> <span class='ocrx_word' id='word_1_215' title='bbox 866 4239 971 4300; x_wconf 87' lang='lat' dir='ltr'><strong><em>totam</em></strong></span> <span class='ocrx_word' id='word_1_216' title='bbox 997 4224 1157 4298; x_wconf 80' lang='lat' dir='ltr'><strong><em>fortassis</em></strong></span> <span class='ocrx_word' id='word_1_217' title='bbox 1183 4222 1272 4295; x_wconf 87' lang='lat' dir='ltr'><strong><em>umi-</em></strong></span> 
     </span>
     <span class='ocr_line' id='line_1_30' title="bbox 187 4345 1270 4442; baseline 0.001 -28"><span class='ocrx_word' id='word_1_218' title='bbox 187 4345 277 4415; x_wconf 86' lang='lat' dir='ltr'><strong><em>citiae</em></strong></span> <span class='ocrx_word' id='word_1_219' title='bbox 305 4349 608 4439; x_wconf 87' lang='lat' dir='ltr'><strong><em>pulchritudinem,</em></strong></span> <span class='ocrx_word' id='word_1_220' title='bbox 642 4370 725 4441; x_wconf 87' lang='lat' dir='ltr'><strong><em>quae</em></strong></span> <span class='ocrx_word' id='word_1_221' title='bbox 751 4349 918 4422; x_wconf 89' lang='lat' dir='ltr'><strong><em>latissime</em></strong></span> <span class='ocrx_word' id='word_1_222' title='bbox 945 4359 1051 4442; x_wconf 90' lang='lat' dir='ltr'><strong><em>patet,</em></strong></span> <span class='ocrx_word' id='word_1_223' title='bbox 1079 4346 1124 4421; x_wconf 93' lang='lat' dir='ltr'><strong><em>ad</em></strong></span> <span class='ocrx_word' id='word_1_224' title='bbox 1149 4346 1270 4418; x_wconf 89' lang='lat' dir='ltr'><strong><em>oculos</em></strong></span> 
     </span>
     <span class='ocr_line' id='line_1_31' title="bbox 189 4467 1268 4563; baseline 0.009 -26"><span class='ocrx_word' id='word_1_225' title='bbox 189 4467 281 4538; x_wconf 86' lang='lat' dir='ltr'><strong><em>solos</em></strong></span> <span class='ocrx_word' id='word_1_226' title='bbox 301 4469 557 4562; x_wconf 81' lang='lat' dir='ltr'><strong><em>restringimus,</em></strong></span> <span class='ocrx_word' id='word_1_227' title='bbox 580 4479 616 4542; x_wconf 83' lang='lat' dir='ltr'><strong><em>et</em></strong></span> <span class='ocrx_word' id='word_1_228' title='bbox 637 4493 658 4543; x_wconf 99' lang='lat' dir='ltr'><strong><em>a</em></strong></span> <span class='ocrx_word' id='word_1_229' title='bbox 677 4471 762 4545; x_wconf 90' lang='lat' dir='ltr'><strong><em>sede</em></strong></span> <span class='ocrx_word' id='word_1_230' title='bbox 781 4471 871 4556; x_wconf 90' lang='lat' dir='ltr'><strong><em>eius,</em></strong></span> <span class='ocrx_word' id='word_1_231' title='bbox 894 4480 1053 4563; x_wconf 85' lang='lat' dir='ltr'><strong><em>quaeest</em></strong></span> <span class='ocrx_word' id='word_1_232' title='bbox 1074 4469 1110 4542; x_wconf 92' lang='lat' dir='ltr'><strong><em>iu</em></strong></span> <span class='ocrx_word' id='word_1_233' title='bbox 1130 4467 1268 4547; x_wconf 77' lang='lat' dir='ltr'><strong><em>animo,</em></strong></span> 
     </span>
    </p>
   </div>
   <div class='ocr_carea' id='block_1_7' title="bbox 0 0 1369 5024">
    <p class='ocr_par' dir='ltr' id='par_1_10' title="bbox 0 0 1369 5024">
     <span class='ocr_line' id='line_1_32' title="bbox 0 0 1369 5024; baseline 0 0"><span class='ocrx_word' id='word_1_234' title='bbox 0 0 1369 5024; x_wconf 95' lang='lat' dir='ltr'><strong><em> </em></strong></span> 
     </span>
    </p>
   </div>
  </div>
 </body>
</html>
