2768 4980
146 575 183 633 a'rt
480 584 521 632 DE
543 583 642 633 BEBUS
664 584 886 634 Fattttttntttt's

148 743 283 822 tempus
301 751 368 802 non
387 739 517 801 tantum
539 728 705 800 mutando
720 729 925 822 corpusculo
942 727 1096 800 mortalis
1108 728 1223 799 honri-

147 855 215 935 nis‚
237 853 299 924 sed
323 844 520 924 evertendis
546 850 701 946 imperiis
721 862 825 943 atque
850 849 996 922 urbibus
1021 852 1090 921 late
1114 861 1218 944 patet.

147 976 246 1048 Ludo
263 987 375 1047 tecum
394 975 446 1069 (ut
462 974 588 1065 vidos).
606 975 756 1067 Magnus
769 975 943 1046 interdum
960 974 1072 1058 dolor,
1091 973 1152 1044 uhi
1170 976 1220 1046 la-

147 1107 262 1169 menta
278 1097 462 1181 defuerint,
481 1096 516 1166 in
534 1098 628 1168 iocos
644 1096 800 1167 vertitur.
821 1098 940 1167 Omnis
957 1096 1097 1188 quidem
1121 1096 1220 1180 dies,

148 1223 266 1305 fateor,
286 1219 416 1312 gradus
434 1229 489 1290 ost
504 1219 551 1292 ad
570 1229 732 1304 mortem,
748 1230 784 1291 et
800 1219 978 1311 vagientes
992 1221 1027 1290 in
1040 1220 1222 1292 cunabulis

149 1345 296 1415 infantes
319 1341 509 1414 crescendo
533 1340 660 1433 pariter
681 1353 874 1414 senescunt.
895 1342 1016 1436 Neque
1040 1353 1156 1414 tamen
1180 1364 1225 1414 ea

149 1479 236 1539 aetas
265 1477 320 1539 est
348 1465 458 1548 mihi,
489 1483 570 1556 quat
600 1468 755 1537 naturale
791 1465 1036 1538 detrimentum
1077 1467 1222 1552 sentiat,

149 1589 277 1681 quippe
310 1608 390 1680 quae
424 1587 575 1659 nondum
609 1589 710 1679 plena
742 1598 806 1659 est.
837 1589 958 1682 ltaque
985 1587 1224 1661 crescentibus

150 1710 265 1780 adhuc
282 1709 381 1779 annis
397 1708 582 1799 provehor,
604 1711 782 1801 multoque
804 1720 840 1780 et
865 1709 1031 1780 membris
1055 1719 1090 1781 et
1108 1709 1224 1781 animo

152 1831 298 1904 validior
314 1831 349 1901 in
366 1829 441 1902 dies
460 1829 519 1903 fio:
537 1830 699 1924 quamvis
716 1853 785 1902 non
815 1831 971 1923 ignorem
991 1831 1076 1925 qnid
1102 1853 1227 1925 seque-

153 1967 217 2027 tur.
235 1954 355 2027 Viator
369 1954 460 2026 enim
478 1976 548 2047 quo
564 1953 667 2025 altius
684 1952 851 2037 ascendit,
877 1975 920 2026 eo
944 1954 1129 2026 descensui
1145 1976 1227 2048 pro-

152 2075 279 2147 ximior
296 2074 345 2159 fit,
363 2086 398 2146 ct
412 2074 456 2169 (si
469 2074 536 2147 dici
548 2079 602 2147 tas
615 2074 723 2169 esset)
737 2074 992 2168 quodammodo
1004 2074 1225 2148 ascendendo

153 2199 343 2271 descendit.
369 2200 465 2274 idom
490 2199 574 2271 mihi
604 2199 737 2272 accidit.
761 2200 900 2271 lnterim
926 2209 1042 2271 tamen
1063 2199 1224 2273 ascendo.

153 2324 240 2408 Qum
258 2347 336 2395 cum
354 2324 401 2394 ita
419 2324 499 2408 sint,
519 2322 678 2394 idoneam
692 2322 770 2394 tacti
787 2323 837 2393 tui
849 2344 990 2394 causam
1003 2325 1091 2395 torte
1107 2332 1144 2395 tu
1163 2344 1228 2395 no-

154 2445 262 2525 vcris;
281 2467 347 2537 ego
364 2468 441 2515 earn
457 2442 725 2537 palpitabundus
743 2444 891 2536 inquiro,
918 2466 983 2517 nec
1007 2447 1156 2520 invenio.
1181 2448 1226 2519 Et

155 2569 221 2639 hoc
237 2590 307 2639 uno
319 2568 372 2637 vel
384 2565 537 2637 maxime
551 2588 668 2637 amare
680 2588 736 2637 me
752 2566 921 2659 intelligo:
933 2570 1028 2662 quod
1040 2570 1227 2642 amantium

156 2710 231 2759 mos
249 2698 303 2757 est
319 2687 438 2780 primis
455 2687 597 2779 quidem
613 2687 861 2760 offensionibus
886 2693 1032 2763 moveri:
1054 2715 1146 2778 mox,
1167 2691 1228 2765 nbi

57 2814 59 2819 ’
156 2811 328 2882 flammam
345 2809 551 2901 extinguere
568 2832 636 2882 non
652 2810 762 2897 datur,
778 2813 823 2884 ad
836 2816 1099 2887 excusationum
1118 2816 1229 2888 medi-

156 2944 312 3006 camenta
332 2935 534 3025 confugere,
557 2944 592 3005 et
610 2934 705 3026 quod
724 2935 838 3007 acrius
863 2938 990 3008 tactum
1014 2937 1143 3025 dolent,
1171 2941 1228 3011 vei

156 3080 372 3150 nequaquam
387 3059 523 3142 sactum,
539 3056 567 3127 si
582 3056 694 3141 liceat,
715 3058 771 3126 vel
790 3056 880 3129 bono
897 3060 1011 3131 animo
1031 3062 1156 3131 sactum
1174 3060 1230 3131 di-

156 3202 245 3249 cere.
264 3181 334 3251 Hoc
351 3179 455 3269 igitur
472 3202 539 3272 ago
556 3180 585 3250 si
602 3201 758 3273 possum,
778 3190 816 3251 ut
832 3179 907 3251 iure
919 3180 1080 3252 desertus
1094 3181 1224 3253 videar.

156 3298 257 3384 Quod
275 3300 404 3369 utinam
422 3301 505 3369 mihi
522 3302 761 3391 persuadeam.
776 3304 820 3373 Et
836 3305 987 3395 proiecto
1004 3302 1078 3375 fieri
1092 3312 1226 3398 posset,

158 3434 196 3494 ιιι
213 3432 250 3493 tu
267 3442 331 3491 nec
343 3422 587 3513 protectionem
601 3445 712 3495 meam
727 3425 894 3517 impedire
906 3427 1071 3513 volueris,
1089 3450 1154 3500 nec
1166 3450 1230 3522 po-

159 3544 267 3618 tueris
285 3542 434 3614 reditum
459 3555 657 3636 expectare;
675 3556 806 3618 etcum
830 3570 888 3619 me
911 3549 956 3621 ab
981 3552 1143 3644 amplexu
1169 3561 1230 3626 tuo

159 3670 392 3741 lacrimantem
410 3667 616 3754 dimitteres,
635 3690 764 3740 novam
777 3670 862 3742 mihi
875 3673 1034 3764 gemendi
1052 3676 1230 3747 materiam

159 3793 331 3866 inculcare
351 3786 513 3864 nolueris.
539 3793 668 3863 Vellem
694 3793 928 3867 inclementior
950 3796 1094 3881 tuisses3
1119 3797 1250 3890 pietas.

160 3918 249 3986 onim
269 3929 327 3989 tua
344 3917 379 3986 in
396 3916 604 3987 contrarium
622 3936 727 3987 versa
742 3927 806 3987 est.
826 3918 1046 4011 inexpectato
1063 3920 1110 3990 nil
1130 3921 1231 3993 hoste

162 4042 352 4124 nocentius,
367 4051 401 4111 ct
414 4040 656 4132 intempestiva
671 4039 836 4133 quaelibet
852 4041 1014 4132 graviora
1027 4053 1117 4113 sunt.
1132 4044 1232 4116 Unde

163 4154 191 4224 si
210 4156 341 4250 absque
359 4161 496 4234 dotibus
515 4184 680 4234 essenon
698 4172 865 4254 poteram,
881 4165 1005 4235 melius
1019 4174 1100 4236 tunc
1112 4163 1232 4237 flevis-

165 4304 252 4352 sem:
272 4287 433 4374 quoniam
450 4299 573 4361 natura
598 4288 663 4360 hoc
687 4288 806 4373 habet,
834 4299 872 4359 ut
896 4289 1095 4361 abeuntium
1116 4291 1231 4382 potins

164 4428 267 4499 quam
287 4407 503 4482 redeuntium
517 4413 659 4484 comites
677 4413 835 4486 lacrimas
852 4412 1046 4487 videamus.
1068 4414 1132 4498 Tu,
1151 4437 1231 4507 pre=
