2692 5024
393 678 483 726 urnuo
504 677 882 731 summus-murone
905 686 944 732 ru.
1145 674 1201 736 eoi

131 821 191 892 tibi
215 822 350 912 placere
375 819 599 903 delectabiie;
629 834 826 919 contraque,
855 848 977 921 preces
1003 836 1081 900 tuas
1108 813 1207 925 sper-

128 965 220 1028 nere,
242 942 384 1029 durum,
406 945 497 1016 iiiius
514 946 609 1018 iussa
633 950 821 1042 negligere,
845 951 1064 1043 sa'criiegnm.
1084 953 1206 1026 Totum

127 1070 162 1139 in
185 1068 252 1139 hoc
273 1065 435 1154 vertitur,
457 1093 561 1162 quam
584 1069 666 1141 mibi
691 1072 725 1141 in
741 1072 809 1144 iilis
826 1094 914 1166 quos
932 1073 1073 1166 poscitis
1090 1098 1208 1147 emen-

128 1192 220 1265 datis
238 1190 416 1264 codicibus
438 1193 652 1286 reperiendis
672 1196 808 1266 fortuna
837 1197 971 1267 faverit.
993 1197 1092 1268 Nosti
1117 1199 1208 1269 enim

130 1325 296 1411 expertus
322 1317 440 1386 seecuii
472 1319 579 1388 nostri
603 1318 748 1403 crimen,
779 1327 910 1412 quanta
938 1318 985 1391 sit
1012 1342 1129 1392 rerum
1158 1331 1211 1393 ta-

130 1437 211 1509 lium
247 1438 413 1531 penuria,
452 1463 531 1510 oum
567 1451 681 1511 temen
719 1442 858 1513 inutiles
892 1452 927 1514 et
963 1468 1207 1538 supervacuae,

112 1560 199 1633 ¹imo
225 1584 308 1634 vero
334 1562 473 1656 penitus
502 1561 681 1635 damnosae
704 1565 923 1660 suuestaeque
947 1567 1081 1640 divitiae
1107 1569 1209 1639 tantis

130 1687 224 1758 curis
246 1710 286 1758 ac
306 1683 484 1757 laboribus
505 1702 751 1780 aggregentur.
773 1690 874 1773 Quod
899 1691 933 1760 in
960 1713 1014 1762 me
1035 1692 1114 1779 e'rit,
1138 1705 1212 1764 stu-

128 1811 226 1891 dium
246 1811 460 1882 indeiessum
481 1833 522 1882 ac
542 1808 753 1903 diligentiam
784 1812 967 1885 adhibebo.
995 1813 1047 1886 Ac
1071 1837 1115 1887 ne
1138 1835 1213 1886 mo

131 1959 204 2008 ram
238 1936 397 2008 fortassis
430 1956 593 2022 accuses,
630 1936 717 2010 scito
751 1959 806 2008 me
839 1940 1041 2032 reparandis
1076 1939 1211 2011 viribus

130 2061 320 2157 corporeis,
349 2082 438 2153 ques
466 2059 608 2132 morbus
633 2061 819 2146 imminuit,
855 2061 890 2131 iu
923 2062 1109 2134 solitudine
1134 2085 1212 2134 mea

130 2184 177 2256 ad
201 2186 328 2255 fontem
354 2183 487 2276 Sergiae
514 2205 626 2277 usque
651 2184 696 2255 ad
721 2183 876 2255 autumni
905 2185 1104 2278 temperiem
1128 2184 1211 2256 sub-

133 2306 287 2391 sedisse,
322 2313 533 2377 metuentem
571 2327 697 2402 corpus
729 2307 842 2380 adhuc
875 2308 1065 2380 invalidum
1098 2311 1212 2401 longae

133 2431 202 2501 viae
226 2431 448 2501 committere.
475 2430 584 2515 Tunc,
616 2431 739 2515 auctis,
775 2432 913 2504 veiente
944 2434 1028 2516 Deo,
1062 2429 1210 2517 vitibus,

132 2562 238 2646 atque
258 2553 404 2624 aestibus
425 2554 629 2641 imminutis,
647 2553 902 2649 perimpium.
924 2557 1059 2627 Interea
1081 2555 1212 2626 utinam

135 2677 223 2750 seire
248 2699 371 2770 posses
397 2688 528 2770 quanta
552 2701 631 2750 cum
659 2680 837 2774 voluptate
863 2679 1042 2769 solivagus
1066 2700 1107 2751 ac
1126 2677 1213 2750 iiber

135 2801 224 2872 inter
248 2811 383 2873 montes
409 2811 446 2872 et
470 2824 625 2886 nemora,
649 2803 738 2873 inter
757 2805 870 2874 sontes
889 2809 926 2873 et
944 2801 1100 2886 flumina,
1123 2801 1214 2873 inter

138 2922 241 2995 libros
262 2935 297 2994 et
318 2925 547 2995 maximorum
565 2924 743 2995 hominum
765 2924 902 3016 ingenia
920 2925 1072 3017 respiro,
1091 2946 1214 3017 quam-

135 3070 203 3143 que
224 3071 279 3119 me
300 3050 334 3117 in
354 3070 395 3120 ea
415 3070 496 3141 quae
515 3057 595 3117 ante
616 3056 698 3118 sunt
713 3070 793 3117 cnm
814 3045 979 3138 Apostolo
999 3044 1211 3129 extendens,

136 3181 172 3243 et
185 3171 358 3265 praeterita
371 3169 529 3243 oblivisci
542 3169 641 3254 nitar,
650 3180 685 3240 et
697 3168 880 3263 praesentia
895 3191 963 3240 non
976 3166 1106 3239 videre.
1115 3167 1211 3238 Vale.

558 3641 736 3708 EPISTOLA
758 3643 792 3705 V.

309 3830 501 3881 eeaufflscus
523 3828 690 3879 PETRARCA
709 3829 812 3879 LAEL10
834 3829 892 3879 SUO
914 3829 939 3878 S.
962 3830 990 3878 P.
1014 3829 1043 3878 D.

178 3974 213 4029 Se
228 3973 335 4029 Italiam
349 3990 445 4028 versus
457 3973 509 4029 iter
523 3971 667 4027 facientem
681 3970 747 4043 quid
759 3969 888 4026 Nicolaus
900 3967 1042 4025 Laurentii
1055 3969 1085 4022 in
1099 3964 1172 4021 Urbe

272 4063 400 4135 gesserit,
416 4079 471 4117 non
486 4061 544 4116 sine
560 4076 660 4132 magna
675 4061 758 4115 animi
772 4061 916 4130 moestitia,
931 4057 1076 4115 audiuisse.

238 4282 517 4358 Multascribere
539 4291 676 4372 tempus
696 4277 912 4361 dehortatur,
936 4294 1079 4347 somnus
1099 4272 1214 4369 prohi—

140 4408 210 4480 bet.
230 4409 371 4479 Noctem
397 4407 464 4478 iam
490 4402 625 4476 tertiam
650 4402 842 4472 insomnem
868 4421 955 4492 ago;
981 4419 1094 4492 neque
1121 4407 1215 4468 vete-

140 4534 239 4606 ribus
259 4532 352 4604 curis
372 4530 472 4616 iiber,
496 4539 531 4601 et
550 4545 741 4620 oppressus
771 4521 895 4609 novis,
916 4544 1010 4635 'quos
1028 4520 1114 4595 mibi
1136 4540 1214 4615 pro-
