2692 5024
472 705 622 754 ebtsronl
643 706 684 754 ab
705 706 874 756 postellus.
1187 700 1205 755 3

142 854 222 923 :llox
248 869 331 918 vero
356 848 400 918 ad
422 847 726 939 quadragesimum
756 870 883 920 anuum
913 853 1203 945 appropinquans,

140 974 222 1044 dum
244 969 358 1042 adhuc
377 978 412 1040 et
431 969 554 1040 caloris
575 970 661 1040 satis
681 981 775 1041 esset
793 980 829 1042 et
847 972 989 1057 virium,
1007 994 1076 1044 uon
1095 976 1204 1046 solum

140 1098 265 1166 lactum
291 1092 374 1163 illud
398 1092 616 1177 obseaenum,
644 1092 706 1163 sed
733 1092 810 1163 eius
840 1095 1039 1165 memoriam
1069 1118 1204 1168 omnem

141 1222 190 1291 sic
208 1216 328 1302 abieci,
346 1217 446 1309 quasi
466 1236 643 1307 nunquam
664 1216 837 1287 faeminam
859 1219 1092 1310 aspexissem:
1112 1220 1206 1311 quod

141 1344 227 1412 inter
239 1338 368 1430 primas
382 1337 556 1408 felicitates
569 1358 665 1408 meas
679 1358 844 1422 memore,
860 1338 930 1410 Deo
943 1341 1071 1431 gratias
1089 1362 1204 1432 agene,

142 1465 199 1555 qui
218 1483 274 1532 me
294 1459 408 1530 adbuc
432 1461 602 1551 integrum
622 1467 657 1530 et
677 1458 864 1550 vigentem,
888 1470 957 1533 tam
981 1461 1041 1533 vili
1064 1471 1100 1534 et
1123 1464 1206 1534 mihi

141 1604 275 1677 semper
299 1583 420 1654 odioso
442 1583 582 1653 servitio
605 1572 783 1654 liberavit(
801 1582 869 1654 Sed
894 1584 938 1656 ad
963 1586 1028 1657 alia
1048 1586 1204 1680 prooede.

141 1709 238 1779 Sensi
267 1705 478 1798 superbiam,
507 1706 541 1775 in
561 1704 650 1790 aliis,
672 1727 740 1775 non
764 1705 799 1775 in
823 1726 892 1791 me,
914 1719 949 1778 et
972 1730 1050 1779 oum
1076 1730 1206 1803 parvus

141 1831 273 1913 luerim,
289 1850 425 1920 semper
438 1827 548 1898 minor
565 1827 689 1899 iudicio
705 1848 782 1927 meo
797 1829 857 1899 lui.
874 1831 926 1901 lra
940 1852 1015 1902 mea
1028 1829 1112 1900 mihi
1128 1850 1206 1924 per-

143 1972 235 2043 saepe
259 1949 386 2032 nocuit,
409 1948 484 2019 aliis
506 1971 691 2040 nunquam.
714 1949 951 2022 amicitiarum
968 1951 1206 2043 appetentissi-

143 2094 221 2143 mus
247 2071 483 2156 houeslarum,
511 2081 547 2143 et
572 2072 795 2143 fidelissimus
821 2075 930 2145 culter
956 2074 1015 2144 lui,
1038 2072 1207 2167 intrepide

142 2196 280 2287 glorior,
303 2197 383 2287 quia
400 2195 471 2265 scie
491 2216 545 2265 me
561 2216 683 2265 verum
704 2195 807 2286 loqui.
825 2195 1118 2285 ludignautissimi
1135 2196 1207 2267 aui-

144 2320 203 2401 mi‚
230 2318 292 2388 sed
318 2317 527 2388 offensarum
555 2316 828 2400 obliviosissimi,
855 2315 1096 2388 beneficiorum
1131 2338 1207 2410 per-

143 2439 312 2510 memon's.
332 2440 524 2532 Principum
546 2460 586 2511 ao
605 2460 725 2531 regum
751 2438 1036 2512 familiaritatibus
1056 2450 1090 2510 et
1110 2436 1207 2509 nobi-

142 2562 222 2633 lium
247 2561 403 2633 amicitiis
432 2581 544 2653 usque
569 2561 613 2632 ad
642 2560 806 2632 invidiam
831 2563 1024 2632 fortunatus
1049 2560 1108 2630 lui.
1140 2560 1206 2632 Sed

142 2685 205 2755 boc
228 2693 284 2755 est
309 2682 511 2775 supplicium
544 2682 808 2766 senescentium,
842 2691 881 2752 ut
914 2704 1054 2753 suerum
1086 2680 1208 2775 saepis-

143 2808 226 2877 sime
251 2814 379 2876 mortes
406 2805 517 2874 fleant.
545 2805 685 2876 Maximi
713 2826 832 2896 regum
859 2826 946 2877 meae
971 2805 1085 2878 aelatis
1113 2826 1207 2876 ama-

143 2941 221 3000 mnt
238 2938 273 3001 et
292 2929 470 3000 coluerunt
490 2948 560 3009 me;
580 2948 642 2998 cur
664 2941 777 2999 autem
802 2928 930 2998 nescio:
952 2928 1017 3019 ipsi
1042 2926 1206 3007 videriut3

144 3061 178 3119 et
197 3052 242 3122 ita
259 3071 338 3121 eum
356 3049 563 3142 quibusdam
581 3051 643 3135 fui,
662 3060 700 3120 ut
719 3050 785 3142 ipsi
802 3047 1055 3141 quedammodo
1072 3066 1205 3116 mecum

144 3178 272 3252 esseut,
287 3178 324 3238 et
342 3168 536 3238 eminentiae
555 3188 674 3237 eorum
696 3168 827 3236 nullum
849 3164 1006 3248 taedium,
1027 3161 1206 3233 commoda

144 3291 248 3360 multa
279 3287 497 3382 perneperim.
532 3288 658 3358 lllultes
691 3296 804 3357 tamen
832 3305 951 3356 eorum
986 3304 1073 3378 quos
1106 3284 1208 3357 valde

142 3411 299 3483 amabam
322 3410 441 3502 effuge
468 3420 583 3482 tantus
609 3410 673 3480 luit
696 3410 779 3479 mibi
804 3409 929 3479 insitus
950 3430 1046 3481 amer
1070 3409 1208 3481 liberta-

144 3533 199 3617 tis,
228 3541 266 3602 ut
289 3533 386 3604 ouius
412 3535 467 3604 vel
492 3555 616 3605 nemen
641 3534 755 3626 ipsum
784 3533 931 3605 libertati
958 3533 1006 3604 illi
1030 3554 1109 3605 esse
1128 3552 1209 3602 cen·

145 3653 285 3724 trarium
317 3655 513 3740 videretur,
547 3656 640 3726 omni
672 3655 786 3726 studio
818 3656 1033 3728 declinarem.
1069 3653 1208 3742 Ingenio

141 3777 189 3845 lui
209 3798 312 3868 aequo
331 3778 446 3869 potius
467 3798 571 3870 quam
594 3789 705 3862 acute,
727 3779 772 3850 ad
792 3777 1039 3849 omnebonum
1059 3782 1095 3844 et
1115 3772 1208 3842 salu-

143 3897 202 3970 bre
227 3899 381 3970 studium
402 3909 496 3993 apto,
520 3900 582 3971 sed
607 3900 651 3971 ad
675 3903 839 3972 moralem
865 3899 1038 3991 praecipue
1057 3895 1209 3987 pbilose

142 4022 256 4114 pbiam
286 4035 323 4094 el
354 4024 398 4095 ad
423 4025 588 4115 poeticam
616 4044 733 4116 prone.
764 4023 874 4105 Quam
903 4021 1011 4112 ipsam
1042 4038 1206 4109 processu

143 4145 304 4239 temporis
329 4122 481 4236 neglexi,
509 4147 616 4216 saeris
646 4144 766 4215 litteris
792 4142 993 4223 delectatne,
1020 4139 1055 4208 in
1080 4136 1206 4231 quibus

143 4268 233 4337 sensi
251 4266 465 4339 dulcedinem
485 4266 651 4351 abditam,
669 4286 772 4357 quam
794 4261 976 4354 aliquando
995 4252 1208 4353 conlempse-

144 4412 229 4474 ram,
252 4390 392 4483 poeticis
412 4390 532 4461 litteris
552 4389 688 4459 nonnisi
704 4387 749 4458 ad
769 4393 925 4457 ornatum
943 4384 1139 4456 reservatis.
1154 4384 1207 4452 lu-

142 4511 245 4582 cubui
261 4513 361 4585 unice
378 4511 464 4583 inter
480 4514 587 4583 multa
603 4511 647 4583 ad
663 4508 817 4580 notitiam
834 4507 1030 4592 vetustatis,
1045 4507 1204 4601 quoniam
