2692 5024
397 670 489 717 niusa
511 667 879 718 uermes—uersuum
902 670 952 717 vu.
1158 655 1217 716 lla

138 816 204 909 ipsi
223 817 328 887 etiarn
348 815 515 906 fugimus,
537 826 641 906 alque
661 816 796 886 umbrae
820 816 855 883 iu
880 835 1011 885 morem
1037 817 1218 887 evanesci-

136 961 230 1021 mus,
254 948 499 1030 momentoque
526 939 690 1032 temporis
718 936 848 1008 abiisse
872 939 960 1008 alter
988 940 1133 1009 alterum
1160 961 1219 1010 ao-

136 1058 251 1152 cipiet,
278 1070 313 1128 et
333 1059 409 1151 ipse
430 1079 512 1128 mox
533 1058 705 1153 praevium
728 1069 923 1130 secuturus.
943 1058 1033 1142 Quid
1050 1080 1136 1150 ergo
1157 1082 1217 1130 su·

136 1202 230 1264 mus,
253 1181 359 1251 frater
385 1180 525 1273 optime,
552 1179 637 1272 quid
665 1184 816 1251 sumus‘?
840 1182 912 1251 Neo
937 1180 1130 1252 desinimus
1157 1202 1217 1251 su-

136 1301 297 1397 perbire?
315 1303 395 1371 Suis
413 1300 603 1392 angoribus
621 1310 864 1374 consternatus
883 1302 1003 1372 Cicero
1019 1302 1053 1371 in
1071 1303 1216 1394 epistola

134 1425 283 1516 quadam
298 1424 342 1496 ad
355 1422 522 1495 Atticum:
539 1423 615 1516 Ipsi,
631 1423 750 1516 inquit,
764 1423 843 1514 qaid
854 1446 975 1508 santus,
989 1437 1047 1494 ont
1060 1423 1217 1515 quamdiu

134 1546 202 1614 luae
222 1549 373 1615 curatori
382 1546 514 1617 somus?
532 1546 655 1617 Brevis
672 1545 828 1639 quidem,
851 1546 914 1617 sed
931 1546 1021 1619 bona
1041 1546 1086 1640 (ni
1105 1545 1213 1641 fallor)

133 1669 297 1758 quaestio,
320 1679 357 1739 et
377 1666 556 1750 salutaris,
579 1677 615 1739 et
635 1670 796 1760 gravida,
819 1678 923 1761 atque
944 1669 1089 1740 utilibus
1114 1671 1215 1761 plena

135 1791 331 1875 sententiis,
355 1791 422 1862 sub
442 1813 511 1883 qua
533 1794 678 1861 multum
696 1813 794 1862 verae
811 1791 1014 1862 humilitatis
1034 1815 1075 1863 ac
1096 1793 1216 1863 mode-

136 1914 230 1997 stiae,
253 1915 470 2005 multumque
495 1922 715 2004 conlemptus
737 1934 853 1983 rerum
879 1913 1103 2003 lugitivorum
1129 1912 1214 2003 vigil

134 2038 248 2106 fossor
273 2035 436 2106 inveniet.
463 2035 555 2118 Quid
581 2056 718 2120 sumuS,
753 2035 922 2127 inquam‘l
954 2035 1065 2118 Quam
1099 2035 1211 2125 gravi,

132 2181 237 2252 quarn
259 2159 372 2242 tardo,
395 2179 501 2250 quarn
522 2157 634 2249 fragili
654 2179 816 2251 eorpore;
844 2178 949 2249 quam
975 2177 1080 2241 eaeeo,
1105 2178 1214 2249 quam

134 2280 286 2366 turbido,
308 2303 412 2373 quarn
435 2281 588 2372 inquieto
614 2281 743 2363 animo,
770 2302 876 2372 quam
902 2279 1011 2363 varia,
1037 2300 1214 2372 quamque

133 2405 264 2474 ineerta
284 2403 497 2496 volubilique
515 2405 672 2475 lortunal
694 2402 764 2473 Aut
780 2402 948 2494 quamdiu
966 2402 1043 2472 haeo
1059 2401 1213 2473 curaturi

133 2529 281 2597 sumus‘l
300 2526 456 2598 Proiecto
477 2526 714 2619 perbreviter3
736 2548 861 2620 nempe
882 2546 951 2595 non
976 2525 1069 2596 aliud
1097 2534 1209 2609 sonat,

132 2670 236 2741 quam
276 2649 305 2720 si
343 2649 488 2733 diceret,
523 2649 590 2742 ipsi
623 2647 708 2741 quid
746 2668 881 2732 sumus,
916 2658 952 2717 et
983 2646 1049 2718 hoc
1082 2647 1210 2739 ipsum,

133 2768 299 2863 quamdiu
337 2770 444 2840 suturi
469 2773 621 2842 sumus?
647 2769 771 2862 Utique
795 2769 910 2840 hercle
935 2789 1004 2837 non
1030 2767 1105 2849 diu;
1133 2791 1212 2839 curu

131 2893 197 2963 hoo
226 2891 318 2964 idem
349 2901 508 2962 nostrum
529 2914 622 2977 esse,
654 2902 693 2963 ut
717 2893 920 2964 diuturnum
941 2910 1022 2961 esse
1052 2911 1121 2960 non
1150 2911 1213 2981 po-

131 3027 209 3100 lest,
238 3015 288 3086 sio
321 3037 413 3085 nuno
446 3015 556 3107 possit
589 3015 679 3088 inter
703 3015 812 3087 verba
838 3014 1013 3097 desinere,
1037 3034 1151 3105 neque
1181 3013 1212 3082 si

130 3138 277 3223 accidat,
307 3137 385 3208 miri
410 3137 542 3230 aliquid
562 3138 735 3210 acciderit.
770 3139 965 3230 Utrumque
992 3135 1096 3227 igitur
1123 3134 1212 3206 bene

130 3272 166 3333 et
201 3261 355 3352 graviter
391 3260 543 3352 quaeris,
586 3262 702 3332 blaree
738 3260 836 3331 Tulli.
880 3258 951 3330 Sed
993 3280 1116 3351 quaeso
1157 3265 1209 3342 te,

131 3381 271 3453 ubinam
304 3384 442 3455 tertium
474 3383 657 3476 reliquisti,
692 3396 727 3453 et
755 3392 886 3453 eventu
916 3382 1147 3476 periculosius
1176 3390 1213 3452 et

128 3505 282 3596 quaesitu
303 3507 473 3598 dignius?
492 3508 679 3598 Postquam
701 3505 757 3575 hio
777 3527 858 3576 esse
878 3504 1102 3587 desierimus,
1125 3503 1211 3595 quid

129 3629 236 3701 futuri
262 3632 414 3700 sumus?
439 3629 468 3699 0
492 3651 566 3700 rem
588 3650 750 3720 magnam
772 3637 807 3698 et
824 3627 1037 3717 ambiguam,
1066 3625 1130 3697 sed
1150 3646 1210 3696 ne-

129 3744 311 3843 gleolam.¹

228 3878 415 3968 Supererat
436 3875 491 3944 bic
512 3873 611 3956 milri,
637 3876 813 3967 paululum
835 3872 879 3943 de
898 3868 1102 3962 fragmentis
1127 3869 1209 3938 anni

130 3998 307 4092 praeteriti,
323 4006 403 4068 ante
416 3996 503 4069 alios
517 3995 573 4066 vir
585 3997 801 4068 clarissimus
815 4004 850 4065 el
865 3993 912 4087 (si
931 3991 1014 4085 quid
1032 3988 1114 4059 mihi
1134 4011 1209 4060 ore-

128 4120 203 4213 dis]
223 4119 340 4210 magni
358 4119 462 4189 animi
483 4117 697 4208 consiliique,
713 4116 911 4206 Paganinus
924 4111 1205 4194 blodiolanensis,

159 4368 166 4376 ‘
208 4364 215 4396 ¹
235 4364 309 4424 llelc‚
323 4365 347 4412 in
363 4361 516 4413 editionibus
530 4359 631 4410 Venetis
643 4372 701 4409 aun.
715 4355 775 4407 rem
784 4362 810 4405 et
821 4356 898 4413 ¹503,
908 4353 1013 4418 epistola
1025 4353 1102 4403 linem
1113 4351 1206 4402 babet:

129 4445 294 4507 sequiturque
306 4456 361 4493 earn
374 4441 452 4490 altera
464 4439 495 4488 ad
509 4440 651 4497 Socratem,
665 4451 721 4502 quae
734 4449 793 4487 uere
806 4441 845 4485 est
861 4435 887 4483 in
906 4433 1043 4484 Codieibus
1058 4431 1133 4483 buius
1150 4444 1208 4495 pars

128 4525 220 4584 altera,
232 4534 357 4587 quamque
371 4529 515 4570 noseorum
528 4518 603 4569 tidem
615 4520 730 4581 sequium
742 4516 800 4567 hoie
812 4513 994 4566 subneotimus.

668 4802 677 4830 Ι
