2692 5024
129 648 187 710 3ltl
469 654 510 703 os
531 610 632 702 uuoos
652 651 874 702 Falllbltlllblls

128 801 256 897 quibus
278 794 490 869 servandum
511 794 765 887 colendumque
784 796 1030 882 oommiseras,
1050 797 1220 893 petalide

128 933 229 996 runt:
263 944 331 994 nou
366 941 488 991 somno
521 928 580 991 aut
612 919 753 1012 ignavia
788 920 887 1005 vieti,
925 921 990 995 sed
1022 923 1215 994 llammauti

128 1047 221 1127 odio,
244 1057 279 1118 et
302 1043 431 1116 invidia
457 1042 632 1113 stimulati.
659 1042 688 1112 Ο
712 1042 821 1114 ultrix
847 1046 1020 1115 soelerum
1056 1044 1213 1118 iustitia!

128 1172 247 1262 Neque
279 1165 327 1237 illi
359 1176 420 1236 aut
448 1163 655 1249 innocentia,
683 1174 744 1235 aut
771 1166 929 1256 sanguis,
955 1175 1018 1238 aut
1044 1167 1220 1241 maiestas

128 1293 265 1391 profuit.
282 1292 359 1363 Nou
376 1289 553 1361 hominum
571 1287 771 1381 quisquam,
786 1298 846 1360 aut
860 1288 1021 1376 deorum,
1035 1314 1118 1378 non,
1133 1315 1221 1386 quae

127 1415 366 1492 efficacissima
386 1412 599 1508 sperabatur,
616 1412 665 1483 tui
679 1411 867 1484 recordatio
879 1433 981 1507 opem
995 1414 1087 1485 tulit.
1100 1417 1221 1489 Voces

127 1543 204 1613 illas
225 1537 447 1626 monitusque
468 1533 679 1604 novissimos
702 1533 749 1630 pii
776 1534 882 1626 putris
903 1544 939 1605 et
959 1535 1055 1627 regis
1076 1538 1218 1631 optimi,

127 1662 255 1756 quibus
275 1657 441 1738 moriens,
463 1664 633 1749 quantum
656 1658 791 1729 mortali
811 1658 954 1729 oonsilio
973 1659 1096 1731 datum
1125 1674 1216 1743 erat,

128 1788 163 1856 in
183 1787 323 1874 longum
345 1791 380 1852 et
399 1779 538 1851 lamiliae
559 1788 630 1850 tuae
656 1800 890 1874 prospexeras
912 1792 949 1853 et
968 1805 1094 1874 regnu,
1125 1807 1219 1877 prae-

129 1917 240 2002 ruptae
256 1906 520 1999 desperaoeque
537 1903 702 1996 nequitiae
719 1915 846 1976 ventus
863 1905 953 1991 tulit,
972 1913 1079 1999 atque
1099 1910 1218 1980 omnis

128 2031 238 2103 divini
258 2029 343 2102 iuris
364 2027 519 2100 contexit
538 2026 677 2100 oblivio.
697 2029 765 2100 Se'd
783 2027 852 2098 iam
870 2028 1013 2101 fletuum
1032 2030 1123 2102 satis
1136 2043 1217 2103 est:

128 2153 231 2225 modo
244 2175 302 2238 ue,
318 2151 378 2223 ubi
392 2151 496 2223 finem
510 2149 690 2243 fingimus,
712 2149 846 2222 initium
865 2150 920 2222 sit.
940 2152 1025 2222 Cum
1043 2154 1158 2238 enim,
1181 2165 1218 2226 ut

129 2276 297 2360 dicebam,
316 2286 352 2348 et
368 2274 492 2347 crebra
512 2287 547 2347 et
567 2274 728 2347 comitata
751 2274 893 2345 veniant
908 2277 1013 2361 mala,
1033 2299 1116 2347 oum
1136 2302 1217 2350 rara

129 2411 163 2472 et
188 2401 338 2471 solitaria
361 2397 450 2469 boua
478 2397 557 2480 sint,
581 2419 628 2467 ex
654 2399 720 2470 hoo
746 2401 836 2470 malo
856 2397 974 2469 nescio
994 2399 1081 2492 quid
1106 2404 1218 2474 malo

130 2547 205 2594 rum
228 2523 326 2613 sequi
348 2521 458 2604 video,
482 2520 589 2611 quod,
612 2543 656 2591 ne
681 2521 805 2591 iterum
830 2524 955 2593 certior
978 2543 1086 2615 quam
1107 2526 1215 2596 velim

129 2645 209 2713 mali
230 2641 338 2711 nuntii
360 2652 460 2711 vates
480 2642 556 2723 sim,
581 2643 716 2713 silentio
734 2666 898 2736 premam.
921 2645 1063 2715 Meliora
1088 2661 1215 2719 cuncta

130 2763 344 2859 proveniant,
368 2785 473 2854 quam
495 2784 609 2854 spero,
636 2784 700 2833 nec
721 2764 918 2856 reipublioae
940 2776 1063 2836 noceat
1083 2791 1217 2862 pauco-

129 2910 206 2958 rum
231 2889 339 2970 luror,
366 2886 426 2978 qui
452 2886 486 2955 in
512 2886 577 2955 illis
603 2909 750 2979 quorum
777 2895 845 2968 est,
869 2886 1012 2971 inultus,
1035 2900 1075 2959 ut
1100 2914 1215 2983 augu-

129 3031 200 3092 ror,
227 3031 295 3079 non
322 3010 398 3078 erit.
426 3007 501 3078 Etsi
526 3007 617 3078 euim
643 3008 761 3080 divina
795 3009 923 3080 iustitia
954 3031 1049 3105 saepe
1076 3014 1216 3085 miseri-

129 3131 258 3202 cordiae
292 3131 508 3216 succumbat,
543 3131 576 3200 in
611 3132 665 3202 his
702 3141 816 3203 tamen
852 3132 916 3202 hoc
949 3134 1085 3219 accidit,
1122 3159 1214 3228 quos

129 3253 256 3344 peccati
290 3252 397 3345 pudet
430 3276 470 3324 ac
500 3254 657 3347 poenitet,
680 3276 748 3324 uon
770 3255 804 3322 in
824 3255 880 3324 bis
902 3255 960 3347 qui
983 3256 1117 3348 flagitio
1138 3264 1215 3352 glo

129 3377 272 3446 riantur.
287 3378 368 3446 Haec
389 3376 447 3446 tibi
464 3399 604 3471 quoque
623 3377 755 3469 Surgiae
773 3378 974 3463 adsonem,
995 3402 1067 3473 quo
1086 3407 1215 3456 rursus

127 3518 147 3566 e
168 3506 262 3566 tauto
282 3497 390 3567 ltaliae
411 3499 598 3589 uarrfragio,
621 3499 766 3570 velutin
784 3509 928 3599 portum,
951 3502 1040 3592 fugi,
1064 3514 1099 3573 et
1121 3517 1216 3598 prae-

128 3621 216 3690 teriti
242 3619 378 3704 doleus,
406 3632 440 3691 et
469 3621 604 3692 venturi
638 3622 794 3713 trepidus
826 3622 1014 3709 dictabam,
1043 3629 1217 3704 Kalendis

129 3742 322 3826 sextilibus
337 3745 540 3836 intempesta
556 3746 755 3815 nocte.Vale
768 3747 816 3815 tui
832 3755 967 3830 caulos,
983 3770 1119 3823 memor
1132 3756 1211 3828 mei.
