<?xml version="1.0" encoding="UTF-8"?>
<!DOCTYPE html PUBLIC "-//W3C//DTD XHTML 1.0 Transitional//EN"
    "http://www.w3.org/TR/xhtml1/DTD/xhtml1-transitional.dtd">
<html xmlns="http://www.w3.org/1999/xhtml" xml:lang="en" lang="en">
 <head>
  <title>
</title>
<meta http-equiv="Content-Type" content="text/html;charset=utf-8" />
  <meta name='ocr-system' content='tesseract 3.04.00' />
  <meta name='ocr-capabilities' content='ocr_page ocr_carea ocr_par ocr_line ocrx_word'/>
</head>
<body>
  <div class='ocr_page' id='page_1' title='image "./epistolaederebu00fracgoog_0294.png"; bbox 0 0 2692 5024; ppageno 0'>
   <div class='ocr_carea' id='block_1_1' title="bbox 362 696 1195 764">
    <p class='ocr_par' dir='ltr' id='par_1_1' title="bbox 362 696 1195 764">
     <span class='ocr_line' id='line_1_1' title="bbox 362 696 1195 764; baseline 0.014 -12"><span class='ocrx_word' id='word_1_1' title='bbox 362 702 456 753; x_wconf 78' lang='lat' dir='ltr'><strong>arnan</strong></span> <span class='ocrx_word' id='word_1_2' title='bbox 478 696 866 758; x_wconf 70' lang='lat' dir='ltr'><strong>sschS.-nl‘lsr0bl</strong></span> <span class='ocrx_word' id='word_1_3' title='bbox 887 710 941 759; x_wconf 81' lang='lat' dir='ltr'><strong>an.</strong></span> <span class='ocrx_word' id='word_1_4' title='bbox 1141 701 1195 764; x_wconf 84' lang='lat' dir='ltr'><strong>l3l</strong></span> 
     </span>
    </p>
   </div>
   <div class='ocr_carea' id='block_1_2' title="bbox 23 844 1210 4628">
    <p class='ocr_par' dir='ltr' id='par_1_2' title="bbox 23 844 1210 4628">
     <span class='ocr_line' id='line_1_2' title="bbox 113 844 1198 950; baseline 0.013 -33"><span class='ocrx_word' id='word_1_5' title='bbox 113 844 318 917; x_wconf 84' lang='lat' dir='ltr'><strong>frondosum</strong></span> <span class='ocrx_word' id='word_1_6' title='bbox 348 867 472 918; x_wconf 88' lang='lat' dir='ltr'><strong>nemus</strong></span> <span class='ocrx_word' id='word_1_7' title='bbox 509 848 666 940; x_wconf 81' lang='lat' dir='ltr'><strong>erigitur,</strong></span> <span class='ocrx_word' id='word_1_8' title='bbox 701 850 769 922; x_wconf 88' lang='lat' dir='ltr'><strong>nisi</strong></span> <span class='ocrx_word' id='word_1_9' title='bbox 801 852 895 945; x_wconf 91' lang='lat' dir='ltr'><strong>quod</strong></span> <span class='ocrx_word' id='word_1_10' title='bbox 926 854 972 926; x_wconf 91' lang='lat' dir='ltr'><strong>ad</strong></span> <span class='ocrx_word' id='word_1_11' title='bbox 1001 857 1198 950; x_wconf 80' lang='lat' dir='ltr'>aquilonem</span> 
     </span>
     <span class='ocr_line' id='line_1_3' title="bbox 113 968 1200 1075; baseline 0.012 -34"><span class='ocrx_word' id='word_1_12' title='bbox 113 970 210 1041; x_wconf 91' lang='lat' dir='ltr'><strong>collis</strong></span> <span class='ocrx_word' id='word_1_13' title='bbox 235 968 398 1042; x_wconf 90' lang='lat' dir='ltr'><strong>humilior</strong></span> <span class='ocrx_word' id='word_1_14' title='bbox 423 969 577 1063; x_wconf 90' lang='lat' dir='ltr'><strong>apricum</strong></span> <span class='ocrx_word' id='word_1_15' title='bbox 599 973 710 1066; x_wconf 87' lang='lat' dir='ltr'><strong>aperit</strong></span> <span class='ocrx_word' id='word_1_16' title='bbox 727 975 855 1061; x_wconf 89' lang='lat' dir='ltr'><strong>sinum,</strong></span> <span class='ocrx_word' id='word_1_17' title='bbox 878 977 1048 1052; x_wconf 85' lang='lat' dir='ltr'><strong>mellificis</strong></span> <span class='ocrx_word' id='word_1_18' title='bbox 1074 982 1200 1075; x_wconf 89' lang='lat' dir='ltr'><strong>apibus</strong></span> 
     </span>
     <span class='ocr_line' id='line_1_4' title="bbox 113 1091 1200 1188; baseline 0.01 -25"><span class='ocrx_word' id='word_1_19' title='bbox 113 1093 257 1165; x_wconf 85' lang='lat' dir='ltr'><strong>floream</strong></span> <span class='ocrx_word' id='word_1_20' title='bbox 284 1091 491 1176; x_wconf 87' lang='lat' dir='ltr'><strong>stationem;</strong></span> <span class='ocrx_word' id='word_1_21' title='bbox 512 1096 624 1167; x_wconf 79' lang='lat' dir='ltr'><strong>sontes</strong></span> <span class='ocrx_word' id='word_1_22' title='bbox 650 1118 820 1188; x_wconf 90' lang='lat' dir='ltr'><strong>aquarum</strong></span> <span class='ocrx_word' id='word_1_23' title='bbox 845 1098 998 1171; x_wconf 82' lang='lat' dir='ltr'><strong>dulcium</strong></span> <span class='ocrx_word' id='word_1_24' title='bbox 1020 1102 1099 1175; x_wconf 88' lang='lat' dir='ltr'><strong>imis</strong></span> <span class='ocrx_word' id='word_1_25' title='bbox 1124 1105 1200 1175; x_wconf 90' lang='lat' dir='ltr'><strong>val-</strong></span> 
     </span>
     <span class='ocr_line' id='line_1_5' title="bbox 113 1214 1201 1314; baseline 0.011 -28"><span class='ocrx_word' id='word_1_26' title='bbox 113 1215 206 1287; x_wconf 86' lang='lat' dir='ltr'>libus</span> <span class='ocrx_word' id='word_1_27' title='bbox 232 1214 459 1309; x_wconf 80' lang='lat' dir='ltr'><strong>obstrepunt3</strong></span> <span class='ocrx_word' id='word_1_28' title='bbox 482 1217 592 1300; x_wconf 89' lang='lat' dir='ltr'><strong>cervi,</strong></span> <span class='ocrx_word' id='word_1_29' title='bbox 614 1218 745 1304; x_wconf 88' lang='lat' dir='ltr'><strong>damae,</strong></span> <span class='ocrx_word' id='word_1_30' title='bbox 767 1223 919 1314; x_wconf 84' lang='lat' dir='ltr'>capreoli</span> <span class='ocrx_word' id='word_1_31' title='bbox 939 1234 974 1295; x_wconf 91' lang='lat' dir='ltr'><strong>et</strong></span> <span class='ocrx_word' id='word_1_32' title='bbox 994 1226 1056 1296; x_wconf 87' lang='lat' dir='ltr'><strong>leri</strong></span> <span class='ocrx_word' id='word_1_33' title='bbox 1080 1246 1201 1298; x_wconf 89' lang='lat' dir='ltr'><strong>nemo-</strong></span> 
     </span>
     <span class='ocr_line' id='line_1_6' title="bbox 113 1339 1199 1433; baseline 0.007 -24"><span class='ocrx_word' id='word_1_34' title='bbox 113 1360 193 1410; x_wconf 85' lang='lat' dir='ltr'><strong>rum</strong></span> <span class='ocrx_word' id='word_1_35' title='bbox 213 1358 340 1430; x_wconf 79' lang='lat' dir='ltr'><strong>greges</strong></span> <span class='ocrx_word' id='word_1_36' title='bbox 361 1339 491 1433; x_wconf 87' lang='lat' dir='ltr'><strong>apertis</strong></span> <span class='ocrx_word' id='word_1_37' title='bbox 513 1350 686 1431; x_wconf 78' lang='lat' dir='ltr'><strong>vagantur</strong></span> <span class='ocrx_word' id='word_1_38' title='bbox 705 1341 872 1427; x_wconf 67' lang='lat' dir='ltr'><strong>collibus:</strong></span> <span class='ocrx_word' id='word_1_39' title='bbox 892 1366 996 1418; x_wconf 87' lang='lat' dir='ltr'><strong>omne</strong></span> <span class='ocrx_word' id='word_1_40' title='bbox 1016 1348 1199 1419; x_wconf 86' lang='lat' dir='ltr'><strong>volucrum</strong></span> 
     </span>
     <span class='ocr_line' id='line_1_7' title="bbox 114 1447 1197 1553; baseline 0.01 -22"><span class='ocrx_word' id='word_1_41' title='bbox 114 1481 228 1553; x_wconf 83' lang='lat' dir='ltr'><strong>genus</strong></span> <span class='ocrx_word' id='word_1_42' title='bbox 251 1463 311 1531; x_wconf 91' lang='lat' dir='ltr'><strong>vel</strong></span> <span class='ocrx_word' id='word_1_43' title='bbox 336 1461 441 1532; x_wconf 89' lang='lat' dir='ltr'><strong>undis</strong></span> <span class='ocrx_word' id='word_1_44' title='bbox 465 1464 525 1532; x_wconf 87' lang='lat' dir='ltr'><strong>vel</strong></span> <span class='ocrx_word' id='word_1_45' title='bbox 549 1447 657 1535; x_wconf 85' lang='lat' dir='ltr'><strong>ramis</strong></span> <span class='ocrx_word' id='word_1_46' title='bbox 683 1464 936 1539; x_wconf 81' lang='lat' dir='ltr'><strong>immurmurat.</strong></span> <span class='ocrx_word' id='word_1_47' title='bbox 962 1470 1048 1540; x_wconf 92' lang='lat' dir='ltr'><strong>Nam</strong></span> <span class='ocrx_word' id='word_1_48' title='bbox 1076 1470 1197 1553; x_wconf 80' lang='lat' dir='ltr'><strong>boum</strong></span> 
     </span>
     <span class='ocr_line' id='line_1_8' title="bbox 113 1582 1200 1679; baseline 0.009 -24"><span class='ocrx_word' id='word_1_49' title='bbox 113 1594 149 1655; x_wconf 88' lang='lat' dir='ltr'><strong>et</strong></span> <span class='ocrx_word' id='word_1_50' title='bbox 167 1582 281 1654; x_wconf 91' lang='lat' dir='ltr'><strong>omnis</strong></span> <span class='ocrx_word' id='word_1_51' title='bbox 307 1584 480 1654; x_wconf 87' lang='lat' dir='ltr'><strong>mansueti</strong></span> <span class='ocrx_word' id='word_1_52' title='bbox 501 1585 636 1679; x_wconf 85' lang='lat' dir='ltr'><strong>pecoris</strong></span> <span class='ocrx_word' id='word_1_53' title='bbox 660 1597 831 1674; x_wconf 89' lang='lat' dir='ltr'><strong>armenta,</strong></span> <span class='ocrx_word' id='word_1_54' title='bbox 852 1601 888 1662; x_wconf 88' lang='lat' dir='ltr'><strong>et</strong></span> <span class='ocrx_word' id='word_1_55' title='bbox 908 1590 1051 1662; x_wconf 91' lang='lat' dir='ltr'><strong>humani</strong></span> <span class='ocrx_word' id='word_1_56' title='bbox 1071 1591 1200 1665; x_wconf 89' lang='lat' dir='ltr'><strong>laboris</strong></span> 
     </span>
     <span class='ocr_line' id='line_1_9' title="bbox 113 1705 1201 1800; baseline 0.009 -22"><span class='ocrx_word' id='word_1_57' title='bbox 113 1709 267 1791; x_wconf 79' lang='lat' dir='ltr'><strong>fructus,</strong></span> <span class='ocrx_word' id='word_1_58' title='bbox 289 1705 417 1779; x_wconf 88' lang='lat' dir='ltr'><strong>Bacchi</strong></span> <span class='ocrx_word' id='word_1_59' title='bbox 443 1707 673 1795; x_wconf 89' lang='lat' dir='ltr'><strong>dulcedinem,</strong></span> <span class='ocrx_word' id='word_1_60' title='bbox 696 1719 732 1782; x_wconf 92' lang='lat' dir='ltr'><strong>et</strong></span> <span class='ocrx_word' id='word_1_61' title='bbox 753 1712 889 1784; x_wconf 82' lang='lat' dir='ltr'><strong>Cereris</strong></span> <span class='ocrx_word' id='word_1_62' title='bbox 911 1713 1128 1800; x_wconf 84' lang='lat' dir='ltr'><strong>ubertatem,</strong></span> <span class='ocrx_word' id='word_1_63' title='bbox 1154 1715 1201 1788; x_wconf 90' lang='lat' dir='ltr'><strong>ud</strong></span> 
     </span>
     <span class='ocr_line' id='line_1_10' title="bbox 115 1829 1202 1916; baseline 0.009 -15"><span class='ocrx_word' id='word_1_64' title='bbox 115 1830 192 1902; x_wconf 88' lang='lat' dir='ltr'><strong>baec</strong></span> <span class='ocrx_word' id='word_1_65' title='bbox 210 1840 245 1902; x_wconf 89' lang='lat' dir='ltr'><strong>et</strong></span> <span class='ocrx_word' id='word_1_66' title='bbox 265 1829 322 1901; x_wconf 91' lang='lat' dir='ltr'><strong>illa</strong></span> <span class='ocrx_word' id='word_1_67' title='bbox 347 1837 484 1902; x_wconf 89' lang='lat' dir='ltr'><strong>naturae</strong></span> <span class='ocrx_word' id='word_1_68' title='bbox 509 1831 618 1916; x_wconf 90' lang='lat' dir='ltr'><strong>dona,</strong></span> <span class='ocrx_word' id='word_1_69' title='bbox 646 1832 780 1906; x_wconf 90' lang='lat' dir='ltr'><strong>vicinos</strong></span> <span class='ocrx_word' id='word_1_70' title='bbox 807 1836 904 1907; x_wconf 88' lang='lat' dir='ltr'><strong>lacus</strong></span> <span class='ocrx_word' id='word_1_71' title='bbox 930 1858 970 1908; x_wconf 90' lang='lat' dir='ltr'><strong>ac</strong></span> <span class='ocrx_word' id='word_1_72' title='bbox 999 1837 1141 1909; x_wconf 88' lang='lat' dir='ltr'><strong>llumina</strong></span> <span class='ocrx_word' id='word_1_73' title='bbox 1165 1848 1202 1911; x_wconf 90' lang='lat' dir='ltr'><strong>et</strong></span> 
     </span>
     <span class='ocr_line' id='line_1_11' title="bbox 115 1954 1199 2051; baseline 0.008 -28"><span class='ocrx_word' id='word_1_74' title='bbox 115 1975 184 2025; x_wconf 90' lang='lat' dir='ltr'><strong>non</strong></span> <span class='ocrx_word' id='word_1_75' title='bbox 216 1954 443 2047; x_wconf 81' lang='lat' dir='ltr'><strong>longinquum</strong></span> <span class='ocrx_word' id='word_1_76' title='bbox 472 1977 584 2039; x_wconf 88' lang='lat' dir='ltr'><strong>mare,</strong></span> <span class='ocrx_word' id='word_1_77' title='bbox 606 1964 787 2047; x_wconf 83' lang='lat' dir='ltr'><strong>praetereo.</strong></span> <span class='ocrx_word' id='word_1_78' title='bbox 819 1959 895 2028; x_wconf 83' lang='lat' dir='ltr'><strong>Pax</strong></span> <span class='ocrx_word' id='word_1_79' title='bbox 929 1980 1011 2041; x_wconf 88' lang='lat' dir='ltr'><strong>una,</strong></span> <span class='ocrx_word' id='word_1_80' title='bbox 1048 1982 1199 2051; x_wconf 90' lang='lat' dir='ltr'><strong>quonam</strong></span> 
     </span>
     <span class='ocr_line' id='line_1_12' title="bbox 118 2075 1201 2175; baseline 0.003 -26"><span class='ocrx_word' id='word_1_81' title='bbox 118 2077 233 2168; x_wconf 79' lang='lat' dir='ltr'><strong>gentis</strong></span> <span class='ocrx_word' id='word_1_82' title='bbox 249 2075 408 2161; x_wconf 92' lang='lat' dir='ltr'><strong>crimine,</strong></span> <span class='ocrx_word' id='word_1_83' title='bbox 431 2076 559 2169; x_wconf 89' lang='lat' dir='ltr'><strong>quibus</strong></span> <span class='ocrx_word' id='word_1_84' title='bbox 579 2079 658 2151; x_wconf 86' lang='lat' dir='ltr'><strong>coeli</strong></span> <span class='ocrx_word' id='word_1_85' title='bbox 683 2079 832 2171; x_wconf 80' lang='lat' dir='ltr'><strong>legibus,</strong></span> <span class='ocrx_word' id='word_1_86' title='bbox 852 2100 922 2173; x_wconf 87' lang='lat' dir='ltr'><strong>quo</strong></span> <span class='ocrx_word' id='word_1_87' title='bbox 941 2082 1023 2168; x_wconf 87' lang='lat' dir='ltr'><strong>latu,</strong></span> <span class='ocrx_word' id='word_1_88' title='bbox 1048 2103 1111 2154; x_wconf 91' lang='lat' dir='ltr'><strong>seu</strong></span> <span class='ocrx_word' id='word_1_89' title='bbox 1131 2102 1201 2175; x_wconf 88' lang='lat' dir='ltr'><strong>qua</strong></span> 
     </span>
     <span class='ocr_line' id='line_1_13' title="bbox 116 2199 1205 2298; baseline 0.001 -26"><span class='ocrx_word' id='word_1_90' title='bbox 116 2200 270 2273; x_wconf 88' lang='lat' dir='ltr'><strong>siderum</strong></span> <span class='ocrx_word' id='word_1_91' title='bbox 291 2201 327 2270; x_wconf 87' lang='lat' dir='ltr'><strong>vi</strong></span> <span class='ocrx_word' id='word_1_92' title='bbox 347 2199 393 2273; x_wconf 92' lang='lat' dir='ltr'><strong>ab</strong></span> <span class='ocrx_word' id='word_1_93' title='bbox 413 2200 468 2272; x_wconf 86' lang='lat' dir='ltr'><strong>bis</strong></span> <span class='ocrx_word' id='word_1_94' title='bbox 490 2199 592 2272; x_wconf 86' lang='lat' dir='ltr'><strong>terris</strong></span> <span class='ocrx_word' id='word_1_95' title='bbox 611 2203 740 2286; x_wconf 88' lang='lat' dir='ltr'><strong>exulet,</strong></span> <span class='ocrx_word' id='word_1_96' title='bbox 763 2201 895 2293; x_wconf 78' lang='lat' dir='ltr'><strong>ignoro.</strong></span> <span class='ocrx_word' id='word_1_97' title='bbox 916 2204 1008 2289; x_wconf 88' lang='lat' dir='ltr'><strong>Quid</strong></span> <span class='ocrx_word' id='word_1_98' title='bbox 1026 2204 1119 2276; x_wconf 87' lang='lat' dir='ltr'><strong>enim</strong></span> <span class='ocrx_word' id='word_1_99' title='bbox 1136 2225 1205 2298; x_wconf 75' lang='lat' dir='ltr'><strong>pu-¹</strong></span> 
     </span>
     <span class='ocr_line' id='line_1_14' title="bbox 117 2322 1201 2418; baseline 0.001 -23"><span class='ocrx_word' id='word_1_100' title='bbox 117 2327 197 2395; x_wconf 88' lang='lat' dir='ltr'><strong>tas‘l</strong></span> <span class='ocrx_word' id='word_1_101' title='bbox 227 2324 350 2396; x_wconf 83' lang='lat' dir='ltr'><strong>Pastor</strong></span> <span class='ocrx_word' id='word_1_102' title='bbox 382 2333 539 2395; x_wconf 90' lang='lat' dir='ltr'><strong>armatus</strong></span> <span class='ocrx_word' id='word_1_103' title='bbox 572 2322 671 2394; x_wconf 91' lang='lat' dir='ltr'><strong>silvis</strong></span> <span class='ocrx_word' id='word_1_104' title='bbox 699 2323 871 2416; x_wconf 82' lang='lat' dir='ltr'><strong>invigilat,</strong></span> <span class='ocrx_word' id='word_1_105' title='bbox 902 2346 971 2395; x_wconf 90' lang='lat' dir='ltr'><strong>non</strong></span> <span class='ocrx_word' id='word_1_106' title='bbox 1004 2335 1074 2398; x_wconf 88' lang='lat' dir='ltr'><strong>tam</strong></span> <span class='ocrx_word' id='word_1_107' title='bbox 1101 2328 1201 2418; x_wconf 89' lang='lat' dir='ltr'><strong>lupos</strong></span> 
     </span>
     <span class='ocr_line' id='line_1_15' title="bbox 116 2445 1198 2539; baseline 0.001 -21"><span class='ocrx_word' id='word_1_108' title='bbox 116 2456 276 2519; x_wconf 89' lang='lat' dir='ltr'><strong>metuens</strong></span> <span class='ocrx_word' id='word_1_109' title='bbox 301 2467 407 2539; x_wconf 92' lang='lat' dir='ltr'><strong>quam</strong></span> <span class='ocrx_word' id='word_1_110' title='bbox 432 2455 601 2539; x_wconf 88' lang='lat' dir='ltr'><strong>raptores.</strong></span> <span class='ocrx_word' id='word_1_111' title='bbox 624 2445 804 2517; x_wconf 88' lang='lat' dir='ltr'><strong>Lorioatus</strong></span> <span class='ocrx_word' id='word_1_112' title='bbox 831 2455 961 2530; x_wconf 87' lang='lat' dir='ltr'><strong>arator,</strong></span> <span class='ocrx_word' id='word_1_113' title='bbox 990 2447 1126 2518; x_wconf 79' lang='lat' dir='ltr'><strong>hastam</strong></span> <span class='ocrx_word' id='word_1_114' title='bbox 1153 2446 1198 2519; x_wconf 91' lang='lat' dir='ltr'><strong>ad</strong></span> 
     </span>
     <span class='ocr_line' id='line_1_16' title="bbox 117 2568 1200 2662; baseline -0.005 -19"><span class='ocrx_word' id='word_1_115' title='bbox 117 2591 221 2643; x_wconf 91' lang='lat' dir='ltr'><strong>usum</strong></span> <span class='ocrx_word' id='word_1_116' title='bbox 241 2569 361 2642; x_wconf 83' lang='lat' dir='ltr'><strong>rustici</strong></span> <span class='ocrx_word' id='word_1_117' title='bbox 379 2568 542 2662; x_wconf 79' lang='lat' dir='ltr'><strong>pugionis</strong></span> <span class='ocrx_word' id='word_1_118' title='bbox 558 2568 753 2655; x_wconf 67' lang='lat' dir='ltr'><strong>invertens</strong></span> <span class='ocrx_word' id='word_1_119' title='bbox 776 2568 969 2642; x_wconf 86' lang='lat' dir='ltr'><strong>recusantis</strong></span> <span class='ocrx_word' id='word_1_120' title='bbox 985 2569 1088 2641; x_wconf 82' lang='lat' dir='ltr'><strong>bovis</strong></span> <span class='ocrx_word' id='word_1_121' title='bbox 1102 2579 1200 2661; x_wconf 82' lang='lat' dir='ltr'><strong>terga</strong></span> 
     </span>
     <span class='ocr_line' id='line_1_17' title="bbox 117 2688 1202 2789; baseline -0.004 -23"><span class='ocrx_word' id='word_1_122' title='bbox 117 2695 274 2766; x_wconf 85' lang='lat' dir='ltr'><strong>solicitat.</strong></span> <span class='ocrx_word' id='word_1_123' title='bbox 296 2692 436 2786; x_wconf 81' lang='lat' dir='ltr'><strong>Auceps</strong></span> <span class='ocrx_word' id='word_1_124' title='bbox 463 2691 550 2763; x_wconf 87' lang='lat' dir='ltr'><strong>retia</strong></span> <span class='ocrx_word' id='word_1_125' title='bbox 573 2694 696 2789; x_wconf 77' lang='lat' dir='ltr'><strong>clypeo</strong></span> <span class='ocrx_word' id='word_1_126' title='bbox 721 2691 826 2786; x_wconf 78' lang='lat' dir='ltr'><strong>tegit:</strong></span> <span class='ocrx_word' id='word_1_127' title='bbox 846 2704 882 2765; x_wconf 90' lang='lat' dir='ltr'><strong>et</strong></span> <span class='ocrx_word' id='word_1_128' title='bbox 910 2694 1063 2788; x_wconf 79' lang='lat' dir='ltr'><strong>piscator</strong></span> <span class='ocrx_word' id='word_1_129' title='bbox 1087 2688 1202 2763; x_wconf 82' lang='lat' dir='ltr'><strong>hamis</strong></span> 
     </span>
     <span class='ocr_line' id='line_1_18' title="bbox 119 2811 1200 2910; baseline -0.004 -25"><span class='ocrx_word' id='word_1_130' title='bbox 119 2816 298 2888; x_wconf 81' lang='lat' dir='ltr'><strong>fallacibus</strong></span> <span class='ocrx_word' id='word_1_131' title='bbox 323 2816 515 2888; x_wconf 82' lang='lat' dir='ltr'><strong>baerentem</strong></span> <span class='ocrx_word' id='word_1_132' title='bbox 541 2836 660 2887; x_wconf 86' lang='lat' dir='ltr'><strong>escam</strong></span> <span class='ocrx_word' id='word_1_133' title='bbox 682 2816 796 2908; x_wconf 80' lang='lat' dir='ltr'><strong>rigido</strong></span> <span class='ocrx_word' id='word_1_134' title='bbox 816 2838 980 2889; x_wconf 86' lang='lat' dir='ltr'><strong>mucrone</strong></span> <span class='ocrx_word' id='word_1_135' title='bbox 1001 2811 1200 2910; x_wconf 83' lang='lat' dir='ltr'><strong>suspendit3</strong></span> 
     </span>
     <span class='ocr_line' id='line_1_19' title="bbox 23 2936 1200 3032; baseline -0.001 -27"><span class='ocrx_word' id='word_1_136' title='bbox 23 2992 31 3005; x_wconf 73' lang='grc'><strong><em>,</em></strong></span> <span class='ocrx_word' id='word_1_137' title='bbox 119 2938 282 3031; x_wconf 88' lang='lat' dir='ltr'><strong>quodque</strong></span> <span class='ocrx_word' id='word_1_138' title='bbox 305 2939 489 3012; x_wconf 89' lang='lat' dir='ltr'><strong>ridiculum</strong></span> <span class='ocrx_word' id='word_1_139' title='bbox 514 2936 660 3024; x_wconf 68' lang='lat' dir='ltr'><strong>dixeris</strong></span> <span class='ocrx_word' id='word_1_140' title='bbox 691 2961 816 3032; x_wconf 87' lang='lat' dir='ltr'><strong>aquam</strong></span> <span class='ocrx_word' id='word_1_141' title='bbox 844 2960 864 3009; x_wconf 92' lang='lat' dir='ltr'><strong>e</strong></span> <span class='ocrx_word' id='word_1_142' title='bbox 888 2948 994 3032; x_wconf 88' lang='lat' dir='ltr'><strong>puteo</strong></span> <span class='ocrx_word' id='word_1_143' title='bbox 1012 2936 1200 3032; x_wconf 64' lang='lat' dir='ltr'><strong>petiturus</strong></span> 
     </span>
     <span class='ocr_line' id='line_1_20' title="bbox 120 3057 1201 3154; baseline -0.006 -23"><span class='ocrx_word' id='word_1_144' title='bbox 120 3059 354 3153; x_wconf 81' lang='lat' dir='ltr'><strong>rubiginosam</strong></span> <span class='ocrx_word' id='word_1_145' title='bbox 387 3063 522 3154; x_wconf 80' lang='lat' dir='ltr'><strong>galeam</strong></span> <span class='ocrx_word' id='word_1_146' title='bbox 555 3061 697 3134; x_wconf 89' lang='lat' dir='ltr'><strong>sordido</strong></span> <span class='ocrx_word' id='word_1_147' title='bbox 721 3063 803 3132; x_wconf 86' lang='lat' dir='ltr'><strong>lune</strong></span> <span class='ocrx_word' id='word_1_148' title='bbox 828 3060 1011 3131; x_wconf 87' lang='lat' dir='ltr'><strong>connectit.</strong></span> <span class='ocrx_word' id='word_1_149' title='bbox 1043 3057 1201 3149; x_wconf 80' lang='lat' dir='ltr'><strong>Denique</strong></span> 
     </span>
     <span class='ocr_line' id='line_1_21' title="bbox 119 3179 1202 3275; baseline -0.006 -20"><span class='ocrx_word' id='word_1_150' title='bbox 119 3183 204 3255; x_wconf 95' lang='lat' dir='ltr'><strong>nibil</strong></span> <span class='ocrx_word' id='word_1_151' title='bbox 230 3183 306 3255; x_wconf 89' lang='lat' dir='ltr'><strong>sine</strong></span> <span class='ocrx_word' id='word_1_152' title='bbox 329 3184 436 3255; x_wconf 90' lang='lat' dir='ltr'><strong>armis</strong></span> <span class='ocrx_word' id='word_1_153' title='bbox 462 3184 519 3255; x_wconf 88' lang='lat' dir='ltr'><strong>bic</strong></span> <span class='ocrx_word' id='word_1_154' title='bbox 544 3184 669 3275; x_wconf 79' lang='lat' dir='ltr'><strong>agitur.</strong></span> <span class='ocrx_word' id='word_1_155' title='bbox 695 3183 780 3265; x_wconf 86' lang='lat' dir='ltr'><strong>Quis</strong></span> <span class='ocrx_word' id='word_1_156' title='bbox 807 3184 862 3253; x_wconf 91' lang='lat' dir='ltr'><strong>ille</strong></span> <span class='ocrx_word' id='word_1_157' title='bbox 888 3202 1022 3274; x_wconf 83' lang='lat' dir='ltr'><strong>pernox</strong></span> <span class='ocrx_word' id='word_1_158' title='bbox 1049 3179 1202 3251; x_wconf 89' lang='lat' dir='ltr'><strong>ululatus</strong></span> 
     </span>
     <span class='ocr_line' id='line_1_22' title="bbox 118 3304 1203 3399; baseline -0.007 -20"><span class='ocrx_word' id='word_1_159' title='bbox 118 3307 266 3399; x_wconf 79' lang='lat' dir='ltr'><strong>vigilum</strong></span> <span class='ocrx_word' id='word_1_160' title='bbox 292 3304 327 3375; x_wconf 95' lang='lat' dir='ltr'><strong>in</strong></span> <span class='ocrx_word' id='word_1_161' title='bbox 351 3306 541 3390; x_wconf 77' lang='lat' dir='ltr'><strong>moenibuS,</strong></span> <span class='ocrx_word' id='word_1_162' title='bbox 564 3325 645 3398; x_wconf 87' lang='lat' dir='ltr'><strong>quae</strong></span> <span class='ocrx_word' id='word_1_163' title='bbox 665 3326 772 3378; x_wconf 87' lang='lat' dir='ltr'><strong>voces</strong></span> <span class='ocrx_word' id='word_1_164' title='bbox 798 3306 844 3379; x_wconf 92' lang='lat' dir='ltr'><strong>ad</strong></span> <span class='ocrx_word' id='word_1_165' title='bbox 868 3328 966 3379; x_wconf 91' lang='lat' dir='ltr'><strong>arma</strong></span> <span class='ocrx_word' id='word_1_166' title='bbox 985 3305 1203 3378; x_wconf 89' lang='lat' dir='ltr'><strong>conclaman-</strong></span> 
     </span>
     <span class='ocr_line' id='line_1_23' title="bbox 120 3427 1204 3527; baseline -0.001 -29"><span class='ocrx_word' id='word_1_167' title='bbox 120 3427 218 3513; x_wconf 89' lang='lat' dir='ltr'><strong>tium,</strong></span> <span class='ocrx_word' id='word_1_168' title='bbox 254 3446 335 3521; x_wconf 87' lang='lat' dir='ltr'><strong>quae</strong></span> <span class='ocrx_word' id='word_1_169' title='bbox 363 3429 447 3498; x_wconf 92' lang='lat' dir='ltr'><strong>mibi</strong></span> <span class='ocrx_word' id='word_1_170' title='bbox 481 3429 516 3500; x_wconf 96' lang='lat' dir='ltr'><strong>in</strong></span> <span class='ocrx_word' id='word_1_171' title='bbox 547 3450 712 3503; x_wconf 90' lang='lat' dir='ltr'><strong>sonorum</strong></span> <span class='ocrx_word' id='word_1_172' title='bbox 738 3431 866 3515; x_wconf 91' lang='lat' dir='ltr'><strong>locum,</strong></span> <span class='ocrx_word' id='word_1_173' title='bbox 898 3451 987 3524; x_wconf 88' lang='lat' dir='ltr'><strong>quos</strong></span> <span class='ocrx_word' id='word_1_174' title='bbox 1020 3428 1158 3527; x_wconf 74' lang='lat' dir='ltr'><strong>blandis</strong></span> <span class='ocrx_word' id='word_1_175' title='bbox 1183 3447 1204 3496; x_wconf 83' lang='lat' dir='ltr'><strong>a</strong></span> 
     </span>
     <span class='ocr_line' id='line_1_24' title="bbox 119 3545 1203 3644; baseline -0.002 -25"><span class='ocrx_word' id='word_1_176' title='bbox 119 3545 248 3620; x_wconf 88' lang='lat' dir='ltr'><strong>fidibus</strong></span> <span class='ocrx_word' id='word_1_177' title='bbox 272 3550 471 3644; x_wconf 82' lang='lat' dir='ltr'><strong>exprimere</strong></span> <span class='ocrx_word' id='word_1_178' title='bbox 496 3572 763 3637; x_wconf 87' lang='lat' dir='ltr'><strong>consueveram,</strong></span> <span class='ocrx_word' id='word_1_179' title='bbox 786 3555 1015 3626; x_wconf 72' lang='lat' dir='ltr'><strong>successere?</strong></span> <span class='ocrx_word' id='word_1_180' title='bbox 1032 3550 1124 3621; x_wconf 90' lang='lat' dir='ltr'><strong>Nibil</strong></span> <span class='ocrx_word' id='word_1_181' title='bbox 1150 3550 1203 3617; x_wconf 90' lang='lat' dir='ltr'><strong>in-</strong></span> 
     </span>
     <span class='ocr_line' id='line_1_25' title="bbox 120 3670 1206 3765; baseline -0.003 -22"><span class='ocrx_word' id='word_1_182' title='bbox 120 3670 205 3743; x_wconf 88' lang='lat' dir='ltr'><strong>colis</strong></span> <span class='ocrx_word' id='word_1_183' title='bbox 226 3671 353 3743; x_wconf 91' lang='lat' dir='ltr'><strong>barum</strong></span> <span class='ocrx_word' id='word_1_184' title='bbox 375 3673 558 3765; x_wconf 83' lang='lat' dir='ltr'><strong>regionum</strong></span> <span class='ocrx_word' id='word_1_185' title='bbox 584 3675 674 3746; x_wconf 89' lang='lat' dir='ltr'><strong>inter</strong></span> <span class='ocrx_word' id='word_1_186' title='bbox 701 3698 739 3749; x_wconf 89' lang='lat' dir='ltr'><strong>sc</strong></span> <span class='ocrx_word' id='word_1_187' title='bbox 764 3687 825 3751; x_wconf 91' lang='lat' dir='ltr'><strong>aut</strong></span> <span class='ocrx_word' id='word_1_188' title='bbox 850 3687 961 3749; x_wconf 89' lang='lat' dir='ltr'><strong>tutum</strong></span> <span class='ocrx_word' id='word_1_189' title='bbox 983 3673 1118 3755; x_wconf 90' lang='lat' dir='ltr'><strong>videas,</strong></span> <span class='ocrx_word' id='word_1_190' title='bbox 1144 3679 1206 3742; x_wconf 88' lang='lat' dir='ltr'><strong>aut</strong></span> 
     </span>
     <span class='ocr_line' id='line_1_26' title="bbox 121 3794 1205 3885; baseline 0.001 -22"><span class='ocrx_word' id='word_1_191' title='bbox 121 3802 282 3885; x_wconf 88' lang='lat' dir='ltr'><strong>pacatum</strong></span> <span class='ocrx_word' id='word_1_192' title='bbox 302 3796 438 3883; x_wconf 72' lang='lat' dir='ltr'><strong>audias</strong></span> <span class='ocrx_word' id='word_1_193' title='bbox 461 3806 522 3868; x_wconf 92' lang='lat' dir='ltr'><strong>aut</strong></span> <span class='ocrx_word' id='word_1_194' title='bbox 539 3798 731 3872; x_wconf 90' lang='lat' dir='ltr'><strong>humanum</strong></span> <span class='ocrx_word' id='word_1_195' title='bbox 758 3800 902 3884; x_wconf 88' lang='lat' dir='ltr'><strong>sentias,</strong></span> <span class='ocrx_word' id='word_1_196' title='bbox 926 3794 991 3869; x_wconf 92' lang='lat' dir='ltr'><strong>sed</strong></span> <span class='ocrx_word' id='word_1_197' title='bbox 1015 3794 1144 3866; x_wconf 93' lang='lat' dir='ltr'><strong>bellum</strong></span> <span class='ocrx_word' id='word_1_198' title='bbox 1169 3804 1205 3864; x_wconf 90' lang='lat' dir='ltr'><strong>et</strong></span> 
     </span>
     <span class='ocr_line' id='line_1_27' title="bbox 121 3914 1205 4013; baseline -0.001 -27"><span class='ocrx_word' id='word_1_199' title='bbox 121 3915 202 3987; x_wconf 90' lang='lat' dir='ltr'><strong>odia</strong></span> <span class='ocrx_word' id='word_1_200' title='bbox 228 3927 263 3988; x_wconf 92' lang='lat' dir='ltr'><strong>et</strong></span> <span class='ocrx_word' id='word_1_201' title='bbox 285 3919 450 4013; x_wconf 89' lang='lat' dir='ltr'><strong>operibus</strong></span> <span class='ocrx_word' id='word_1_202' title='bbox 486 3921 685 3993; x_wconf 87' lang='lat' dir='ltr'><strong>daemonum</strong></span> <span class='ocrx_word' id='word_1_203' title='bbox 718 3932 842 3994; x_wconf 90' lang='lat' dir='ltr'><strong>cuncta</strong></span> <span class='ocrx_word' id='word_1_204' title='bbox 876 3917 1058 3992; x_wconf 90' lang='lat' dir='ltr'><strong>simillima.</strong></span> <span class='ocrx_word' id='word_1_205' title='bbox 1081 3915 1142 3986; x_wconf 86' lang='lat' dir='ltr'><strong>llis</strong></span> <span class='ocrx_word' id='word_1_206' title='bbox 1169 3914 1205 3985; x_wconf 91' lang='lat' dir='ltr'><strong>in</strong></span> 
     </span>
     <span class='ocr_line' id='line_1_28' title="bbox 122 4035 1205 4139; baseline 0.001 -33"><span class='ocrx_word' id='word_1_207' title='bbox 122 4037 219 4124; x_wconf 90' lang='lat' dir='ltr'><strong>locis,</strong></span> <span class='ocrx_word' id='word_1_208' title='bbox 242 4049 340 4134; x_wconf 86' lang='lat' dir='ltr'><strong>pater</strong></span> <span class='ocrx_word' id='word_1_209' title='bbox 356 4041 499 4139; x_wconf 81' lang='lat' dir='ltr'><strong>inclyte,</strong></span> <span class='ocrx_word' id='word_1_210' title='bbox 518 4042 609 4115; x_wconf 89' lang='lat' dir='ltr'><strong>inter</strong></span> <span class='ocrx_word' id='word_1_211' title='bbox 628 4044 805 4114; x_wconf 87' lang='lat' dir='ltr'><strong>volentem</strong></span> <span class='ocrx_word' id='word_1_212' title='bbox 823 4064 864 4113; x_wconf 90' lang='lat' dir='ltr'><strong>ac</strong></span> <span class='ocrx_word' id='word_1_213' title='bbox 880 4041 1053 4112; x_wconf 81' lang='lat' dir='ltr'><strong>nolentem</strong></span> <span class='ocrx_word' id='word_1_214' title='bbox 1074 4035 1205 4109; x_wconf 83' lang='lat' dir='ltr'><strong>dubius</strong></span> 
     </span>
     <span class='ocr_line' id='line_1_29' title="bbox 121 4159 1207 4258; baseline -0.003 -23"><span class='ocrx_word' id='word_1_215' title='bbox 121 4164 191 4237; x_wconf 90' lang='lat' dir='ltr'><strong>iam</strong></span> <span class='ocrx_word' id='word_1_216' title='bbox 209 4173 352 4235; x_wconf 89' lang='lat' dir='ltr'><strong>sextum</strong></span> <span class='ocrx_word' id='word_1_217' title='bbox 372 4165 548 4239; x_wconf 90' lang='lat' dir='ltr'><strong>decimum</strong></span> <span class='ocrx_word' id='word_1_218' title='bbox 565 4166 657 4237; x_wconf 90' lang='lat' dir='ltr'><strong>diem</strong></span> <span class='ocrx_word' id='word_1_219' title='bbox 676 4188 755 4258; x_wconf 78' lang='lat' dir='ltr'><strong>ago,</strong></span> <span class='ocrx_word' id='word_1_220' title='bbox 776 4173 819 4249; x_wconf 79' lang='lat' dir='ltr'><strong>et,</strong></span> <span class='ocrx_word' id='word_1_221' title='bbox 841 4169 1011 4256; x_wconf 92' lang='lat' dir='ltr'><strong>quantum</strong></span> <span class='ocrx_word' id='word_1_222' title='bbox 1037 4167 1153 4255; x_wconf 83' lang='lat' dir='ltr'><strong>potest</strong></span> <span class='ocrx_word' id='word_1_223' title='bbox 1170 4159 1207 4232; x_wconf 90' lang='lat' dir='ltr'><strong>iu</strong></span> 
     </span>
     <span class='ocr_line' id='line_1_30' title="bbox 120 4280 1209 4378; baseline -0.009 -17"><span class='ocrx_word' id='word_1_224' title='bbox 120 4288 229 4361; x_wconf 86' lang='lat' dir='ltr'><strong>rebus</strong></span> <span class='ocrx_word' id='word_1_225' title='bbox 255 4288 419 4363; x_wconf 88' lang='lat' dir='ltr'><strong>omnibus</strong></span> <span class='ocrx_word' id='word_1_226' title='bbox 443 4286 675 4372; x_wconf 89' lang='lat' dir='ltr'><strong>consuetudo,</strong></span> <span class='ocrx_word' id='word_1_227' title='bbox 710 4290 848 4378; x_wconf 80' lang='lat' dir='ltr'><strong>fragore</strong></span> <span class='ocrx_word' id='word_1_228' title='bbox 872 4283 1019 4355; x_wconf 92' lang='lat' dir='ltr'><strong>militum</strong></span> <span class='ocrx_word' id='word_1_229' title='bbox 1058 4290 1095 4356; x_wconf 85' lang='lat' dir='ltr'><strong>et</strong></span> <span class='ocrx_word' id='word_1_230' title='bbox 1128 4280 1209 4354; x_wconf 82' lang='lat' dir='ltr'><strong>stri-</strong></span> 
     </span>
     <span class='ocr_line' id='line_1_31' title="bbox 120 4405 1209 4498; baseline -0.006 -15"><span class='ocrx_word' id='word_1_231' title='bbox 120 4410 205 4484; x_wconf 92' lang='lat' dir='ltr'><strong>dore</strong></span> <span class='ocrx_word' id='word_1_232' title='bbox 226 4412 349 4484; x_wconf 89' lang='lat' dir='ltr'><strong>lituum</strong></span> <span class='ocrx_word' id='word_1_233' title='bbox 369 4412 507 4485; x_wconf 77' lang='lat' dir='ltr'><strong>caeteris</strong></span> <span class='ocrx_word' id='word_1_234' title='bbox 527 4410 563 4482; x_wconf 91' lang='lat' dir='ltr'><strong>in</strong></span> <span class='ocrx_word' id='word_1_235' title='bbox 582 4430 696 4483; x_wconf 87' lang='lat' dir='ltr'><strong>arcem</strong></span> <span class='ocrx_word' id='word_1_236' title='bbox 715 4405 1017 4491; x_wconf 87' lang='lat' dir='ltr'><strong>concurrentibus,</strong></span> <span class='ocrx_word' id='word_1_237' title='bbox 1036 4427 1092 4477; x_wconf 88' lang='lat' dir='ltr'><strong>mc</strong></span> <span class='ocrx_word' id='word_1_238' title='bbox 1113 4424 1209 4498; x_wconf 78' lang='lat' dir='ltr'><strong>saepe</strong></span> 
     </span>
     <span class='ocr_line' id='line_1_32' title="bbox 122 4528 1210 4628; baseline -0.003 -22"><span class='ocrx_word' id='word_1_239' title='bbox 122 4556 187 4627; x_wconf 85' lang='lat' dir='ltr'><strong>per</strong></span> <span class='ocrx_word' id='word_1_240' title='bbox 211 4534 280 4608; x_wconf 90' lang='lat' dir='ltr'><strong>bos</strong></span> <span class='ocrx_word' id='word_1_241' title='bbox 304 4537 411 4608; x_wconf 85' lang='lat' dir='ltr'><strong>colles</strong></span> <span class='ocrx_word' id='word_1_242' title='bbox 435 4556 567 4628; x_wconf 77' lang='lat' dir='ltr'><strong>vagrrm</strong></span> <span class='ocrx_word' id='word_1_243' title='bbox 593 4531 732 4617; x_wconf 86' lang='lat' dir='ltr'><strong>videas,</strong></span> <span class='ocrx_word' id='word_1_244' title='bbox 755 4538 861 4624; x_wconf 87' lang='lat' dir='ltr'><strong>atque</strong></span> <span class='ocrx_word' id='word_1_245' title='bbox 880 4528 1014 4626; x_wconf 86' lang='lat' dir='ltr'><strong>aliquid</strong></span> <span class='ocrx_word' id='word_1_246' title='bbox 1032 4528 1129 4625; x_wconf 84' lang='lat' dir='ltr'><strong>quod</strong></span> <span class='ocrx_word' id='word_1_247' title='bbox 1148 4548 1210 4622; x_wconf 72' lang='lat' dir='ltr'><strong>po</strong></span> 
     </span>
    </p>
   </div>
   <div class='ocr_carea' id='block_1_3' title="bbox 0 0 1365 5024">
    <p class='ocr_par' dir='ltr' id='par_1_3' title="bbox 0 0 1365 5024">
     <span class='ocr_line' id='line_1_33' title="bbox 0 0 1365 5024; baseline 0 0"><span class='ocrx_word' id='word_1_248' title='bbox 0 0 1365 5024; x_wconf 95' lang='lat' dir='ltr'><strong> </strong></span> 
     </span>
    </p>
   </div>
  </div>
 </body>
</html>
