2692 5024
130 664 165 723 tc
461 671 612 721 arissam
634 671 675 720 an
697 670 866 720 rosrsnos.

128 819 218 887 tatus
240 816 426 896 videretur,
448 837 526 885 cum
547 814 604 885 (lie
623 814 774 904 quodam
795 812 830 882 in
849 822 1012 913 montana
1031 834 1194 883 conscen-

127 939 230 1022 dens,
256 941 342 1009 forte
366 947 462 1007 trans
487 935 624 1005 Entiam
650 957 786 1005 amnem
814 934 978 1024 Rheginis
1004 935 1039 1004 in
1068 934 1194 1007 finibus

127 1061 257 1133 Silvam
280 1079 360 1152 quae
385 1059 492 1129 Plana
511 1056 635 1128 dicitur
655 1056 835 1141 adiissem,
857 1054 973 1126 subita
993 1056 1056 1127 loci
1082 1058 1196 1149 specie

128 1202 330 1275 percussus,
364 1181 410 1252 ad
441 1179 673 1250 intermissam
706 1177 857 1249 Africam
884 1178 1000 1249 stilum
1024 1179 1137 1260 verti;
1161 1191 1195 1251 et

126 1306 261 1377 servom
289 1303 408 1385 animi,
435 1302 496 1393 qui
513 1301 645 1394 sopitus
666 1300 859 1385 videbatur,
881 1301 1045 1386 excitato,
1073 1303 1194 1396 scripsi

128 1426 377 1519 aliquantulum
402 1424 458 1495 die
482 1423 551 1507 iilo,
583 1434 661 1516 post
688 1423 860 1495 continuis
889 1423 1012 1495 diebus
1044 1424 1196 1516 quotidie

129 1547 274 1640 aliquid,
295 1547 405 1619 donec
429 1547 590 1617 Parmam
614 1545 753 1617 rediens
777 1556 813 1617 et
836 1556 1011 1638 repostam
1036 1566 1076 1615 ac
1101 1558 1196 1617 tran-

126 1670 269 1761 quillam
286 1678 407 1740 nactus
424 1668 580 1752 domum,
599 1688 680 1760 qum
699 1677 820 1760 postea
835 1677 950 1760 empta
956 1670 966 1752 ,'
982 1689 1074 1738 nune
1090 1668 1195 1739 stiam

128 1811 205 1863 mea
223 1799 289 1872 est,
312 1800 405 1860 tanto
426 1790 551 1861 ardore
573 1811 662 1882 opus
687 1789 786 1873 illud,
807 1810 877 1859 non
900 1809 1026 1879 magno
1050 1789 1087 1859 in
1111 1801 1196 1861 tem-

128 1936 221 2007 pora,
237 1912 427 1984 aderitum
444 1913 588 1997 deduxi,
607 1921 646 1982 ut
664 1913 739 2004 ipse
756 1934 896 2004 quoqne
914 1932 1005 1981 nunc
1025 1922 1194 2004 stupeam.

129 2034 211 2105 Inde
223 2054 386 2104 reversus
400 2031 444 2102 ad
456 2035 584 2103 fontem
601 2031 733 2123 Sergiae
744 2042 780 2105 ct
796 2031 841 2103 ad
855 2031 1071 2102 sotitudinem
1084 2042 1197 2102 trans—

129 2155 278 2247 alpinam
305 2155 389 2227 redii
414 2176 493 2225 cum
514 2155 583 2226 iam
603 2164 765 2245 quartum
790 2165 825 2225 et
850 2153 1063 2244 trigesimum
1083 2154 1196 2224 aetatis

129 2298 257 2348 annum
280 2287 357 2370 post
386 2287 483 2368 terga
506 2276 750 2368 relinquerem
780 2277 908 2366 diuque
936 2287 971 2346 et
999 2279 1135 2348 Parmae
1163 2287 1199 2347 et

129 2401 155 2467 V
157 2420 273 2469 eronae
291 2410 461 2482 versatus,
478 2409 513 2469 et
530 2396 667 2488 ubique,
682 2398 753 2468 Dec
770 2396 909 2487 gratias,
925 2418 1029 2468 carus
1046 2398 1194 2482 habitus

130 2522 235 2590 multo
261 2521 407 2611 amplius
432 2542 537 2612 quam
563 2502 726 2589 vaterem.
760 2520 918 2610 Longum
951 2532 1030 2612 pcst
1058 2531 1196 2612 tempus

89 2613 93 2624 Ι
130 2641 193 2710 viri
219 2641 353 2731 optimi,
379 2652 415 2710 et
438 2641 537 2710 cuius
558 2641 674 2712 nescio
700 2663 744 2711 an
767 2664 788 2712 a
813 2664 955 2714 numero
979 2643 1195 2715 dominorum

128 2761 312 2852 quisquam
334 2762 455 2832 similis
481 2784 547 2832 sua
571 2773 672 2834 aetata
692 2765 746 2835 vir
765 2767 881 2848 suerit,
900 2767 1005 2838 immo
1020 2788 1105 2836 vero
1126 2766 1197 2838 seio

127 2882 220 2974 quod
245 2884 371 2967 nuilus,
397 2883 510 2955 Iacchi
537 2885 582 2956 de
609 2886 793 2958 Carrharia
814 2888 959 2959 Iunioris
980 2892 1083 2962 iamoe
1106 2912 1197 2983 prae-

128 3007 223 3077 conio
244 3005 517 3078 benevolentiam
535 2994 694 3100 adepsus,
713 3011 845 3080 nunciis
866 3034 1004 3103 quoque
1023 3026 1058 3083 et
1077 3014 1197 3085 litteris

130 3149 240 3218 usquc
259 3138 353 3197 trans
367 3126 480 3220 Alpes,
499 3128 638 3220 quando
655 3128 702 3199 ibi
719 3152 825 3216 cram,
843 3143 878 3203 ct
894 3154 954 3224 per
972 3134 1103 3202 ltaliam
1120 3135 1198 3203 ubi-

128 3270 274 3337 cumque
294 3248 343 3318 sui
362 3251 489 3320 multos
510 3273 570 3342 per
595 3273 703 3323 annos
727 3254 829 3324 tantis
851 3254 1011 3346 precibus
1032 3255 1195 3344 fatigatus

129 3392 218 3453 sum,
241 3371 329 3439 etin
351 3394 449 3441 suam
472 3373 671 3446 sollicitatus
694 3376 892 3461 amicitiam,
915 3389 952 3448 ut
971 3377 1131 3470 quamvis
1152 3378 1196 3449 de

129 3491 282 3561 felicibus
304 3492 349 3561 nil
371 3515 554 3584 sperarem,
574 3498 784 3569 decreverim
808 3500 944 3571 tandem
966 3499 1080 3591 ipsum
1102 3503 1197 3572 adire

128 3625 160 3683 et
181 3614 299 3685 videre
319 3614 403 3705 quid
424 3616 487 3685 sihi
510 3616 587 3688 haic
606 3621 723 3709 magni
741 3632 777 3690 et
797 3621 902 3711 ignoti
924 3623 988 3693 viri
1009 3634 1104 3693 tanta
1124 3626 1197 3695 vel·

128 3740 173 3808 let
198 3738 370 3808 instantia.
397 3739 515 3830 ltaque
541 3763 618 3812 sero
642 3741 780 3832 quidem
806 3745 988 3814 Patavium
1014 3745 1109 3829 veni,
1138 3746 1196 3817 ubi

129 3861 174 3930 ab
199 3863 255 3931 illc
274 3862 478 3933 clarissimae
499 3863 674 3933 memcriae
700 3864 775 3935 viro
800 3887 867 3934 non
894 3867 1042 3936 humane
1064 3878 1195 3937 tantum

130 3984 190 4055 sed
212 3985 299 4056 sicut
320 3985 352 4053 in
373 3987 498 4055 coelum
516 3987 629 4055 salices
646 3984 772 4055 animae
794 3988 1016 4079 recipiuntur,
1036 4001 1195 4082 acceptus

130 4130 217 4189 sum,
243 4119 334 4178 tanto
355 4130 433 4176 cum
460 4107 598 4196 gaudio,
623 4117 760 4199 tamque
781 4109 1011 4180 inaestimabili
1031 4112 1196 4181 charitate

130 4248 169 4294 ac
186 4229 319 4316 pictate,
341 4241 377 4299 ut
394 4228 475 4319 quia
493 4250 635 4320 aequare
650 4251 727 4300 eam
745 4231 861 4302 verbis
880 4255 982 4324 posse
999 4255 1066 4302 non
1084 4252 1192 4321 spero,

130 4345 262 4415 silent-ic
282 4349 505 4439 opprimenda
526 4349 580 4419 sit.
604 4350 693 4421 Inter
714 4357 820 4424 multa
847 4355 957 4425 sciens
981 4377 1036 4424 me
1054 4351 1194 4423 clerica-

131 4470 192 4539 lem
221 4468 325 4539 vitam
352 4493 370 4538 a
398 4472 541 4560 pueritia
568 4473 732 4557 tenuisse,
756 4487 794 4546 ut
813 4498 868 4546 me
887 4498 955 4548 nen
977 4476 1041 4547 sibi
1069 4477 1193 4555 solum,
