2692 5024
389 694 480 742 urana
502 693 867 753 conanus-ammom
890 695 951 742 ruv.
1148 680 1204 744 237

134 842 390 936 inquisitionem
417 841 476 913 tihi
501 844 718 915 commisisse
749 843 884 926 videar,
923 863 1028 934 quam
1070 842 1209 914 nonnisi

133 964 409 1058 quingentesimo
426 987 516 1038 anno
538 964 672 1037 renasci
691 965 847 1048 solitam,
876 986 917 1036 ac
938 974 1009 1037 toto
1033 964 1116 1036 orbe
1134 965 1211 1035 uni-

131 1109 208 1160 cam
229 1091 358 1173 serunt,
386 1098 422 1159 et
445 1088 545 1161 nobis
571 1090 606 1158 in
634 1089 812 1162 occidente
839 1086 961 1181 positis
987 1087 1207 1179 incognitam.

133 1212 229 1281 Vale.
976 1231 978 1234 ⁴

543 1595 719 1659 EPISTULA
740 1597 796 1661 XV.

158 1792 349 1841 rannelscos
367 1791 533 1840 Parauaea
550 1791 681 1840 lutitant
699 1792 834 1840 ANDREAE
853 1792 1085 1844 nodomarius.
1105 1795 1132 1843 P.
1151 1796 1180 1842 D.

180 1975 368 2048 Reprehendit
381 1977 528 2031 vanitatem
541 1976 617 2043 eius,
631 1981 659 2030 et
673 1975 821 2030 nonnullos
834 1975 896 2030 eius
910 1991 1018 2030 errores
1033 1977 1156 2047 castigat.

255 2202 355 2273 Dicto
375 2199 513 2271 difficile
533 2210 587 2270 est
611 2210 778 2292 quantum
804 2220 908 2269 aures
934 2220 1048 2284 meaS,
1072 2200 1208 2291 vulgari

132 2327 246 2395 sessus
271 2322 431 2416 strepitu,
450 2322 595 2414 epistola
615 2331 674 2391 tua
695 2320 749 2391 bis
771 2331 892 2413 terque
913 2322 1038 2392 relecta
1059 2324 1209 2415 permul-

133 2445 230 2516 serit:
252 2466 332 2538 quae
361 2465 573 2538 quamquam
601 2443 661 2515 tihi
686 2443 836 2514 verbosa
870 2443 1063 2529 videretur,
1100 2456 1137 2514 ut
1161 2467 1208 2515 ex

132 2566 201 2636 fine
220 2567 386 2656 cognovi,
409 2587 475 2657 ego
496 2576 612 2636 tamen
632 2567 666 2634 in
686 2587 728 2637 ea
744 2566 791 2636 nil
811 2576 938 2661 praeter
955 2564 1208 2659 breviloquium
1287 2641 1289 2646 ,

132 2691 305 2761 accusavi.
340 2691 461 2783 ltaque
486 2689 786 2761 comminationem
807 2690 899 2762 illam
920 2690 1091 2774 ultimam,
1114 2692 1209 2783 quod

132 2811 295 2907 deinceps
319 2813 595 2908 compendiosior
632 2814 681 2885 sis
717 2816 871 2900 futurus,
905 2814 1035 2886 invitus
1072 2816 1207 2910 aspexi.

131 2938 266 3008 Mallem
287 2938 454 3032 prolixior
478 2960 589 3010 esses.
613 2939 655 3009 Ut
675 2936 757 3007 libet
778 2947 911 3008 tamen:
933 2948 970 3008 tu
996 2947 1111 3031 pater:
1139 2959 1207 3007 non

133 3070 167 3129 te
193 3058 286 3145 mihi,
323 3060 385 3132 sed
411 3082 468 3130 me
493 3060 553 3131 tibi
578 3081 709 3130 morem
736 3081 857 3149 gerere
883 3059 1026 3149 dignum
1051 3068 1116 3128 est.
1139 3059 1209 3130 Sed

133 3180 224 3250 itane
256 3189 365 3251 toturn
389 3180 425 3250 in
459 3191 517 3251 tua
542 3201 647 3250 manu
672 3178 823 3274 positum
856 3180 948 3249 orit?
980 3178 1033 3249 An
1067 3179 1208 3271 ignoras

131 3303 225 3397 quod
258 3324 350 3398 saepe
386 3304 530 3374 consilio
568 3301 747 3375 dissimilis
783 3314 838 3374 est
872 3307 1052 3374 evcntus‘?
1075 3301 1208 3376 Audies

131 3431 217 3499 forte
243 3427 337 3521 quod
361 3429 417 3498 vel
443 3427 568 3499 silentii
595 3426 736 3521 avidum
761 3426 854 3518 loqui
881 3437 991 3517 cogat.
1010 3428 1086 3514 vis,
1115 3427 1209 3521 quod

131 3549 281 3621 minitari
316 3550 459 3634 videor,
487 3550 554 3622 iam
580 3572 672 3621 nunc
691 3548 798 3621 rebus
818 3549 1008 3645 impleam?
1032 3553 1153 3622 Testor
1174 3551 1209 3619 in

130 3672 251 3765 primis
283 3674 441 3745 eamdem
462 3696 518 3745 me
539 3673 582 3744 de
604 3684 638 3745 te
662 3672 857 3765 opinionem
879 3696 1016 3765 gerere,
1038 3672 1208 3764 quamde

132 3791 316 3866 Aristotele
337 3797 549 3881 Macrobius3
576 3820 639 3869 seu
659 3797 751 3869 illam
773 3818 884 3880 amor,
913 3817 974 3866 seu
1000 3795 1130 3865 veritas
1148 3816 1208 3885 ge-

133 3916 256 3987 nuerit.
277 3921 347 3990 Vix
372 3931 405 3992 te
431 3921 562 4015 aliquid
585 3894 747 4013 ignorare
767 3941 871 4012 posse
892 3919 1049 3989 arbitror.
1072 3917 1208 4010 Siquid
1257 3998 1266 4016 *-

131 4047 246 4110 autem
267 4064 352 4114 vero
373 4044 561 4116 adversum
595 4043 657 4115 tibi
681 4043 826 4126 excidit,
855 4052 916 4112 aut
941 4041 1056 4111 minus
1081 4041 1208 4133 praevi-

130 4161 241 4247 disse,
268 4177 329 4236 aut
350 4168 460 4261 (quod
480 4168 524 4239 de
544 4168 667 4239 eodem
689 4165 737 4237 ait
755 4165 866 4257 idern)
888 4163 1016 4234 lusisse
1043 4173 1076 4234 te
1094 4163 1209 4259 suspi-

129 4308 199 4359 cor.
220 4287 351 4383 Nempe
370 4287 465 4381 quod
482 4289 527 4360 de
541 4287 752 4384 Hieronymo
770 4285 906 4371 scribiS,
928 4296 963 4359 te
975 4285 1070 4357 iilum
1092 4307 1209 4357 sacro

129 4432 207 4480 rum
232 4411 418 4482 Doctorum
439 4433 486 4481 ex
507 4431 653 4482 numero
669 4410 881 4506 praetulisse‚
897 4411 992 4483 haud
1004 4432 1135 4483 novum
1153 4421 1209 4483 est

130 4533 224 4605 mihi.
247 4535 357 4609 Vetus
374 4543 432 4607 est
442 4534 509 4608 iam
524 4547 560 4610 et
570 4536 639 4610 late
650 4536 824 4632 cognitum
838 4536 906 4610 hoo
918 4535 1082 4612 iudicium
1096 4546 1205 4611 tuum.
