2692 5024
533 731 794 780 Pnotzuottttnon.
1126 734 1187 784 CXV

148 869 199 942 Ep.
219 868 264 922 15.
285 867 400 924 Cannio
414 868 450 922 Ill
465 870 537 924 ltus.
554 869 744 925 leaenarum.
755 901 791 912 -
808 872 911 927 Vereor
924 890 970 927 ne.

308 959 379 1030 erp.
396 957 529 1013 Hortatur
541 958 643 1012 iterum
657 975 692 1013 nc
704 975 750 1013 res
763 959 848 1014 ltaliae
871 960 1017 1034 despiciat,
1040 978 1124 1034 seque
1138 962 1192 1017 no

343 1063 457 1102 manum
472 1046 671 1119 Imperatorem
685 1065 745 1104 esse
759 1051 924 1106 meminerit.

147 1135 198 1209 Ep.
219 1135 264 1192 16.
284 1135 406 1191 tonnam
421 1134 515 1190 Eersc.
531 1135 718 1190 Onnurmnst.
729 1137 853 1212 -Erpo
867 1139 946 1209 quio.

308 1224 379 1296 Arp.
400 1221 499 1278 Carere
514 1240 543 1279 se
557 1224 656 1279 litteris
668 1225 728 1279 eius
742 1226 894 1297 aegrotari,
909 1235 937 1282 et
950 1229 1100 1300 quamdam
1114 1245 1191 1302 spem

343 1331 423 1370 suam
436 1314 465 1369 in
478 1315 589 1369 irritum
603 1315 717 1370 cessisse
730 1316 845 1370 minime
858 1315 943 1372 dolet.

148 1405 200 1479 Ep.
220 1406 265 1462 17.
286 1405 400 1460 Hnoom
415 1406 520 1460 Sason
535 1406 680 1460 Serenam.
692 1405 860 1460 -Lr'tteraa
874 1412 939 1460 tuor
953 1407 1066 1478 tnotyte.

309 1496 381 1567 Arp.
406 1494 497 1550 Flacci
520 1494 660 1549 sefacere
683 1494 757 1566 quud
779 1511 824 1549 res
846 1511 903 1550 suae
925 1495 1039 1568 Neapoli
1059 1513 1139 1551 secus
1161 1513 1192 1551 ac

342 1584 454 1657 optabat
467 1584 616 1639 acciderint
628 1600 661 1638 ex
682 1585 762 1656 culpa
783 1585 936 1640 aulicorum
958 1585 1103 1640 hominum
1122 1602 1192 1657 quos

343 1673 422 1727 udde
436 1674 581 1745 vituperat.

149 1761 201 1835 Ep.
222 1761 265 1818 18.
286 1762 415 1818 Nicoma
427 1762 593 1818 deorumn.
604 1794 640 1805 -
653 1763 690 1817 Te
703 1765 821 1835 quidem
834 1765 889 1819 vir.

307 1851 379 1922 Ara.
396 1850 517 1921 Laudat,
532 1858 624 1923 grates
636 1853 707 1924 agit,
722 1854 895 1911 commendat
914 1853 1050 1923 amicum,
1064 1859 1092 1909 et
1105 1855 1192 1926 loqui·

342 1946 389 1995 tur
402 1940 437 1994 de
450 1947 538 1996 morte
552 1943 634 2014 regis.
1173 1968 1182 1979 ·

149 2031 199 2103 Ep.
220 2031 264 2086 19.
286 2032 409 2087 lonium
424 2045 460 2086 nn
474 2030 635 2088 Geneatae.
647 2034 777 2088 -rinno
792 2041 900 2088 exacto.

309 2122 381 2194 Arp.
397 2121 438 2177 De
451 2120 572 2194 quodam
586 2121 758 2178 adolescente
773 2124 973 2179 Ravennatem
987 2139 1066 2179 suam
1079 2124 1192 2179 familia-

343 2211 453 2271 ritatem
475 2227 572 2265 reeens
594 2215 713 2282 accepto.
738 2211 777 2265 De
796 2212 962 2281 imitatione,
977 2219 1005 2268 et
1018 2214 1108 2285 plagio
1121 2214 1192 2269 litte

344 2317 426 2354 rann.

149 2389 199 2462 Ep.
219 2387 263 2444 m.
285 2387 446 2443 manciaco
460 2387 561 2442 Bauno
575 2386 770 2443 Fnonnnrnto.
783 2389 880 2445 -Sat
893 2406 1042 2461 mopanm.

308 2476 379 2548 Arp.
400 2473 497 2546 Ignoto
519 2491 552 2529 ex
576 2475 689 2530 alterius
712 2476 852 2531 voluntate
874 2477 982 2545 scribit,
1002 2484 1030 2532 et
1045 2493 1074 2532 se
1087 2477 1189 2550 profert

345 2566 475 2620 amicum.

151 2655 201 2728 Ep.
221 2654 265 2709 21.
286 2654 401 2710 canoto
415 2653 453 2708 lv
467 2653 538 2708 Auo.
555 2653 791 2711 1111111011.-
800 2655 902 2711 Fessus
912 2658 1070 2729 promeriti.

308 2745 380 2817 Arp.
400 2744 510 2799 Rursus
524 2744 650 2800 hortatur
663 2744 697 2800 ad
712 2745 830 2801 Romani
849 2745 960 2819 Imperii
981 2745 1095 2818 gloriam
1115 2745 1191 2802 reati·

343 2830 487 2888 tuendam.

558 3023 665 3086 tmen
689 3023 786 3085 xxw.

148 3200 199 3274 Ep.
237 3199 264 3253 1.
284 3199 424 3255 anreeo
439 3199 534 3254 Eersc.
551 3199 766 3255 CAVALLICENSI.
776 3231 811 3241 -
821 3200 895 3254 Ante
910 3201 960 3254 hoa
974 3200 1105 3271 tripinto.

306 3291 379 3362 tiro.
398 3289 438 3345 De
451 3289 584 3344 brevitate
596 3290 666 3345 ritae.

148 3383 198 3458 Ep.
236 3381 262 3436 2.
283 3383 382 3438 Punmt
395 3379 658 3436 vicennio-tn
671 3380 844 3435 suburbano.
932 3388 939 3403 ⁸

307 3473 379 3545 alep.
399 3469 501 3526 Narrat
519 3486 548 3526 se
567 3470 596 3525 in
617 3469 818 3526 contentionem
839 3470 989 3526 adductum
1012 3487 1075 3527 cum
1099 3471 1191 3542 aliquo

342 3561 390 3633 qui
405 3560 563 3616 Ciceronem
576 3559 729 3614 ullomodo
743 3560 909 3632 reprehendi
922 3577 977 3616 non
991 3560 1154 3634 patiebatur.

149 3649 199 3722 Ep.
237 3649 263 3704 3.
283 3649 319 3704 M.
334 3649 441 3703 Tunnro
455 3645 603 3702 Crcnnom.
614 3677 650 3688 -
660 3646 807 3718 Epictetus
820 3653 894 3703 tuos.

308 3739 380 3811 Arp.
400 3737 590 3810 Reprehendit
603 3742 731 3792 naturam
745 3737 804 3792 eius
825 3739 1024 3792 inconstantem
1041 3742 1069 3790 et
1082 3741 1191 3790 conten-

347 3827 454 3882 tiosam.

148 3915 200 3988 Ep.
238 3913 265 3967 4.
286 3914 321 3968 ll.
337 3914 444 3969 Tumro
457 3913 695 3969 Cmnrtoun-Si
708 3915 891 3985 receperim.

310 4003 381 4073 Arp.
403 4001 549 4074 Ingenium
563 4002 623 4058 eius
639 4003 768 4058 laudibus
788 4003 880 4057 ctiori:
902 4000 1015 4069 Virgilio
1038 4014 1102 4051 eum
1121 4013 1192 4051 com·

344 4103 437 4172 parat:
459 4114 544 4170 opera
561 4098 621 4154 eiua
644 4104 802 4154 enumerat:
828 4097 910 4152 dellet
932 4095 1081 4149 coecitatem
1105 4093 1192 4148 aetatis

345 4206 402 4243 suae
417 4203 514 4244 eorum
525 4187 680 4242 incuriosae.

144 4280 200 4352 Ep.
240 4277 266 4331 5.
287 4278 396 4334 Annaeo
410 4279 539 4334 Sensum.
551 4308 586 4318 -
595 4276 721 4331 Pettium
735 4292 753 4328 o
766 4278 844 4328 tonte
858 4272 930 4325 viro.

310 4365 381 4437 Arp.
401 4364 508 4421 Laudat
522 4365 581 4420 eius
594 4361 767 4418 demonibus
780 4359 946 4415 doctrinam:
972 4359 1098 4431 obiurgat
1119 4359 1192 4432 quod

345 4455 373 4509 in
388 4454 452 4510 aula
463 4453 581 4510 Neronis
593 4454 664 4526 Aug.
679 4451 828 4508 constiterit
838 4492 845 4518 ‚
856 4449 971 4521 eiusque
980 4449 1192 4506 familiaritatem

347 4543 376 4600 in
390 4543 479 4616 pretio
491 4543 627 4600 habuerit.
