2692 5024
465 960 653 1027 senneser
673 960 878 1027 PETRARGAE

275 1223 344 1301 llll
399 1218 585 1299 REBUS
641 1214 1092 1301 Fluluttutous

473 1473 626 1544 LIBER
664 1470 874 1541 SEXTUS.

560 2057 737 2123 uersuum
759 2059 779 2121 l.

131 2266 323 2318 rusuerscus
339 2265 507 2314 numanus
523 2263 693 2312 rranumnnr
709 2261 880 2311 cnnnrrnnr
894 2262 1100 2315 ruseunnno
1116 2270 1143 2317 s.
1157 2270 1183 2318 r.
1197 2270 1220 2317 n.

594 2453 624 2505 ln
641 2468 746 2505 avaros.

229 2691 400 2761 Infelicem
422 2691 588 2761 invidiam
606 2688 696 2761 dixit
709 2692 816 2775 Maro,
836 2712 900 2761 nec
917 2692 1111 2766 immerito.
1132 2695 1214 2781 Quid

129 2815 221 2884 enirn
243 2813 411 2883 infelicius
429 2834 534 2905 quarn
558 2815 631 2884 suis
652 2815 752 2883 malis
774 2813 965 2905 alienisque
986 2815 1099 2888 simul
1122 2818 1213 2889 bonis

130 2936 257 3029 atligi?
273 2937 348 3008 Non
366 2937 578 3027 ineleganter
591 2937 731 3029 quidem
750 2937 784 3006 in
803 2936 947 3006 lllutium
962 2940 1091 3011 neseio
1104 2964 1210 3035 quem,

130 3062 284 3154 apprime
305 3061 461 3132 invidum
483 3072 587 3152 atque
611 3062 831 3141 malevolum,
851 3058 981 3129 lusisse
1000 3062 1137 3153 legitur
1154 3066 1212 3134 Pu·

131 3183 220 3253 blius
238 3184 390 3276 quidam.
410 3186 496 3254 Cum
509 3184 601 3254 enim
616 3182 800 3252 tristiorem
817 3181 916 3252 solito
929 3182 1101 3268 vidisset,
1125 3219 1141 3252 n
1160 3198 1211 3258 aut

129 3305 250 3387 Mulio,
275 3306 395 3397 inquit,
421 3307 537 3376 nescio
555 3306 638 3397 quid
659 3304 866 3375 incommodi
888 3307 1056 3389 accessit,
1077 3320 1142 3380 aut
1160 3331 1212 3379 ne

130 3425 201 3494 scio
224 3426 277 3494 eui
300 3427 430 3518 aliquid
452 3426 542 3496 boni.
569 3454 583 3489 u
608 3428 756 3497 Prorsus
788 3427 834 3498 ila
858 3437 922 3496 est.
950 3428 1104 3500 Invidus
1132 3433 1212 3501 alte

129 3546 201 3617 rius
235 3547 363 3616 bonum
403 3549 475 3617 suis
511 3548 678 3619 adscribit
716 3548 959 3631 incommodis,
998 3559 1048 3633 et,
1093 3564 1135 3623 ut
1172 3554 1212 3623 ait

128 3671 438 3752 recensueritis
458 3672 552 3737 relius
575 3673 741 3739 rrrsucrescit
759 3673 885 3762 opimio.
906 3671 1034 3761 Magna
1058 3675 1212 3757 miseria,

128 3816 196 3864 non
222 3794 320 3863 aliter
347 3791 527 3862 saturitate
559 3794 701 3862 ulterius
727 3815 832 3885 quam
859 3796 947 3863 same
974 3796 1121 3888 propria
1151 3810 1214 3869 tor·

126 3917 236 4009 queri,
271 3925 386 4008 atque,
415 3915 481 3986 alio
502 3916 765 4009 pinguescente,
789 3938 858 3985 non
877 3935 978 3985 secus
1000 3938 1041 3985 ac
1066 3941 1109 3989 se
1135 3943 1215 3991 esu·

128 4039 237 4108 rieule
258 4060 483 4110 macrescere.
506 4038 573 4108 Sed
596 4039 688 4108 haud
712 4048 841 4109 temere
862 4037 1061 4111 definierim
1077 4065 1126 4114 an
1149 4067 1215 4116 non

128 4160 257 4232 invidia
279 4171 426 4244 tantum,
450 4160 513 4231 sed
544 4159 637 4230 vitiis
671 4159 833 4231 omnibus
867 4160 1034 4231 infelicior
1064 4168 1216 4239 avaritia

128 4285 181 4354 sit.
202 4285 334 4355 lnvidia
356 4286 447 4354 onim
466 4294 590 4355 moesta
612 4304 722 4376 saepo,
751 4283 814 4355 sed
834 4283 952 4354 ociosa
973 4293 1043 4353 cst:
1065 4293 1218 4363 avaritia

127 4407 235 4477 tristis
254 4419 287 4476 et
308 4418 485 4499 occupata.
508 4406 676 4501 Superbia
707 4407 791 4478 dum
815 4429 854 4478 se
884 4405 1014 4498 aliquid
1041 4431 1217 4507 magnum

127 4534 235 4618 putot,
262 4530 347 4598 salsa
371 4529 461 4613 licet,
484 4531 641 4621 opinione
663 4530 863 4601 delectatur.
887 4529 1043 4601 Avaritia
1070 4558 1219 4634 semper
