2692 5024
126 644 188 709 2³0
460 658 503 709 nn
522 660 625 712 nunus
644 660 867 714 ruminemus

127 800 307 898 templarii
324 800 470 888 dicente,
487 802 555 877 nisi
571 803 682 890 tollor,
702 800 884 897 Aponium:
905 798 1051 877 &mom
1068 804 1210 879 Domi

126 928 201 1019 quin
222 926 332 1011 nouit,
364 935 423 997 arat
456 925 528 1018 quis
564 925 772 997 concilim
807 926 878 999 cius
910 926 1004 1018 (siti
1033 927 1208 1013 Quisnam

127 1048 304 1123 hominnm
323 1046 476 1121 indicere
491 1048 636 1135 sudent,
656 1070 704 1120 nn
721 1048 929 1144 cuicumque
947 1061 1100 1124 mortem
1120 1053 1209 1125 uite-

127 1172 202 1245 rius
220 1171 414 1268 deploranti
433 1192 503 1243 non
523 1170 609 1245 sotis
627 1170 766 1267 proprie
787 1170 856 1245 dici
879 1171 1007 1270 possit,
1031 1160 1147 1268 quod,
1171 1174 1207 1247 in

128 1294 263 1368 tuboilis
275 1293 412 1367 reddito
423 1314 608 1390 responso,
621 1294 713 1389 putri
727 1294 809 1367 oiim
826 1296 862 1366 in
875 1303 988 1369 morte
999 1292 1062 1369 iiiii
1073 1295 1206 1371 dictum

127 1428 184 1491 est
199 1417 311 1491 tribus
329 1418 386 1489 his
404 1417 608 1491 versiculis:

285 1626 400 1707 ignom
414 1600 555 1691 hominos
570 1625 603 1689 in
618 1627 682 1691 situ
697 1594 985 1707 mentibuserrant,

286 1724 422 1805 Etynous
437 1723 554 1805 potitur
569 1724 706 1790 tutorum
721 1726 848 1792 numine
863 1726 951 1793 loeto:

287 1822 337 1888 Sic
352 1824 411 1889 init
426 1824 532 1890 utilius
548 1825 686 1906 extingui
702 1826 839 1908 ipsique,
856 1824 997 1908 tibique?

128 2039 291 2114 Culcitrut
305 2040 478 2114 adversus
504 2043 682 2115 stimulum
706 2042 858 2116 humanu
874 2044 1070 2131 temeritas,
1088 2053 1128 2118 et
1146 2046 1205 2118 im

128 2159 268 2258 pellenti
282 2162 354 2235 into
372 2160 547 2256 superbius
565 2184 643 2237 snus
663 2162 827 2237 cornibus
844 2162 1044 2237 obluctetur
1062 2166 1206 2262 nequid·

128 2306 249 2381 qunm,
262 2284 331 2356 nisi
351 2294 391 2357 ut
409 2285 552 2377 gravius
577 2285 671 2358 victu
695 2285 908 2359 succumbat.
926 2286 1020 2373 Quid
1034 2288 1130 2361 enim
1143 2310 1205 2384 ego

129 2430 222 2480 nunc
244 2407 289 2479 de
307 2408 400 2479 votis
420 2406 598 2495 inanibuS,
625 2409 671 2481 de
691 2408 819 2501 gaudio
838 2419 899 2481 unt
922 2410 1077 2503 querelis
1097 2409 1206 2485 horni-

129 2553 214 2602 num
234 2533 384 2622 loquur‘i
407 2532 508 2604 Latet
528 2534 595 2604 ulte
612 2531 743 2604 veritus
768 2531 992 2617 absconditn3
1017 2534 1206 2626 cuiiginosu

129 2651 224 2724 nube
248 2652 560 2739 circumcludimur,
587 2674 672 2725 cusu
692 2654 857 2748 regimur,
883 2655 966 2728 caeci
986 2654 1093 2728 caecis
1113 2656 1207 2730 duci·

129 2775 198 2847 bus
218 2773 412 2858 innitimur3
437 2796 501 2847 nec
525 2775 610 2870 quid
638 2776 826 2871 optandum
848 2778 1124 2853 metuendumne
1149 2800 1206 2852 no

129 2896 186 2970 bis
206 2899 266 2986 eit,
285 2920 348 2993 per
367 2896 526 2971 umbram
550 2898 665 2971 curnis
690 2901 924 2991 agnoscimus.
951 2901 1057 3005 Bonis
1078 2904 1206 2976 nostris

129 3023 405 3116 ingemiscimus,
427 3021 576 3095 miseriis
595 3024 809 3109 exultamus,
832 3023 907 3096 sine
926 3023 1064 3096 delectu
1085 3024 1206 3098 demus

130 3166 171 3218 ac
187 3146 352 3219 ridemus,
373 3146 479 3218 Suam
498 3145 649 3240 quisque
677 3146 884 3219 sententium
914 3156 1093 3242 sequntur.
1125 3147 1206 3222 Mihi

129 3290 285 3341 errorum
311 3269 486 3341 maximus
518 3268 675 3355 videtur,
706 3270 801 3364 quod
832 3291 900 3342 non
937 3268 1047 3343 iibere
1075 3294 1145 3345 nos
1174 3281 1208 3344 ct

130 3403 249 3464 nostra
265 3393 336 3463 Deo
355 3391 621 3476 committimus3
642 3393 737 3486 quod
756 3395 904 3487 aliquam
922 3393 958 3463 in
978 3395 1111 3468 nostris
1128 3418 1207 3469 con·

131 3512 216 3585 siiiis
235 3533 333 3606 spem
350 3511 537 3598 hahemus,
559 3513 685 3584 totiens
702 3513 850 3607 decepti3
871 3514 966 3607 quod
987 3523 1083 3587 tanto
1103 3513 1208 3589 huius

130 3633 252 3707 caduci
277 3635 432 3729 corporis
458 3656 577 3707 umore
606 3634 821 3722 detinemur,
851 3646 892 3710 ut
914 3635 979 3708 vix
1003 3647 1067 3709 aut
1089 3659 1209 3733 aeqno·

130 3758 268 3830 nimiter
283 3758 361 3829 hinc
373 3757 472 3829 exire
489 3760 685 3843 valeamue,
699 3769 760 3830 out
771 3768 912 3831 nostros
924 3770 1099 3834 exeuntes
1116 3761 1208 3858 uspi-

129 3904 230 3965 ccre,
253 3881 354 3974 quasi
375 3881 420 3953 ud
446 3880 530 3952 nihii
550 3880 644 3954 aliud
670 3881 740 3954 nati
765 3882 893 3969 simus,
920 3904 1027 3976 quam
1056 3893 1098 3956 ut
1122 3885 1209 3958 inter

131 4002 249 4074 mundi
287 4002 414 4074 fluctus
445 4011 482 4073 ct
513 4001 660 4074 indibria
694 4005 843 4075 sortunae
875 4013 1044 4099 perpetuo
1073 4006 1209 4079 turbine

131 4126 292 4212 iactante,
320 4127 435 4200 curnis
460 4135 590 4199 nostrae
615 4125 836 4198 tenacissimo
860 4126 943 4198 limo
972 4148 1014 4200 uc
1045 4129 1210 4203 sordibus

131 4249 345 4326 haereumns:
380 4251 473 4343 quod
502 4252 654 4344 proiecto
681 4272 752 4351 non
776 4249 951 4322 occideret
975 4253 1211 4345 cogitantibus

132 4381 292 4445 votorum
317 4383 516 4446 nostrorum
542 4374 751 4447 multiforme
774 4374 977 4469 periculum.
1003 4377 1133 4451 Brevis
1158 4390 1213 4451 est

131 4493 294 4583 equidem
310 4495 344 4566 in
365 4496 484 4589 primis
505 4498 590 4581 vitu,
613 4506 650 4567 et
669 4497 930 4589 fugacissimurn
948 4500 1033 4572 vitae
1054 4509 1212 4598 tempus3

209 4800 332 4836 A
