2692 5024
151 680 212 745 lot
489 686 531 741 ou
551 686 654 741 nunus
673 684 898 739 ιιιιιιιιιιιιιιιι

151 840 204 915 cis
219 841 319 911 velut
332 839 458 911 feretro
473 834 627 909 viventis
646 832 837 907 assideant.
854 832 988 906 Audies
1004 854 1110 907 voces
1128 836 1236 908 mise·

151 962 296 1045 rabilos3
312 958 453 1034 videbis
475 960 594 1030 lcrsan
614 966 651 1029 et
671 955 847 1040 lacrimas,
871 963 933 1028 aut
953 954 1148 1042 simulatas,
1175 968 1237 1031 aut

151 1081 313 1157 amentias
339 1080 539 1175 proximam
568 1079 677 1169 miser
699 1098 782 1150 esse
805 1077 963 1171 incipies,
988 1077 1072 1171 quia
1096 1078 1235 1152 miseris

151 1224 272 1277 aurem
298 1202 458 1298 praebere
481 1200 721 1275 consueveris.
742 1199 835 1271 Nihil
853 1198 947 1271 enim
966 1200 1040 1273 fere
1062 1213 1118 1274 est
1141 1201 1237 1296 quod

152 1325 334 1399 convictus
361 1325 529 1398 assiduus
558 1324 594 1396 iu
623 1322 805 1396 hominum
833 1321 982 1415 ingeniis
1011 1344 1081 1395 non
1114 1324 1237 1417 possit.
1298 1398 1301 1405 ,

152 1446 303 1533 Quodsi
320 1446 488 1541 teipsum
504 1448 699 1530 consulere,
723 1454 910 1538 tecumque
929 1464 1035 1537 quam
1055 1466 1136 1517 cum
1159 1445 1238 1517 aliis

153 1568 249 1661 loqui
265 1567 450 1653 malueris,
468 1589 648 1662 nunquam
672 1566 834 1640 desinam
858 1566 904 1639 de
928 1576 963 1639 te
986 1567 1132 1659 grandia
1159 1590 1239 1663 spe

154 1710 242 1774 rare,
256 1698 360 1783 eque
375 1689 626 1776 felicissimum,
644 1690 759 1763 iudice
770 1701 815 1775 te,
832 1688 958 1777 dicere,
971 1699 1008 1763 et
1022 1689 1238 1763 invidiosum

154 1811 268 1904 magis
291 1811 467 1885 aestimare
491 1832 597 1904 quam
622 1811 802 1885 miserum.
831 1812 878 1885 Et
900 1812 932 1885 si
956 1811 1002 1885 ad
1025 1811 1239 1886 credendum

155 1932 232 2005 aliis
247 1954 380 2029 pronus
395 1954 450 2019 es,
467 1954 533 2007 cur
548 1943 585 2006 et
599 1934 686 2005 mihi
701 1955 773 2007 non
789 1934 920 2021 credis,
934 1934 1073 2007 veriora
1085 1934 1190 2006 simul
1206 1946 1243 2009 et

156 2055 309 2147 gratiora
333 2055 517 2127 referenti?
538 2054 615 2128 Non
640 2064 694 2141 tu,
720 2054 804 2127 mihi
830 2056 948 2141 crede,
975 2054 1150 2141 corruisti,
1175 2075 1242 2128 uec

156 2198 298 2250 corrues
317 2176 474 2269 quidem,
492 2176 561 2249 nisi
581 2178 689 2249 velis:
718 2179 847 2249 nullam
867 2176 1092 2269 ignominiam
1113 2198 1242 2272 passus

156 2320 210 2385 os,
228 2298 293 2372 sed
311 2298 484 2371 adeundae
501 2299 621 2391 gloriae
641 2299 781 2393 penitus
797 2298 833 2369 in
852 2298 969 2371 limine
985 2299 1161 2394 optionem
1179 2300 1244 2373 ha-

159 2421 374 2506 hoscarum
397 2419 571 2512 gloriosus
593 2419 745 2504 inoedas‚
767 2442 813 2493 an
834 2419 1033 2493 retrocedas
1059 2420 1239 2514 inglorius.

159 2544 235 2617 Non
250 2542 349 2614 labor
364 2552 420 2613 est
436 2542 518 2625 iste,
538 2541 601 2612 sed
617 2541 773 2634 requiem
789 2565 859 2615 nou
876 2543 1034 2629 exilium,
1054 2543 1117 2617 sed
1134 2543 1241 2614 liber·

160 2673 226 2735 tas.
252 2663 365 2746 Quam
390 2663 471 2733 olim
497 2663 585 2733 mira
609 2663 783 2736 celeritate
807 2665 996 2757 fugientem
1018 2665 1238 2761 querebaris,

161 2794 401 2855 occurrentem
419 2784 509 2855 ultro
524 2786 762 2876 complectere.

321 2988 358 3051 lit
374 3005 444 3069 qum
460 2995 542 3052 tanta
559 2988 618 3053 luit
633 2990 762 3054 Romam
778 2990 836 3054 tibi
853 3006 944 3054 causa
958 2990 1100 3056 uidendil

322 3084 456 3150 libertas
462 3109 471 3163 ;
489 3103 574 3167 qua,
593 3104 676 3166 sera,
693 3095 795 3152 tamen
811 3088 945 3170 respexit
963 3090 1103 3154 inertem.

163 3280 221 3349 llle
238 3279 273 3349 in
291 3300 450 3352 sermone
462 3281 627 3374 pastorio,
642 3290 681 3353 ut
693 3280 886 3352 libertatem
901 3281 1084 3366 inveniret,
1099 3280 1246 3374 patriam

75 3483 79 3491 Ι
164 3421 203 3469 se
223 3400 404 3491 reliquisse
424 3402 604 3493 gloriatum
630 3411 683 3488 tu,
705 3401 948 3495 philosophus,
970 3402 1089 3474 delles.
1115 3401 1246 3472 Vixisti

163 3520 240 3593 aliis
258 3521 336 3594 diu:
354 3522 466 3614 incipe
488 3524 558 3593 iam
579 3525 720 3596 taudem
746 3523 808 3596 tibi
834 3524 966 3595 vivere.
993 3525 1102 3595 Nemo
1123 3543 1248 3616 prope·

164 3664 265 3715 rasse
282 3653 315 3716 te
331 3656 467 3736 arguel;
493 3647 553 3738 qui
579 3669 642 3717 nec
666 3646 764 3739 prius
788 3646 971 3739 incoeperis
996 3668 1102 3739 quam
1128 3655 1247 3739 pastor

165 3766 238 3859 ipse
257 3768 457 3851 Maroneus
477 3769 540 3839 sed

325 3961 486 4026 Candidior
501 3967 665 4043 postquam
681 3963 818 4028 tondenti
833 3964 926 4028 barba
942 3965 1074 4028 cadebat.

165 4138 274 4210 Omne
291 4151 428 4234 tempus
445 4140 492 4213 ab
509 4142 648 4215 ineunte
664 4151 767 4213 aetate
781 4141 919 4212 civibus
938 4140 1007 4211 tuis
1024 4139 1248 4213 condonasti:

165 4260 400 4334 retribuerunt
416 4264 661 4337 inextimabilis
679 4265 729 4336 rei
750 4273 953 4357 perpetuam
976 4265 1189 4355 largitatem,
1213 4271 1251 4333 et

166 4387 205 4448 ut
221 4380 336 4470 longae
353 4384 435 4453 vitae
451 4385 616 4477 reliquias
637 4387 760 4457 saltem
778 4384 840 4456 tibi
856 4384 989 4456 habeas
1006 4383 1250 4456 decreverunt.

164 4497 326 4593 Agnosce
341 4502 492 4577 civitatis
509 4505 680 4589 animum;
696 4515 732 4578 et
748 4505 831 4579 hinc
847 4506 1022 4600 propriam
1044 4528 1131 4599 erga
1155 4505 1249 4577 illam
