2692 5024
351 725 444 774 urnnn
465 725 854 778 susurrus-neronom
875 728 938 778 viu.
1126 719 1184 780 llo

102 895 250 969 quorum
272 873 386 965 potius
407 873 547 945 monitis
571 873 837 968 obsequendum
863 885 927 946 cst.
955 875 1026 947 Nec
1041 884 1085 948 -te
1109 898 1185 948 mo

101 1008 184 1069 reat
202 997 277 1068 vita
299 1018 391 1082 mea,
413 997 577 1090 quotiens
596 999 763 1090 epistolas
796 1019 893 1069 meas
926 997 1028 1091 legis,
1050 1020 1116 1070 neo
1148 997 1183 1069 in

100 1122 248 1192 frontem
275 1120 476 1212 respexeris
502 1121 569 1192 ista
595 1120 784 1193 suadentis.
811 1120 938 1193 Vidisti
962 1121 1053 1192 enim
1079 1121 1185 1192 inter-

101 1242 186 1314 dum
206 1243 389 1334 pallentem
409 1243 595 1327 medicum,
618 1243 677 1336 qui
703 1263 805 1315 suam
831 1265 901 1314 non
927 1253 1072 1338 poteret,
1098 1245 1184 1315 alte·

18 1344 28 1359 ⁰
102 1363 177 1435 rius
197 1364 441 1457 aegritudinem
462 1384 598 1437 curare.
620 1366 716 1438 Vale.

522 1851 700 1916 arlsrotl
721 1854 767 1916 lll.

205 2076 398 2128 uniuersalis
419 2075 589 2125 peruincit
609 2074 726 2124 ledono
746 2075 903 2126 caldune
924 2074 1077 2128 Episcopo

463 2178 675 2229 LOMBERIENSl
696 2179 722 2226 S.
743 2180 770 2228 P.
792 2181 821 2229 D.

101 2378 296 2435 decusationes
305 2378 453 2432 diversasa
463 2380 620 2445 memoret,
631 2349 748 2447 eamque
757 2352 921 2447 praesertim,
932 2375 1007 2448 quod
1018 2378 1080 2433 ficto
1089 2392 1185 2434 amore

297 2484 327 2523 se
341 2465 466 2522 laborare
481 2466 601 2521 simulet.
618 2465 725 2521 Laudat
739 2465 844 2522 Urbem
858 2465 987 2523 Romam.

200 2713 448 2807 semisopitum
467 2714 627 2809 epistolae
644 2725 715 2786 tuae
741 2715 871 2787 clamor
889 2715 1033 2801 excitat,
1061 2738 1181 2811 quam,

103 2839 228 2910 iocosis
241 2840 405 2909 refertam
425 2836 606 2923 conviciis,
629 2839 731 2908 laetus
752 2837 941 2932 ridensque
961 2840 1102 2933 perlegi.
1125 2841 1181 2926 Et,

103 2971 142 3033 ut
162 2960 311 3054 primum
330 2956 483 3032 venienti
503 2959 614 3031 iaculo
632 2959 731 3053 prius
750 2982 945 3047 occurram,
968 2960 1066 3045 vide,
1086 2982 1184 3055 quae-

103 3105 157 3168 so,
179 3092 278 3176 pater
302 3083 442 3177 optime,
470 3082 516 3153 de
546 3082 666 3153 multis
698 3103 779 3176 quae
811 3092 932 3151 contra
952 3103 1007 3151 me
1030 3081 1179 3173 colligis

100 3214 269 3301 quantum
287 3202 332 3274 ab
347 3203 538 3275 intentione
556 3213 615 3275 tua
629 3203 739 3296 prima
752 3202 857 3273 etiarn
871 3202 1056 3274 scribentis
1073 3204 1183 3277 verbu

99 3326 312 3402 discordent.
333 3325 453 3397 Mirari
480 3326 621 3398 solitum
655 3335 690 3396 te
723 3325 790 3410 ais,
826 3325 921 3418 quod
954 3324 1124 3399 mundum
1146 3325 1183 3397 in

99 3459 202 3522 aetate
222 3447 338 3520 adhuc
359 3455 480 3518 tenera
506 3446 557 3518 sic
580 3443 768 3517 artificiose
788 3445 973 3541 decipiam,
994 3456 1034 3519 ut
1055 3447 1184 3521 scilicet

99 3593 158 3644 ars
176 3573 253 3644 haec
275 3570 321 3642 sit
340 3579 412 3640 tam
433 3570 676 3664 experientiae,
699 3590 804 3662 quarn
825 3579 971 3641 naturae.
992 3567 1183 3663 Panegyri-

99 3715 180 3765 cum
206 3692 358 3786 plurium
391 3701 486 3764 certe
519 3693 721 3777 verborum,
751 3691 814 3764 sed
838 3692 978 3762 minime
1003 3687 1181 3783 amplioris

101 3812 222 3905 gloriae
232 3813 401 3887 cecinisse
412 3813 497 3885 mihi
514 3803 664 3908 poteras.
678 3815 842 3898 Mundus,
861 3814 1026 3904 deceptor
1043 3808 1182 3901 generis

101 3935 260 4021 humani,
293 3945 343 4008 tot
373 3936 483 4013 uitam
515 3939 649 4032 laqueis
681 3936 882 4032 implicitam
915 3955 1021 4027 quam
1051 3911 1181 4002 amarae

99 4058 294 4132 duloedinis
314 4059 516 4155 aspersione
536 4061 769 4144 commendet,
791 4057 888 4130 novit
907 4050 1058 4148 quis‘que
1079 4073 1181 4146 aper-

99 4182 143 4254 tis
163 4181 274 4255 oculis
294 4182 361 4254 iter
386 4184 454 4256 hoc
474 4183 562 4274 agit:
583 4182 684 4253 cuius
706 4189 741 4249 et
766 4199 830 4249 nos
850 4175 1033 4249 fraudibus
1059 4174 1104 4248 de
1129 4172 1181 4245 in-

97 4304 235 4377 dustria
259 4308 435 4392 lavemus,
464 4304 705 4393 studioseque,
727 4311 766 4371 ut
786 4299 852 4391 ipsi
878 4299 979 4370 nobis
1000 4297 1108 4392 ignoti
1134 4298 1183 4372 si-

98 4448 192 4513 mus,
227 4428 403 4501 adversus
428 4424 597 4521 Apollinis
629 4422 812 4496 consilium
845 4420 1057 4493 laboramus.
1081 4424 1182 4494 Hunc

99 4549 264 4644 superbia
284 4548 381 4620 inflat
398 4550 466 4622 sub
483 4570 583 4643 spem
603 4544 721 4640 magni
736 4552 773 4616 et
788 4543 922 4619 excelsi
942 4542 1064 4631 animi3
1085 4543 1180 4616 illum
