2692 5024
394 720 487 769 nruun
509 721 870 779 noturus-nrisronr
891 723 931 771 rr.
1142 706 1201 769 ttlt

129 867 311 948 calentem,
333 863 437 936 hodie
457 866 599 937 demum
621 866 693 936 voti
713 876 905 960 compotem
933 863 1009 936 leci.
1030 863 1110 936 Vidi
1129 864 1205 936 loca

129 1011 150 1059 a
163 986 318 1079 Virgilio,
335 996 384 1073 et,
399 988 493 1081 quod
506 989 660 1062 maxime
672 988 824 1074 mireris,
839 988 885 1061 ab
896 989 1047 1059 Homero
1059 989 1205 1058 multum
1262 966 1267 978 ⁸

127 1121 207 1182 ante
228 1109 414 1205 descripta.
435 1112 497 1183 Vir
516 1112 642 1186 Graius
663 1111 929 1207 antiquissimus
949 1122 1053 1204 atque
1077 1109 1207 1183 doctis-

85 1292 88 1297 .
129 1231 253 1316 simuS,
279 1244 315 1304 et
338 1234 422 1304 nulli
448 1235 622 1307 secundus
641 1234 787 1327 ingenio,
809 1235 982 1326 insignem
1007 1244 1043 1305 et
1067 1234 1206 1326 qualem

129 1376 188 1427 res
208 1355 375 1465 exigebat
394 1359 508 1429 locum
533 1378 705 1449 nusquam
731 1356 922 1442 invenisne,
945 1355 990 1428 ab
1006 1356 1103 1427 ltalia
1128 1379 1208 1427 mu-

130 1488 247 1552 tuatus
278 1490 342 1551 est.
376 1479 456 1552 Vidi
488 1478 619 1551 Averni
644 1490 680 1551 et
702 1477 840 1550 Lucrini
864 1481 976 1563 lacus,
998 1476 1205 1551 Acherontis

128 1625 268 1696 quoque
287 1613 489 1694 stagnantes
510 1624 636 1696 aquas,
659 1601 824 1695 piscinam
851 1600 1082 1674 infelicisnati
1102 1600 1208 1673 saevi·

130 1725 176 1796 tia
188 1723 371 1819 Augustae,
380 1724 452 1796 Caii
460 1724 625 1817 Caligulae
639 1723 824 1819 superbum
839 1726 928 1812 olim,
938 1748 1031 1798 nunc
1042 1725 1205 1799 obrutum

130 1849 243 1933 undis,
265 1848 340 1931 iter,
369 1859 405 1919 et
431 1847 506 1918 lulii
540 1847 692 1920 Caesaris
725 1848 886 1920 iniectum
912 1851 1037 1942 pelago
1056 1850 1203 1922 frenum.

129 1971 208 2044 Vidi
221 1970 362 2066 Sybillae
374 1969 520 2065 patriam
538 1990 579 2041 ac
595 1970 753 2055 domum,
768 1980 803 2042 et
813 1967 1013 2041 horrificum
1029 1968 1112 2041 illud
1126 1991 1206 2065 spe·

130 2117 193 2169 cus
208 2096 322 2167 stultis
335 2092 561 2178 irremeabile,
580 2092 793 2166 doctioribus
808 2092 1035 2165 inaccessum.
1048 2091 1128 2163 Vidi
1141 2093 1207 2163 Fa·

129 2222 263 2292 lernum
290 2227 442 2288 montem
470 2218 604 2289 famoso
637 2215 776 2310 palmite
808 2216 1048 2312 conspicuum,
1081 2226 1117 2289 et
1148 2216 1205 2289 hic

129 2342 262 2415 aridam
281 2342 439 2412 tellurem
456 2339 587 2411 morbis
606 2341 757 2411 salutare
769 2339 902 2409 fumum
916 2349 1083 2433 perpetuo
1094 2339 1207 2411 exha-

130 2468 270 2549 lantem,
304 2463 373 2534 illic
404 2464 560 2535 cinerum
586 2461 721 2553 globos,
748 2473 784 2534 et
807 2462 981 2535 terrentes
1011 2461 1202 2548 scatebras,

129 2587 230 2660 ebeni
261 2587 371 2658 instar
402 2585 578 2671 undantiS,
606 2586 752 2657 confuso
778 2608 957 2658 murmure
980 2595 1204 2658 eructantem.

129 2708 207 2780 Vidi
228 2730 333 2804 rupes
354 2707 505 2802 undique
525 2707 694 2801 liquorem
722 2706 987 2780 saluberrimum
1012 2709 1203 2794 stillantes,

130 2841 166 2901 ct
185 2829 319 2901 cunctis
338 2830 419 2900 olim
440 2827 640 2901 morborum
661 2829 849 2923 generibus
874 2829 1122 2923 omniparentis
1142 2852 1206 2902 na-

131 2963 221 3024 turae
245 2973 390 3023 munere
414 2949 588 3034 adhibita,
623 2961 714 3044 post,
749 2951 962 3024 medicorum
995 2951 1126 3025 invidia
1154 2951 1205 3046 (ut

131 3072 346 3169 memorant),
365 3077 510 3146 contusa
529 3074 663 3148 balnea.
682 3072 736 3144 Ad
752 3095 834 3167 quae
855 3084 970 3144 tamen
989 3095 1082 3145 nunc
1101 3075 1205 3146 etiam

129 3219 150 3268 c
172 3196 325 3269 finitimis
343 3196 489 3271 urbibus
510 3198 633 3289 ingens
655 3197 767 3269 omnis
788 3218 898 3268 sexus
918 3194 1103 3289 aetatisque
1122 3216 1206 3267 eon·

129 3341 255 3393 cursus
280 3332 345 3392 est.
378 3321 458 3394 Vidi
482 3341 551 3391 non
578 3329 734 3417 cryptam
755 3318 859 3391 modo
884 3338 965 3412 quae
984 3318 1205 3413 Neapolitana

129 3443 267 3530 dicitur,
289 3444 390 3515 cuius
415 3444 461 3516 ad
486 3443 655 3515 Lucilium
682 3441 839 3516 scribens
871 3441 1028 3513 meminit
1051 3439 1205 3514 Annaeus

130 3568 273 3649 Seneca;
295 3565 360 3638 sed
378 3567 510 3660 passim
529 3567 718 3661 perforatos
739 3575 874 3639 montes
890 3573 995 3658 atque
1015 3584 1204 3656 suspensos

131 3687 364 3761 testudinibus
384 3691 587 3762 marmoreis
604 3689 733 3761 eximio
753 3689 904 3762 candore
923 3685 1149 3781 fulgentibus,
1170 3694 1207 3755 et

130 3811 321 3906 insculptas
340 3812 524 3904 imagines
546 3813 626 3907 quis
647 3815 742 3885 latex
773 3811 830 3884 cui
855 3809 1009 3904 corporis
1041 3807 1131 3903 parti
1155 3797 1206 3878 l'a-

131 3945 225 4018 veat,
245 3956 350 4008 manu
371 3937 529 4029 apposita
548 3935 786 4029 designantes.
808 3937 846 4006 ln
868 3943 1046 4026 stuporem
1067 3949 1206 4001 menon

128 4058 242 4150 magis
259 4058 364 4130 iacies
381 4060 548 4143 locorum,
566 4079 672 4152 quam
689 4059 788 4132 labor
805 4054 977 4129 artificum
994 4052 1117 4144 coegit.
1134 4052 1206 4122 lam

128 4183 245 4254 minus
265 4181 372 4253 miror
392 4184 546 4253 Romana
565 4181 903 4268 moenia,‚llomanas
920 4197 1033 4261 arces,
1053 4177 1205 4248 Romana

128 4305 267 4399 palatia,
289 4305 430 4399 quando
450 4314 520 4376 tam
541 4305 660 4398 procul
676 4326 698 4376 a
714 4299 825 4396 patria
843 4297 1017 4394 (quamvis
1034 4297 1207 4370 excellen-

129 4426 223 4500 tibus
240 4426 326 4501 viris
343 4425 472 4519 ubique
489 4425 535 4497 sit
549 4421 670 4520 patria)
688 4425 920 4497 Romanorum
937 4420 1065 4495 ducum
1083 4417 1206 4493 similis

128 4572 213 4624 cura
245 4547 477 4647 protenditur,
512 4544 642 4644 quibus
674 4547 778 4621 ultra·
796 4544 1025 4622 centesimum
1051 4542 1204 4641 ‚lapidem
