2692 5024
371 760 461 807 mom
484 762 826 810 serres-ammom
851 764 892 811 m.
1112 753 1170 813 319

92 932 198 1004 prope
224 908 269 979 ad
296 909 515 982 millesimum
543 911 625 982 vitae
650 935 779 984 annum
813 914 1019 1005 pervenisse
1049 915 1174 989 confir-

93 1045 197 1105 mant.
212 1033 282 1104 Sed
301 1033 455 1118 eosdem,
472 1033 550 1106 licet
571 1035 698 1119 serius,
722 1047 838 1107 tamen
852 1037 1014 1110 senuisse
1027 1062 1095 1111 non
1116 1065 1173 1115 ne

94 1169 186 1251 gant
208 1158 288 1240 llos,
303 1157 455 1250 inquam,
475 1158 607 1240 omitto,
626 1158 671 1229 de
692 1180 841 1251 quorum
867 1159 1029 1233 aetatibus
1048 1184 1175 1255 magna

95 1282 183 1352 inter
208 1299 355 1370 magnos
382 1280 470 1350 solet
494 1300 576 1351 esse
592 1279 778 1362 contentio;
808 1301 890 1372 quae
910 1285 1094 1375 praeseotis
1115 1305 1177 1356 no-

97 1403 160 1474 stri
183 1401 352 1495 propositi
373 1412 522 1474 nonest.
544 1401 599 1474 Ad
617 1403 692 1475 illos
714 1404 817 1475 venio
843 1404 982 1496 quihus,
1006 1416 1044 1476 ut
1062 1406 1176 1480 minus

96 1525 195 1610 mira,
220 1524 271 1598 sic
288 1524 453 1598 sensibus
479 1527 608 1598 nostris
623 1527 916 1600 accommodatior
928 1541 984 1602 est
1003 1541 1102 1602 aetas.
1117 1510 1179 1602 Sess

96 1649 171 1720 nuit
195 1647 387 1731 Abraham
415 1649 530 1719 senuit
555 1648 662 1734 isaac,
678 1650 795 1722 senuit
812 1652 930 1724 Iacob.
953 1654 1003 1725 De
1030 1675 1178 1747 quorum

97 1773 209 1867 primo
227 1772 393 1866 scriptum
413 1783 481 1843 est:
503 1772 589 1842 Erat
601 1785 711 1843 aulem
724 1774 890 1846 Amatam
909 1797 1015 1846 senem
1034 1775 1179 1848 dierum-

97 1919 159 1986 que
179 1898 373 1976 multorum·
393 1904 429 1967 et
449 1895 587 1967 iterum:
613 1894 765 1988 deficiens
785 1909 934 1968 mortuos
955 1912 1001 1970 est
1029 1904 1065 1971 in
1085 1922 1180 1971 sene-

99 2030 184 2089 ctute
206 2021 290 2089 bona
305 2029 531 2112 provectaeque
543 2020 649 2090 rotatas
661 2032 692 2090 et
704 2022 824 2112 plenus
840 2017 977 2090 dierum.
993 2022 1042 2092 De
1055 2043 1182 2092 secun-

99 2143 160 2214 do:
186 2138 307 2214 Sonuit
336 2154 447 2211 autem
467 2141 577 2226 Isaac,
602 2154 632 2212 el
665 2143 896 2230 colipocerunl
919 2144 1008 2212 oculi
1033 2143 1117 2227 cius,
1152 2157 1182 2215 et

99 2263 211 2335 videre
229 2276 458 2359 noopotcrat;
479 2274 515 2334 et
532 2284 682 2335 rursum:
704 2276 975 2358 consumptusque
986 2276 1082 2336 omre
1093 2288 1183 2338 mor·

103 2399 177 2457 tuuc
193 2398 251 2472 est,
271 2398 302 2458 et
317 2387 485 2480 appositus
497 2389 622 2480 populo
637 2407 754 2471 renco,
777 2399 808 2457 et
830 2389 949 2480 plenus
970 2385 1108 2458 dierum.
1131 2389 1181 2460 De

104 2511 221 2583 tertio:
246 2509 343 2580 Oculi
367 2508 472 2580 Israel
502 2511 690 2600 colipabant
713 2531 787 2603 prce
805 2512 911 2581 nimia
942 2521 1119 2596 senectute,
1153 2485 1195 2581 et

103 2636 191 2704 clare
215 2633 327 2704 videre
352 2656 419 2704 non
431 2645 598 2728 poterant.
620 2631 745 2706 Audis:
771 2655 852 2706 ecee
879 2657 943 2707 nec
969 2643 1184 2707 senectutem

104 2757 220 2842 modo,
253 2758 316 2829 sed
336 2759 514 2829 oculorum
541 2779 683 2852 quoque
715 2759 897 2850 caliginem
932 2781 973 2831 ac
996 2759 1182 2830 defectum.

105 2881 244 2975 Moyses
266 2883 414 2951 fortasse
437 2879 624 2963 robustior,
647 2881 692 2952 de
710 2903 790 2973 quo,
806 2901 885 2952 cum
899 2892 1039 2952 centum
1061 2877 1184 2969 viginti

105 3014 202 3076 esset
220 3026 406 3087 annorum,
429 3012 464 3074 et
483 3012 687 3086 moreretur,
703 3003 750 3074 ita
764 3004 922 3093 legimus.
939 3002 1015 3070 Non
1029 3001 1187 3089 caligavit

104 3132 216 3200 ocolus
228 3131 313 3210 eius,
336 3148 396 3197 nec
416 3125 527 3197 denter
541 3128 631 3196 illias
644 3126 726 3195 moti
741 3136 828 3195 sunt.
850 3122 1026 3215 Numquid
1044 3122 1122 3194 ideo
1134 3133 1186 3194 ta-

104 3276 185 3325 men
207 3260 472 3333 consenuerat,
508 3249 590 3342 quia
616 3248 758 3322 solidior
785 3269 896 3319 senex
926 3247 1045 3318 esset?
1078 3245 1186 3317 Cuius

106 3397 291 3451 successor
313 3376 413 3447 losue
432 3373 578 3445 bellator
595 3371 757 3463 insignis,
772 3370 832 3465 qui
855 3380 904 3442 tot
924 3392 1028 3464 reges
1045 3369 1184 3454 occidit,

108 3511 156 3571 tot
172 3501 317 3594 populos
339 3498 477 3583 stravit,
507 3495 604 3568 senio
624 3494 765 3568 obstare
789 3517 859 3566 non
880 3495 1003 3589 potuit,
1023 3496 1107 3589 quin
1124 3515 1187 3565 au-

107 3622 198 3694 diret
214 3623 398 3694 Dominum
423 3623 595 3694 dicentem
616 3618 697 3691 sibi:
723 3615 873 3690 senuisti
892 3631 923 3689 et
944 3623 1111 3711 mnpoevuc
1135 3638 1186 3695 es;

107 3756 143 3817 et
162 3745 236 3838 ipse
253 3755 466 3837 congregato
486 3746 615 3841 populo
632 3744 764 3815 diceret
780 3743 825 3815 ad
842 3764 920 3814 eos:
939 3741 1010 3833 Epo
1036 3740 1130 3810 senui
1155 3748 1187 3807 et

104 3872 335 3963 propressioris
355 3871 461 3939 rotatis
478 3892 559 3938 sum.
576 3869 635 3938 llle
652 3868 713 3951 vir,
735 3867 836 3939 cuius
858 3865 934 3936 voci
948 3866 1041 3936 Deus
1058 3859 1186 3956 paruit,

107 3994 166 4085 qui
187 3992 343 4063 inaudita
365 3990 492 4063 fiducia
513 3991 576 4062 soli
601 4012 642 4063 ac
668 3993 760 4062 lunae
786 3987 950 4082 praecepit
977 3999 1015 4056 ut
1043 3994 1187 4069 starent,

106 4126 141 4186 et
158 4125 338 4197 steterunt,
355 4113 523 4206 numquid
539 4114 635 4185 illum
653 4112 888 4205 fugacissimae
899 4110 991 4181 diem
1005 4108 1088 4180 vitae
1108 4130 1191 4181 con-

109 4240 217 4311 tinere
238 4240 411 4333 potuitne
438 4248 650 4331 properaret,
670 4245 730 4306 aut
749 4234 889 4306 obviam
909 4240 1123 4304 senectutem
1137 4252 1191 4304 re-

109 4359 285 4430 tardaret‘l
306 4358 397 4441 Quid
418 4357 530 4428 David
542 4360 632 4427 rex‘l
648 4356 768 4426 Nonne
791 4363 827 4424 et
848 4354 923 4446 ipso
943 4362 1112 4437 senuerat,
1131 4351 1191 4422 luc

110 4483 263 4573 bebatpae
296 4480 402 4551 oetatis
439 4482 600 4572 plurimos
631 4475 716 4560 dies,
751 4496 888 4568 cumque
922 4474 1106 4569 operiretur
1135 4496 1192 4546 ve-

110 4605 225 4687 stibus,
245 4626 311 4673 non
331 4602 506 4694 caedebat.
524 4601 559 4673 ls
581 4599 681 4672 cuius
700 4609 736 4671 et
755 4599 846 4670 inter
867 4599 1026 4672 homines
1049 4608 1190 4692 clergo
