2692 5024
191 648 251 711 234
527 664 570 713 ns
589 664 691 715 nanus
711 664 931 715 rmnumnns

190 812 251 906 qui
270 812 351 898 nati,
371 822 453 885 sunt
477 812 603 899 miseri,
624 813 755 907 quique
769 811 931 887 omnibus
957 815 1097 886 saeculis
1120 836 1272 888 nasoen-

192 946 257 1007 tur.
282 935 461 1008 Postremo
480 958 588 1009 unum
609 935 675 1008 hoo
706 935 832 1009 iterum
864 946 900 1008 et
930 937 1056 1010 iterum
1082 938 1268 1027 admoneo,

189 1060 360 1153 quosdam
385 1058 481 1132 viros
509 1060 685 1153 egregios,
719 1081 867 1154 quorum
891 1061 1030 1133 nomina
1065 1062 1126 1134 tibi
1158 1062 1271 1137 inent-

189 1182 299 1254 canda
323 1204 393 1254 non
425 1182 575 1267 credidi,
609 1184 703 1255 nulla
727 1205 767 1255 re
791 1181 940 1277 amplius
964 1184 1140 1270 laudatos,
1161 1208 1270 1280 mam

189 1306 284 1399 quod
309 1327 452 1378 suorum
477 1314 609 1378 mortes
633 1307 712 1378 torti
743 1305 858 1378 animo
889 1308 1061 1379 tuterunt:
1086 1310 1184 1402 quod
1208 1308 1271 1381 tibi

188 1448 231 1500 eo
256 1428 448 1502 studiosius
472 1427 728 1500 advertendum
760 1437 829 1514 est,
851 1428 1028 1523 quoniam,
1056 1429 1087 1503 si
1118 1429 1271 1503 eircum-

189 1548 308 1644 spic'is,
324 1548 459 1623 videbis
472 1558 571 1623 actus
585 1560 664 1622 tuos
677 1551 712 1621 in
729 1552 931 1647 exemplum
949 1542 1051 1639 trahi,
1073 1562 1107 1624 te
1125 1552 1162 1623 in
1182 1552 1269 1625 emi-

188 1670 284 1742 nenti
304 1674 443 1766 specula
467 1674 690 1759 collocatum,
717 1682 822 1767 atque
845 1674 881 1744 in
906 1682 941 1745 te
964 1674 1121 1747 omnium
1147 1677 1269 1748 oeulos

187 1814 269 1866 esse
288 1793 437 1869 defixos.
458 1796 531 1869 Hoc
551 1795 613 1868 tibi
632 1796 843 1869 laboriosum
864 1796 985 1883 decus,
1007 1809 1043 1869 et
1059 1798 1268 1894 amplissimi

188 1916 329 2009 generis
360 1918 543 2005 maiestas,
573 1931 610 1993 et
634 1930 817 1993 retroactae
841 1920 925 1996 vitae
949 1922 1142 1997 moderatio
1162 1946 1268 2019 pepe

188 2061 274 2113 rere.
301 2042 396 2114 Vale.

328 2188 415 2246 Nonis
428 2188 560 2247 ianuarii.

687 2342 766 2352 n—..-

589 2559 767 2626 Erlsrota
787 2560 854 2624 XIss.

361 2756 554 2808 rannelscns
574 2756 742 2805 Parnason
763 2755 865 2806 tetro
885 2755 945 2805 SUO
966 2756 992 2805 S.
1010 2757 1038 2806 P.
1056 2759 1086 2807 D.

378 2940 418 2996 De
433 2939 529 2996 eadem
543 2957 574 2995 re
588 2956 649 3012 quae
663 2940 798 3014 superiori
812 2940 927 3013 epistola
940 2948 1000 2997 acta
1013 2948 1064 2997 est.

305 3161 415 3233 Nimis
432 3161 600 3248 viximus,
623 3163 708 3233 Laeli
727 3161 917 3232 carissime.
945 3161 1163 3233 Moriendum
1189 3167 1263 3237 iue-

185 3295 251 3367 rat,
280 3293 463 3378 antequam
490 3285 693 3379 praeriperet
723 3258 824 3355 nobis
849 3284 942 3354 Deus
968 3282 1259 3375 benignissimum

184 3405 376 3492 dominum,
398 3417 433 3478 et
449 3404 788 3499 indulgentissimum
805 3414 937 3499 patrem
950 3416 1117 3492 nostrum,
1141 3409 1260 3480 utitem

183 3530 324 3614 mundo,
344 3528 445 3600 nobis
470 3530 719 3613 necessarium,
739 3529 859 3623 patriae
885 3529 1084 3621 gloriosum,
1107 3530 1260 3620 longaevi
1299 3597 1301 3600 ,

183 3652 291 3746 patris
312 3650 488 3736 baculum,
530 3653 684 3723 solamen
705 3673 880 3738 sororum,
910 3653 1073 3759 fratrum,
1086 3649 1258 3735 laetitiam,

182 3774 372 3845 amicorum
394 3796 505 3867 spem,
540 3774 762 3868 hostiumque
784 3783 964 3859 terrorem,
988 3796 1122 3845 morum
1150 3773 1261 3869 speci·

182 3919 275 3981 men,
302 3898 469 3969 virtutum
510 3900 692 3991 temptum,
720 3898 913 3971 honestatis
940 3897 1143 3990 imaginem,
1171 3898 1259 3970 litte

183 4040 298 4090 rarum
312 4018 493 4114 hospitem,
509 4021 702 4092 studiorum
716 4031 916 4105 amatorem,
931 4019 1151 4112 ingeniorum
1169 4040 1260 4113 prae·

181 4164 302 4213 conam
323 4167 363 4215 ac
387 4144 633 4216 aestimatorem
659 4130 890 4216 rectissimum
923 4143 1140 4228 moritorum,
1176 4142 1258 4214 nulii

183 4264 351 4352 invidum,
368 4267 577 4340 invidiosum
591 4269 693 4340 claris
710 4267 796 4339 viris
813 4265 987 4351 omnibus,
1003 4267 1111 4360 pium,
1128 4267 1257 4351 mitem,

183 4385 393 4473 modestum,
430 4391 597 4476 sobrium,
639 4389 819 4474 affabilem,
858 4397 1093 4472 constantem,
1121 4391 1256 4474 fortem,

184 4504 328 4592 iustum,
364 4515 517 4603 largum,
545 4512 757 4598 munificum,
797 4513 1070 4606 magnanimum,
1110 4512 1260 4585 circum-
