2692 5024
379 679 470 727 mum
493 678 699 727 sur·rruus.—
719 680 872 727 musrom
895 681 958 727 xm.
1152 668 1210 728 389

131 843 277 922 utroque
303 830 382 901 stilo
401 828 446 900 ad
471 840 505 900 te
530 831 717 901 miseram:
745 831 779 899 in
804 831 933 922 quibus
959 831 1043 899 nihil
1071 833 1212 902 omnino

129 952 228 1036 meis,
257 974 300 1023 ne
325 952 439 1024 dicam
466 951 548 1035 tuis,
576 949 768 1042 angoribus
794 972 862 1022 non
893 952 1006 1022 solum
1032 952 1209 1038 curandis,

129 1073 317 1145 sedetiam
338 1071 507 1144 leniendis
533 1073 619 1144 satis
643 1073 769 1144 efficax
794 1072 912 1143 visum
937 1083 1014 1155 est3
1042 1086 1078 1145 et
1102 1076 1212 1167 pude-

128 1195 190 1268 bat
210 1195 337 1266 totiens
365 1197 506 1287 vulgata
532 1206 701 1290 repetere.
728 1195 827 1265 Nova
852 1205 969 1267 autem
995 1195 1123 1267 cudere
1148 1217 1212 1266 ex-

130 1320 256 1391 hausto
282 1319 317 1389 in
343 1317 463 1412 primis
490 1317 627 1409 ingenio
659 1338 728 1387 non
754 1318 935 1399 valebam;
963 1316 1069 1388 ordiri
1096 1327 1211 1388 tamen

128 1452 163 1512 et
184 1451 317 1513 tentare
337 1462 407 1511 non
428 1439 560 1523 destiti,
584 1439 614 1510 si
634 1442 721 1511 sorte
742 1461 848 1535 supra
869 1462 966 1534 spem
987 1462 1068 1511 orsa
1090 1462 1212 1512 succe-

130 1562 264 1635 derent.
294 1565 439 1634 Possem
466 1539 531 1633 tria
556 1565 612 1634 vel
637 1573 787 1655 quatuor
817 1565 1007 1634 litterarum
1035 1573 1212 1635 ostentare

129 1684 333 1779 primordia,
356 1684 498 1756 diverso
518 1685 718 1756 charactere
738 1685 922 1776 modisque
940 1687 1011 1755 lere
1031 1685 1209 1768 omnibus

130 1805 271 1899 quibus,
298 1829 361 1901 pro
387 1807 556 1878 varietate
579 1829 707 1893 rerum,
735 1806 892 1898 gravidae
919 1808 1046 1878 mentis
1069 1809 1212 1880 affectus

129 1937 390 2021 conceptusque
408 1928 573 2020 parturio.
592 1929 682 1999 Sanc
699 1938 866 2021 quantum
889 1929 975 1999 mihi
997 1930 1052 1998 illa
1075 1932 1214 2022 placue-

132 2051 201 2121 rint
220 2053 379 2124 conditor
400 2052 489 2123 idem
510 2062 545 2124 et
562 2052 752 2144 castigator
772 2055 926 2124 calamus
949 2062 1153 2125 transverso
1174 2053 1214 2123 li-

131 2182 287 2245 turarum
308 2177 451 2246 vulnere
472 2174 610 2246 iudicat.
638 2175 698 2244 His
724 2195 792 2266 ego
816 2172 1076 2245 difficultatibus
1102 2174 1214 2270 impli-

130 2295 222 2367 citus
235 2296 338 2367 silere
352 2296 586 2380 firmaveram,
606 2308 641 2368 et
660 2309 868 2388 praesentem
887 2296 1056 2387 gemitum
1074 2296 1212 2367 Christo

131 2418 338 2489 consolatori
355 2419 484 2510 optimo
503 2418 684 2491 solandum
706 2416 967 2513 finiendumque
986 2421 1210 2491 committere.

130 2541 213 2611 Haec
238 2562 300 2633 prn
332 2543 559 2612 excusatione
593 2541 719 2614 silentii
749 2539 817 2611 mei
850 2540 1009 2612 dixerim.
1043 2544 1088 2612 Et
1120 2566 1213 2616 nnuc

131 2662 224 2754 quod
246 2672 278 2733 te
298 2673 377 2754 post
402 2673 534 2734 tantum
558 2673 693 2758 tempus
714 2666 885 2758 alloquor,
904 2686 972 2735 non
990 2666 1111 2736 mutati
1133 2689 1213 2760 pro-

132 2783 247 2875 positi,
271 2784 334 2855 sed
355 2785 519 2879 insperati
542 2787 659 2878 gaudii
680 2797 746 2870 est,
769 2786 863 2880 quod
888 2786 1018 2880 pectori
1036 2809 1128 2872 men,
1148 2812 1213 2859 nu·
1322 2790 1325 2794 ’

132 2926 196 2997 per
214 2904 421 2975 obstinatius
441 2905 568 2978 dolenti
589 2917 636 2989 et,
654 2908 714 3000 qui
736 2907 874 2977 miseris
896 2929 972 2978 mos
992 2899 1060 2990 est,
1085 2930 1212 2978 moero-

134 3046 206 3096 rem
239 3026 416 3120 proprium
442 3027 585 3112 amanti,
620 3027 779 3117 ejusdem
814 3028 965 3097 Socratis
1000 3027 1211 3100 recentiores

93 3125 97 3130 ⁶
132 3145 342 3217 invexerunt
361 3147 505 3219 litterae:
527 3148 656 3241 quibus
676 3148 780 3219 animi
802 3145 850 3218 tui
878 3147 964 3217 inter
991 3156 1038 3217 tot
1064 3149 1212 3218 fortunae

132 3268 281 3361 impetus
319 3269 561 3342 inconcussam
603 3269 878 3360 magnitudinem
919 3267 1212 3364 eminentiamque

131 3390 309 3483 perdidici:
330 3393 441 3486 etqui
458 3393 612 3464 dolorem
630 3414 743 3463 meum
764 3391 886 3463 tacitus
908 3393 1069 3476 tuleram,
1090 3414 1212 3484 super-

132 3511 323 3584 adveniens
355 3514 520 3604 gaudium
552 3516 642 3584 ferre
675 3534 743 3583 non
776 3513 885 3606 potui,
917 3512 1104 3605 quominus
1136 3513 1211 3605 pias

133 3632 235 3704 simul
257 3635 290 3703 in
311 3634 470 3705 lacrimas
491 3645 527 3732 et
547 3635 581 3705 in
604 3634 711 3705 verba
733 3654 1008 3726 prorumperem;
1034 3631 1128 3724 qnod
1155 3653 1212 3703 me

131 3754 265 3825 frivolis
286 3755 519 3848 nequidquam
539 3766 671 3827 tentare
696 3753 928 3826 sermunculis
954 3752 1065 3846 pudor
1089 3758 1125 3825 et
1148 3749 1211 3820 do

133 3876 184 3945 lor
208 3886 243 3947 et
267 3878 461 3949 reverentia
486 3886 684 3960 vetuerant,
707 3875 742 3946 id
763 3875 809 3945 ab
838 3875 895 3945 illo
920 3872 1053 3944 ooelesti
1078 3869 1210 3943 artifice

132 3997 259 4068 lactum
282 3998 422 4082 videno,
445 3998 514 4081 oui,
538 4021 615 4068 cum
637 4019 700 4094 pro
722 3996 797 4066 aliis
819 3995 949 4078 multis,
971 4005 1042 4064 tum
1061 4014 1123 4086 pro
1143 3994 1210 4064 hoc

133 4120 309 4214 praecipue
329 4119 460 4209 gratias
481 4140 586 4209 agere
606 4118 751 4209 dignum
777 4126 846 4200 est,
875 4115 968 4208 quod
996 4114 1056 4184 tibi
1082 4121 1132 4185 tot
1157 4134 1211 4183 re-

133 4265 210 4313 rum
232 4241 331 4310 bellis
351 4241 505 4312 exercito
526 4239 760 4310 fortitudinem
782 4237 901 4308 tribuit
921 4246 956 4305 et
980 4235 1210 4305 constantiam

133 4363 382 4458 exemplarem.
409 4364 543 4455 ltaque,
565 4359 674 4430 decus
698 4380 830 4442 meum,
857 4358 983 4428 etiam
1010 4357 1112 4448 quasi
1138 4359 1210 4428 sola

135 4487 207 4580 spei
241 4506 330 4557 meae
361 4496 396 4556 et
429 4486 615 4557 multorum
658 4501 801 4563 ancora,
841 4478 1032 4573 composito
1072 4480 1209 4553 tandem
