2692 5024
436 309 526 356 emes
549 308 884 357 narnus-ararem
906 311 945 356 rr.
1184 297 1219 357 ll

151 453 258 549 aium)
272 450 483 525 cadaverum
496 453 734 546 expultricem.
748 452 829 525 Vidi
841 453 1059 548 Capitolium,
1075 448 1224 550 effigiem

151 577 274 661 nostri3
292 575 361 647 nisi
378 575 471 669 quod
488 597 551 668 pro
567 585 691 648 senatu
707 575 776 648 illic
793 575 891 669 pacis
910 599 952 649 ac
976 577 1057 650 belli
1081 578 1226 651 consilia

149 701 317 795 agitante,
334 697 392 770 bic
408 699 550 771 formosi
566 698 713 771 iuvenes
731 722 772 772 ac
788 700 913 794 puellae
930 699 1066 772 mixtim
1086 691 1223 775 noctar-

150 847 216 898 nas
233 823 356 896 laudes
370 823 443 893 Deo
459 822 644 895 concinunt
655 833 786 895 {eterne
799 823 998 896 concordie:
1012 823 1060 896 ibi
1072 836 1225 897 rotarum

151 959 188 1021 et
203 966 379 1020 armorum
398 945 576 1036 strepitus,
595 968 635 1018 ec
652 946 801 1038 gemitus
814 948 1042 1039 captivorum
1056 948 1113 1020 bic
1124 949 1225 1042 quies

152 1082 190 1145 et
205 1070 382 1164 gaudium,
400 1079 436 1139 et
450 1067 637 1140 iocantium
653 1091 782 1152 voces;
807 1070 959 1165 denique
975 1071 1055 1144 illuc
1066 1071 1223 1156 bellicus,

152 1195 221 1266 buc
232 1190 397 1287 pacificus
411 1191 639 1284 trimnphator
651 1191 854 1283 ingreditur.
869 1193 949 1267 Vidi
962 1199 1125 1290 templum
1139 1192 1226 1266 urbe

152 1314 267 1388 media
283 1312 555 1407 pulcherrimum
575 1314 734 1407 quamvis
760 1314 986 1408 inexpletum,
1011 1316 1107 1410 quod
1131 1316 1226 1390 baud

152 1437 323 1509 immerito
340 1458 517 1508 summum
534 1447 668 1509 vocant.
687 1439 866 1530 Magorum
884 1439 931 1509 ibi
948 1462 1070 1533 regum
1083 1464 1227 1536 corpora

154 1559 200 1633 ab
219 1570 297 1631 ortu
315 1559 361 1631 ad
385 1581 547 1631 occasum
577 1559 688 1632 tribus
719 1561 864 1633 saltibus
895 1571 1107 1648 transvecta,
1138 1585 1225 1657 quos

153 1683 345 1755 aethereum
360 1681 536 1776 quondam
553 1704 673 1774 regem
691 1683 735 1754 ad
752 1686 925 1778 presepia
937 1685 1134 1778 vagientem
1146 1708 1226 1758 cum

154 1805 358 1878 muneribus
386 1813 572 1876 veneratos
602 1806 766 1896 legimur,
791 1808 1062 1880 venerabundus
1091 1809 1225 1903 aspexi.

153 1929 344 2020 Parumper
354 1927 417 2013 bic,
432 1938 530 2020 pater
541 1928 678 2022 optime,
694 1938 730 1999 et
741 1926 884 2022 pudoris
896 1929 965 2000 mei
978 1939 1088 2002 metas
1102 1953 1228 2004 exces-

155 2050 248 2123 sisse
266 2047 400 2136 videor,
428 2061 463 2122 et
487 2056 585 2145 plura
610 2051 806 2144 collegisse,
837 2073 941 2145 quam
970 2073 1117 2125 necesse
1141 2062 1226 2124 erat.

126 2192 132 2215 ⁸
155 2176 345 2268 dumque
360 2175 490 2246 fateor:
505 2172 569 2246 sed
580 2175 667 2245 mihi
679 2175 727 2247 nil
741 2185 811 2247 tam
826 2195 973 2247 necesse
990 2184 1057 2262 est,
1072 2199 1176 2270 quam
1189 2188 1228 2248 ut

152 2298 298 2393 imperio
316 2308 375 2370 tuo
392 2320 543 2391 paream.
562 2300 655 2370 lnter
672 2301 779 2370 multa
796 2320 880 2371 sane
897 2319 978 2392 quae
997 2297 1139 2371 abeunti
1155 2298 1228 2370 ius-

153 2444 263 2508 seras,
282 2420 349 2493 boc
364 2419 429 2491 luit
445 2433 658 2505 extremum3
671 2430 711 2492 ut
724 2421 770 2493 de
786 2421 888 2493 terris
906 2423 951 2495 ed
964 2445 1053 2517 quas
1069 2422 1174 2509 ibam,
1193 2434 1228 2494 et

154 2543 199 2617 de
224 2543 372 2638 singulis
402 2563 482 2637 quae
506 2543 677 2615 vidissem
701 2543 998 2637 audivisscmque,
1025 2545 1169 2636 perinde
1194 2556 1227 2614 te

155 2668 336 2740 certiorem
353 2666 481 2760 scripto
501 2669 650 2738 lacerem
676 2690 716 2738 ac
739 2665 849 2739 verbo
875 2669 981 2750 soleo,
1009 2688 1074 2737 nec
1098 2669 1228 2738 calamo

155 2810 351 2882 parcerem,
370 2808 435 2858 nec
451 2786 612 2860 brevitati
628 2788 685 2857 vel
702 2787 837 2858 omatui
855 2788 1045 2871 studerem,
1059 2807 1151 2858 neve
1165 2785 1228 2858 llo

156 2909 284 2983 ridiora
298 2911 534 3003 decerperem,
557 2909 621 2980 sed
645 2919 768 2981 cuncta
792 2910 1053 3002 complecterer:
1078 2908 1229 3004 denique

158 3034 312 3105 Tulliano
327 3031 437 3105 verbo
454 3051 555 3118 usuS,
581 3033 700 3117 ecclc,
721 3031 843 3105 dixisti
862 3030 1021 3126 qotdporlt
1038 3036 1076 3105 ic
1096 3036 1229 3106 buccam

157 3155 298 3226 venerit.
316 3155 461 3228 Promisi
477 3177 534 3227 me
547 3158 731 3239 facturum
745 3155 956 3250 promissum
968 3157 1101 3231 crebris
1116 3181 1163 3229 cx
1175 3158 1229 3227 iti-

158 3299 243 3350 nere
259 3277 417 3351 litterulis
434 3279 599 3373 implesse
616 3280 748 3353 videor.
767 3279 803 3350 Si
819 3280 988 3352 iussisses
1005 3280 1099 3374 loqui
1115 3279 1160 3349 de
1180 3280 1229 3349 al-

159 3401 319 3487 tioribus,
339 3411 582 3496 temptassem:
600 3426 691 3476 nunc
711 3404 867 3498 epistolae
884 3403 1035 3476 officium
1051 3422 1141 3484 reor,
1159 3419 1229 3468 nou

157 3532 198 3592 ut
213 3523 421 3597 scribentem
438 3524 606 3612 nobilitet,
625 3523 689 3596 sed
701 3534 740 3596 ut
751 3523 917 3597 certificet
931 3525 1115 3615 legentem.
1129 3517 1230 3603 Quod
1318 3516 1320 3521 ’

159 3645 192 3716 si
205 3645 346 3718 omnino
360 3647 474 3720 videri
490 3649 661 3734 volumus,
679 3648 905 3720 ostendamus
917 3667 981 3719 nos
1000 3645 1035 3713 in
1054 3641 1166 3726 libris,
1193 3640 1229 3712 in

158 3768 313 3863 epistolis
332 3774 578 3864 colloquamur.
603 3771 770 3843 Procedo.
788 3768 843 3839 Ad
867 3787 899 3837 n.
927 3763 1099 3839 Kalendas
1125 3762 1229 3835 Iulias

160 3893 299 3967 Colonia
315 3895 465 3967 discessi
481 3903 576 3966 tanto
594 3873 667 3965 sole
684 3916 725 3965 ac
740 3895 896 3986 pulvere,
916 3900 956 3963 ut
979 3909 1075 3984 saepe
1098 3888 1230 3983 obpiccs

159 4020 306 4088 cicerae
325 4020 452 4109 frigora
471 4017 581 4089 libeni
598 4039 619 4088 e
637 4014 782 4108 Virgilio
806 4013 1031 4107 requirerem.
1058 4014 1140 4087 lnde
1164 4011 1230 4082 Ar-

159 4138 334 4213 duennam
353 4140 477 4213 silvam
496 4140 699 4233 scriptorum
718 4137 913 4210 testimonio
926 4137 1059 4231 pridem
1072 4135 1154 4209 mihi
1172 4158 1229 4206 co-
