2692 5024
157 628 218 691 llll
493 639 537 691 aa
556 639 659 691 mus
679 639 904 691 summamus

561 901 739 969 sustula
760 902 832 967 xlv.

278 1112 472 1165 sutuclscus
489 1111 658 1163 Parauaea
674 1109 809 1161 1011le
825 1110 984 1161 colum
1000 1110 1027 1161 S.
1046 1111 1074 1160 Ρ.
1092 1112 1123 1161 ll.

435 1302 472 1357 Se
485 1300 563 1359 urnis
577 1300 674 1357 Rome
686 1304 831 1373 aspectuum
842 1302 966 1373 stupere.

260 1520 318 1595 Ab
337 1520 425 1595 urhe
442 1521 555 1593 Roma
573 1519 660 1615 quid
678 1531 857 1616 expectet,
883 1520 944 1615 qui
968 1529 1041 1594 tam
1066 1523 1178 1597 multu
1200 1522 1254 1599 de

160 1643 340 1718 montibus
366 1638 561 1738 aooeperit‘l
590 1641 744 1715 Putabas
770 1664 828 1715 me
847 1642 980 1737 grande
1005 1644 1137 1739 aliquid
1161 1646 1254 1719 sori-

159 1778 311 1865 pturum,
324 1788 406 1841 euru
417 1767 564 1839 llomam
578 1765 830 1859 pervenissem.
843 1766 972 1859 lugens
983 1766 1068 1839 milri
1080 1767 1201 1841 lorsan
1212 1768 1253 1842 in

160 1898 341 1983 posterum
361 1885 537 1963 scribendi
552 1886 699 1961 materia
714 1885 832 1960 obluta
846 1898 919 1961 est:
936 1890 972 1960 in
987 1908 1145 1986 praesens
1161 1890 1254 1965 nihil

158 2012 330 2106 estquod
348 1982 514 2085 inolroare
532 2011 661 2095 ausim,
682 2009 850 2082 miraculo
869 2032 986 2084 rerum
1011 1990 1188 2085 antarum
1211 2024 1254 2087 et

160 2135 314 2230 stuporis
345 2135 437 2206 mole
467 2133 625 2207 obrutus.
660 2133 775 2209 Unum
800 2131 867 2207 lroo
893 2134 1034 2207 tacitum
1064 2130 1252 2209 noluerim.

160 2259 341 2331 Contrane
353 2266 391 2330 tu
404 2255 652 2353 suspicabaris,
666 2255 801 2330 accidit.
820 2255 964 2330 Solebas
975 2256 1079 2344 enim,
1093 2258 1251 2348 memini,

161 2404 218 2454 me
242 2404 266 2453 a
288 2380 464 2452 veniendo
487 2378 679 2464 dehortari,
706 2379 774 2451 hoe
798 2378 951 2452 maxime
975 2388 1168 2472 praetextu,
1201 2402 1250 2453 ne

163 2505 317 2577 ruinosae
348 2501 452 2574 Urbis
477 2512 634 2594 aspectu,
661 2490 765 2572 lamae
790 2522 859 2572 non
888 2501 1120 2596 respondente
1144 2510 1254 2597 atque

162 2623 312 2719 opinioni
334 2643 422 2694 meae
440 2645 488 2694 ex
509 2622 605 2694 libris
625 2632 819 2716 conceptae,
841 2623 947 2696 ardor
967 2646 1068 2696 meus
1094 2624 1151 2697 ille
1176 2627 1252 2698 len·

163 2754 323 2819 tesseret.
336 2746 413 2837 Ego
424 2766 577 2838 quoque,
595 2744 758 2837 quamvis
775 2744 952 2818 desiderio
969 2746 1164 2840 flagrarem,
1179 2770 1252 2822 non

103 2892 119 2913 ⁹
163 2870 295 2943 invitus
314 2867 529 2954 differebam,
556 2880 715 2941 metuens
735 2871 895 2964 nequod
919 2872 995 2965 ipse
1021 2871 1108 2941 milri
1133 2871 1254 2944 animo

164 2994 350 3079 finxeram,
372 3001 605 3065 extenuarant
628 2992 732 3078 oculi,
755 3003 791 3065 et
810 2992 947 3086 magnis
974 3015 1114 3089 semper
1139 2992 1253 3065 nomi-

163 3116 268 3188 nibus
290 3117 427 3189 inimica
448 3115 643 3210 praesentia.
666 3118 728 3188 llla
746 3137 834 3188 vera
856 3115 994 3211 (mirum
1016 3115 1143 3210 diotul)
1164 3115 1253 3189 nihil

164 3237 352 3323 imminuit,
390 3238 453 3311 sed
485 3239 585 3311 auxit
616 3238 742 3312 omnia.
776 3240 869 3311 Vero
901 3238 1011 3311 maior
1034 3239 1099 3310 luit
1122 3240 1251 3326 Roma,

164 3358 383 3453 maioresque
405 3372 488 3433 sunt
507 3362 675 3455 reliquiae,
698 3385 803 3456 quam
826 3360 937 3434 rebar.
953 3362 1106 3433 lemnon
1125 3360 1251 3434 orbem

164 3479 211 3553 ab
230 3479 296 3553 hac
315 3481 403 3555 urbe
427 3481 612 3568 domitum,
641 3483 705 3556 sed
731 3494 801 3556 tam
828 3506 909 3557 sero
934 3482 1105 3557 domitum
1131 3482 1251 3558 miror.

165 3607 261 3679 Vale.

305 3753 417 3824 Roma,
432 3751 527 3809 Idibus
540 3751 655 3809 Martiis.
671 3751 705 3809 ln
720 3751 863 3826 capitolio.
