<?xml version="1.0" encoding="UTF-8"?>
<!DOCTYPE html PUBLIC "-//W3C//DTD XHTML 1.0 Transitional//EN"
    "http://www.w3.org/TR/xhtml1/DTD/xhtml1-transitional.dtd">
<html xmlns="http://www.w3.org/1999/xhtml" xml:lang="en" lang="en">
 <head>
  <title>
</title>
<meta http-equiv="Content-Type" content="text/html;charset=utf-8" />
  <meta name='ocr-system' content='tesseract 3.04.00' />
  <meta name='ocr-capabilities' content='ocr_page ocr_carea ocr_par ocr_line ocrx_word'/>
</head>
<body>
  <div class='ocr_page' id='page_1' title='image "./epistolaederebu00fracgoog_0372.png"; bbox 0 0 2692 5024; ppageno 0'>
   <div class='ocr_carea' id='block_1_1' title="bbox 336 718 1146 788">
    <p class='ocr_par' dir='ltr' id='par_1_1' title="bbox 336 718 1146 788">
     <span class='ocr_line' id='line_1_1' title="bbox 336 718 1146 788; baseline 0.011 -14"><span class='ocrx_word' id='word_1_1' title='bbox 336 727 429 777; x_wconf 78' lang='lat' dir='ltr'><strong>uranu</strong></span> <span class='ocrx_word' id='word_1_2' title='bbox 449 729 603 788; x_wconf 79' lang='lat' dir='ltr'><strong>outnrus.</strong></span> <span class='ocrx_word' id='word_1_3' title='bbox 615 729 819 781; x_wconf 81' lang='lat' dir='ltr'><strong>-srrsrom</strong></span> <span class='ocrx_word' id='word_1_4' title='bbox 838 731 881 779; x_wconf 91' lang='lat' dir='ltr'><strong>m.</strong></span> <span class='ocrx_word' id='word_1_5' title='bbox 1085 718 1146 783; x_wconf 64' lang='lat'><strong>209</strong></span> 
     </span>
    </p>
   </div>
   <div class='ocr_carea' id='block_1_2' title="bbox 67 847 1285 4653">
    <p class='ocr_par' dir='ltr' id='par_1_2' title="bbox 67 847 1285 4653">
     <span class='ocr_line' id='line_1_2' title="bbox 68 847 1148 966; baseline 0.005 -23"><span class='ocrx_word' id='word_1_6' title='bbox 68 871 201 955; x_wconf 82' lang='lat' dir='ltr'>evexit,</span> <span class='ocrx_word' id='word_1_7' title='bbox 225 878 263 941; x_wconf 92' lang='lat' dir='ltr'><strong>ut</strong></span> <span class='ocrx_word' id='word_1_8' title='bbox 282 870 417 961; x_wconf 88' lang='lat' dir='ltr'><strong>regium</strong></span> <span class='ocrx_word' id='word_1_9' title='bbox 436 870 576 964; x_wconf 81' lang='lat' dir='ltr'>dogma,</span> <span class='ocrx_word' id='word_1_10' title='bbox 598 873 653 943; x_wconf 93' lang='lat' dir='ltr'><strong>cui</strong></span> <span class='ocrx_word' id='word_1_11' title='bbox 674 873 858 966; x_wconf 92' lang='lat' dir='ltr'><strong>plurimum</strong></span> <span class='ocrx_word' id='word_1_12' title='bbox 879 895 933 945; x_wconf 88' lang='lat' dir='ltr'><strong>me</strong></span> <span class='ocrx_word' id='word_1_13' title='bbox 949 874 1080 947; x_wconf 90' lang='lat' dir='ltr'><strong>debere</strong></span> <span class='ocrx_word' id='word_1_14' title='bbox 1096 847 1148 948; x_wconf 62' lang='lat' dir='ltr'><strong>lass</strong></span> 
     </span>
     <span class='ocr_line' id='line_1_3' title="bbox 68 993 1148 1086; baseline 0.004 -20"><span class='ocrx_word' id='word_1_15' title='bbox 68 1004 152 1077; x_wconf 88' lang='lat' dir='ltr'><strong>teor,</strong></span> <span class='ocrx_word' id='word_1_16' title='bbox 168 1015 237 1064; x_wconf 93' lang='lat' dir='ltr'><strong>non</strong></span> <span class='ocrx_word' id='word_1_17' title='bbox 250 994 475 1086; x_wconf 86' lang='lat' dir='ltr'><strong>amplecterer</strong></span> <span class='ocrx_word' id='word_1_18' title='bbox 492 997 616 1080; x_wconf 86' lang='lat' dir='ltr'><strong>solnm,</strong></span> <span class='ocrx_word' id='word_1_19' title='bbox 637 993 699 1066; x_wconf 88' lang='lat' dir='ltr'><strong>sed</strong></span> <span class='ocrx_word' id='word_1_20' title='bbox 715 994 864 1066; x_wconf 87' lang='lat' dir='ltr'><strong>testibus</strong></span> <span class='ocrx_word' id='word_1_21' title='bbox 883 996 1048 1069; x_wconf 83' lang='lat' dir='ltr'><strong>adhibitis</strong></span> <span class='ocrx_word' id='word_1_22' title='bbox 1064 1020 1148 1070; x_wconf 91' lang='lat' dir='ltr'><strong>con-</strong></span> 
     </span>
     <span class='ocr_line' id='line_1_4' title="bbox 68 1115 1146 1208; baseline 0.006 -22"><span class='ocrx_word' id='word_1_23' title='bbox 68 1115 259 1198; x_wconf 82' lang='lat' dir='ltr'><strong>firmarem3</strong></span> <span class='ocrx_word' id='word_1_24' title='bbox 292 1115 386 1208; x_wconf 91' lang='lat' dir='ltr'><strong>quod</strong></span> <span class='ocrx_word' id='word_1_25' title='bbox 413 1117 462 1188; x_wconf 88' lang='lat' dir='ltr'><strong>itu</strong></span> <span class='ocrx_word' id='word_1_26' title='bbox 490 1116 574 1187; x_wconf 89' lang='lat' dir='ltr'><strong>mibi</strong></span> <span class='ocrx_word' id='word_1_27' title='bbox 593 1118 746 1189; x_wconf 90' lang='lat' dir='ltr'><strong>animum</strong></span> <span class='ocrx_word' id='word_1_28' title='bbox 767 1119 898 1203; x_wconf 81' lang='lat' dir='ltr'><strong>affecit,</strong></span> <span class='ocrx_word' id='word_1_29' title='bbox 929 1129 968 1190; x_wconf 92' lang='lat' dir='ltr'><strong>nt</strong></span> <span class='ocrx_word' id='word_1_30' title='bbox 1000 1143 1146 1193; x_wconf 88' lang='lat' dir='ltr'><strong>securus</strong></span> 
     </span>
     <span class='ocr_line' id='line_1_5' title="bbox 68 1237 1285 1332; baseline 0.012 -26"><span class='ocrx_word' id='word_1_31' title='bbox 68 1237 137 1310; x_wconf 92' lang='lat' dir='ltr'><strong>iam</strong></span> <span class='ocrx_word' id='word_1_32' title='bbox 159 1260 199 1310; x_wconf 90' lang='lat' dir='ltr'><strong>ac</strong></span> <span class='ocrx_word' id='word_1_33' title='bbox 226 1239 300 1331; x_wconf 88' lang='lat' dir='ltr'><strong>spei</strong></span> <span class='ocrx_word' id='word_1_34' title='bbox 322 1241 458 1332; x_wconf 88' lang='lat' dir='ltr'><strong>plenus,</strong></span> <span class='ocrx_word' id='word_1_35' title='bbox 481 1239 703 1311; x_wconf 80' lang='lat' dir='ltr'><strong>formidatum</strong></span> <span class='ocrx_word' id='word_1_36' title='bbox 724 1240 885 1331; x_wconf 85' lang='lat' dir='ltr'><strong>gentibus</strong></span> <span class='ocrx_word' id='word_1_37' title='bbox 906 1242 1000 1315; x_wconf 91' lang='lat' dir='ltr'><strong>diem</strong></span> <span class='ocrx_word' id='word_1_38' title='bbox 1024 1244 1146 1317; x_wconf 91' lang='lat' dir='ltr'><strong>mortis</strong></span> <span class='ocrx_word' id='word_1_39' title='bbox 1280 1308 1285 1320; x_wconf 90' lang='lat'><strong>.</strong></span> 
     </span>
     <span class='ocr_line' id='line_1_6' title="bbox 68 1361 1147 1459; baseline 0.005 -25"><span class='ocrx_word' id='word_1_40' title='bbox 68 1373 262 1456; x_wconf 84' lang='lat' dir='ltr'><strong>expectem.</strong></span> <span class='ocrx_word' id='word_1_41' title='bbox 281 1362 381 1434; x_wconf 89' lang='lat' dir='ltr'><strong>Hunc</strong></span> <span class='ocrx_word' id='word_1_42' title='bbox 397 1361 487 1432; x_wconf 93' lang='lat' dir='ltr'><strong>diem</strong></span> <span class='ocrx_word' id='word_1_43' title='bbox 508 1373 704 1451; x_wconf 88' lang='lat' dir='ltr'><strong>transvecta</strong></span> <span class='ocrx_word' id='word_1_44' title='bbox 720 1364 834 1459; x_wconf 90' lang='lat' dir='ltr'><strong>neptis</strong></span> <span class='ocrx_word' id='word_1_45' title='bbox 854 1375 926 1448; x_wconf 90' lang='lat' dir='ltr'><strong>tna,</strong></span> <span class='ocrx_word' id='word_1_46' title='bbox 945 1388 1049 1459; x_wconf 88' lang='lat' dir='ltr'><strong>quam</strong></span> <span class='ocrx_word' id='word_1_47' title='bbox 1066 1365 1147 1439; x_wconf 89' lang='lat' dir='ltr'><strong>linis</strong></span> 
     </span>
     <span class='ocr_line' id='line_1_7' title="bbox 68 1484 1147 1581; baseline 0.005 -26"><span class='ocrx_word' id='word_1_48' title='bbox 68 1484 227 1577; x_wconf 87' lang='lat' dir='ltr'><strong>epistolae</strong></span> <span class='ocrx_word' id='word_1_49' title='bbox 256 1485 348 1556; x_wconf 90' lang='lat' dir='ltr'><strong>canit</strong></span> <span class='ocrx_word' id='word_1_50' title='bbox 381 1509 421 1557; x_wconf 90' lang='lat' dir='ltr'><strong>ac</strong></span> <span class='ocrx_word' id='word_1_51' title='bbox 451 1486 630 1581; x_wconf 70' lang='lat' dir='ltr'><strong>praedicat,</strong></span> <span class='ocrx_word' id='word_1_52' title='bbox 652 1487 824 1559; x_wconf 86' lang='lat' dir='ltr'><strong>invidiosa</strong></span> <span class='ocrx_word' id='word_1_53' title='bbox 844 1487 972 1580; x_wconf 91' lang='lat' dir='ltr'><strong>potius,</strong></span> <span class='ocrx_word' id='word_1_54' title='bbox 1000 1499 1038 1560; x_wconf 91' lang='lat' dir='ltr'><strong>ut</strong></span> <span class='ocrx_word' id='word_1_55' title='bbox 1062 1488 1147 1561; x_wconf 89' lang='lat' dir='ltr'><strong>mihi</strong></span> 
     </span>
     <span class='ocr_line' id='line_1_8' title="bbox 68 1608 1146 1704; baseline 0.002 -24"><span class='ocrx_word' id='word_1_56' title='bbox 68 1608 210 1702; x_wconf 89' lang='lat' dir='ltr'><strong>quidem</strong></span> <span class='ocrx_word' id='word_1_57' title='bbox 247 1610 400 1695; x_wconf 86' lang='lat' dir='ltr'><strong>videtur,</strong></span> <span class='ocrx_word' id='word_1_58' title='bbox 436 1633 541 1704; x_wconf 91' lang='lat' dir='ltr'><strong>quam</strong></span> <span class='ocrx_word' id='word_1_59' title='bbox 578 1609 764 1682; x_wconf 82' lang='lat' dir='ltr'><strong>miserabili</strong></span> <span class='ocrx_word' id='word_1_60' title='bbox 796 1620 903 1695; x_wconf 92' lang='lat' dir='ltr'><strong>sorte,</strong></span> <span class='ocrx_word' id='word_1_61' title='bbox 935 1612 1146 1704; x_wconf 79' lang='lat' dir='ltr'><strong>defungitur.</strong></span> 
     </span>
     <span class='ocr_line' id='line_1_9' title="bbox 69 1731 1147 1825; baseline 0.003 -22"><span class='ocrx_word' id='word_1_62' title='bbox 69 1732 239 1815; x_wconf 91' lang='lat' dir='ltr'><strong>Quamvis</strong></span> <span class='ocrx_word' id='word_1_63' title='bbox 255 1734 347 1805; x_wconf 92' lang='lat' dir='ltr'><strong>enim</strong></span> <span class='ocrx_word' id='word_1_64' title='bbox 370 1731 414 1803; x_wconf 90' lang='lat' dir='ltr'><strong>ab</strong></span> <span class='ocrx_word' id='word_1_65' title='bbox 434 1733 510 1825; x_wconf 89' lang='lat' dir='ltr'><strong>ipso</strong></span> <span class='ocrx_word' id='word_1_66' title='bbox 530 1733 643 1805; x_wconf 84' lang='lat' dir='ltr'><strong>aetatis</strong></span> <span class='ocrx_word' id='word_1_67' title='bbox 664 1741 700 1804; x_wconf 92' lang='lat' dir='ltr'><strong>et</strong></span> <span class='ocrx_word' id='word_1_68' title='bbox 719 1734 839 1804; x_wconf 84' lang='lat' dir='ltr'><strong>lormae</strong></span> <span class='ocrx_word' id='word_1_69' title='bbox 862 1733 947 1804; x_wconf 88' lang='lat' dir='ltr'><strong>flore</strong></span> <span class='ocrx_word' id='word_1_70' title='bbox 969 1733 1147 1807; x_wconf 84' lang='lat' dir='ltr'><strong>subtracta</strong></span> 
     </span>
     <span class='ocr_line' id='line_1_10' title="bbox 69 1854 1148 1950; baseline 0.003 -24"><span class='ocrx_word' id='word_1_71' title='bbox 69 1856 130 1939; x_wconf 87' lang='lat' dir='ltr'><strong>sit,</strong></span> <span class='ocrx_word' id='word_1_72' title='bbox 146 1854 281 1948; x_wconf 86' lang='lat' dir='ltr'><strong>publica</strong></span> <span class='ocrx_word' id='word_1_73' title='bbox 296 1858 367 1927; x_wconf 91' lang='lat' dir='ltr'><strong>lere</strong></span> <span class='ocrx_word' id='word_1_74' title='bbox 385 1855 489 1927; x_wconf 90' lang='lat' dir='ltr'><strong>totins</strong></span> <span class='ocrx_word' id='word_1_75' title='bbox 507 1854 601 1927; x_wconf 91' lang='lat' dir='ltr'><strong>orbis</strong></span> <span class='ocrx_word' id='word_1_76' title='bbox 614 1855 839 1948; x_wconf 85' lang='lat' dir='ltr'><strong>querimonia,</strong></span> <span class='ocrx_word' id='word_1_77' title='bbox 856 1856 1044 1949; x_wconf 90' lang='lat' dir='ltr'><strong>multisque</strong></span> <span class='ocrx_word' id='word_1_78' title='bbox 1057 1878 1148 1950; x_wconf 85' lang='lat' dir='ltr'><strong>prae-</strong></span> 
     </span>
     <span class='ocr_line' id='line_1_11' title="bbox 68 1978 1146 2076; baseline 0 -26"><span class='ocrx_word' id='word_1_79' title='bbox 68 1978 168 2071; x_wconf 86' lang='lat' dir='ltr'><strong>cipue</strong></span> <span class='ocrx_word' id='word_1_80' title='bbox 188 1979 394 2071; x_wconf 92' lang='lat' dir='ltr'><strong>populorum</strong></span> <span class='ocrx_word' id='word_1_81' title='bbox 418 1979 600 2071; x_wconf 91' lang='lat' dir='ltr'><strong>utriusque</strong></span> <span class='ocrx_word' id='word_1_82' title='bbox 621 1979 728 2070; x_wconf 87' lang='lat' dir='ltr'><strong>regni,</strong></span> <span class='ocrx_word' id='word_1_83' title='bbox 747 1987 782 2076; x_wconf 82' lang='lat' dir='ltr'><strong>ot</strong></span> <span class='ocrx_word' id='word_1_84' title='bbox 795 1978 888 2049; x_wconf 92' lang='lat' dir='ltr'><strong>unde</strong></span> <span class='ocrx_word' id='word_1_85' title='bbox 908 1988 1038 2063; x_wconf 82' lang='lat' dir='ltr'><strong>ortum,</strong></span> <span class='ocrx_word' id='word_1_86' title='bbox 1060 1980 1146 2051; x_wconf 92' lang='lat' dir='ltr'><strong>etin</strong></span> 
     </span>
     <span class='ocr_line' id='line_1_12' title="bbox 67 2099 1149 2192; baseline 0.002 -22"><span class='ocrx_word' id='word_1_87' title='bbox 67 2099 163 2192; x_wconf 89' lang='lat' dir='ltr'><strong>quod</strong></span> <span class='ocrx_word' id='word_1_88' title='bbox 177 2104 380 2173; x_wconf 87' lang='lat' dir='ltr'><strong>translatum</strong></span> <span class='ocrx_word' id='word_1_89' title='bbox 398 2101 481 2173; x_wconf 93' lang='lat' dir='ltr'><strong>illud</strong></span> <span class='ocrx_word' id='word_1_90' title='bbox 498 2123 615 2172; x_wconf 90' lang='lat' dir='ltr'><strong>rarum</strong></span> <span class='ocrx_word' id='word_1_91' title='bbox 631 2110 668 2172; x_wconf 90' lang='lat' dir='ltr'><strong>et</strong></span> <span class='ocrx_word' id='word_1_92' title='bbox 683 2101 850 2171; x_wconf 84' lang='lat' dir='ltr'><strong>eximium</strong></span> <span class='ocrx_word' id='word_1_93' title='bbox 868 2100 977 2172; x_wconf 89' lang='lat' dir='ltr'><strong>decus</strong></span> <span class='ocrx_word' id='word_1_94' title='bbox 995 2110 1078 2184; x_wconf 77' lang='lat' dir='ltr'><strong>erat</strong></span> <span class='ocrx_word' id='word_1_95' title='bbox 1098 2103 1149 2172; x_wconf 92' lang='lat' dir='ltr'><strong>la-</strong></span> 
     </span>
     <span class='ocr_line' id='line_1_13' title="bbox 68 2222 1148 2319; baseline 0.002 -24"><span class='ocrx_word' id='word_1_96' title='bbox 68 2222 187 2295; x_wconf 93' lang='lat' dir='ltr'><strong>crimis</strong></span> <span class='ocrx_word' id='word_1_97' title='bbox 202 2245 243 2295; x_wconf 90' lang='lat' dir='ltr'><strong>ao</strong></span> <span class='ocrx_word' id='word_1_98' title='bbox 256 2225 430 2305; x_wconf 89' lang='lat' dir='ltr'><strong>lamentis;</strong></span> <span class='ocrx_word' id='word_1_99' title='bbox 443 2225 518 2319; x_wconf 91' lang='lat' dir='ltr'><strong>ipsa</strong></span> <span class='ocrx_word' id='word_1_100' title='bbox 532 2234 645 2296; x_wconf 83' lang='lat' dir='ltr'><strong>tamen</strong></span> <span class='ocrx_word' id='word_1_101' title='bbox 659 2224 743 2295; x_wconf 82' lang='lat' dir='ltr'><strong>felix</strong></span> <span class='ocrx_word' id='word_1_102' title='bbox 755 2235 825 2307; x_wconf 87' lang='lat' dir='ltr'><strong>est,</strong></span> <span class='ocrx_word' id='word_1_103' title='bbox 841 2247 908 2295; x_wconf 89' lang='lat' dir='ltr'><strong>non</strong></span> <span class='ocrx_word' id='word_1_104' title='bbox 925 2225 1037 2296; x_wconf 91' lang='lat' dir='ltr'><strong>solum</strong></span> <span class='ocrx_word' id='word_1_105' title='bbox 1052 2223 1148 2317; x_wconf 91' lang='lat' dir='ltr'><strong>quod</strong></span> 
     </span>
     <span class='ocr_line' id='line_1_14' title="bbox 67 2344 1150 2439; baseline -0.002 -20"><span class='ocrx_word' id='word_1_106' title='bbox 67 2347 114 2419; x_wconf 87' lang='lat' dir='ltr'><strong>ad</strong></span> <span class='ocrx_word' id='word_1_107' title='bbox 134 2355 277 2419; x_wconf 81' lang='lat' dir='ltr'><strong>aeternae</strong></span> <span class='ocrx_word' id='word_1_108' title='bbox 297 2348 380 2419; x_wconf 78' lang='lat' dir='ltr'><strong>vitae</strong></span> <span class='ocrx_word' id='word_1_109' title='bbox 400 2346 543 2418; x_wconf 89' lang='lat' dir='ltr'><strong>delicias</strong></span> <span class='ocrx_word' id='word_1_110' title='bbox 562 2368 626 2439; x_wconf 91' lang='lat' dir='ltr'><strong>per</strong></span> <span class='ocrx_word' id='word_1_111' title='bbox 643 2344 841 2416; x_wconf 86' lang='lat' dir='ltr'><strong>horrificum</strong></span> <span class='ocrx_word' id='word_1_112' title='bbox 863 2346 949 2418; x_wconf 93' lang='lat' dir='ltr'><strong>illud</strong></span> <span class='ocrx_word' id='word_1_113' title='bbox 969 2346 1090 2429; x_wconf 89' lang='lat' dir='ltr'><strong>mortis</strong></span> <span class='ocrx_word' id='word_1_114' title='bbox 1107 2347 1150 2417; x_wconf 90' lang='lat' dir='ltr'><strong>li-</strong></span> 
     </span>
     <span class='ocr_line' id='line_1_15' title="bbox 68 2468 1149 2563; baseline 0.002 -21"><span class='ocrx_word' id='word_1_115' title='bbox 68 2493 150 2542; x_wconf 89' lang='lat' dir='ltr'><strong>men</strong></span> <span class='ocrx_word' id='word_1_116' title='bbox 171 2471 329 2562; x_wconf 87' lang='lat' dir='ltr'><strong>ingressa</strong></span> <span class='ocrx_word' id='word_1_117' title='bbox 351 2480 420 2555; x_wconf 86' lang='lat' dir='ltr'><strong>est,</strong></span> <span class='ocrx_word' id='word_1_118' title='bbox 444 2469 629 2541; x_wconf 85' lang='lat' dir='ltr'><strong>sedetiam</strong></span> <span class='ocrx_word' id='word_1_119' title='bbox 651 2468 744 2563; x_wconf 91' lang='lat' dir='ltr'><strong>quod</strong></span> <span class='ocrx_word' id='word_1_120' title='bbox 766 2481 802 2540; x_wconf 94' lang='lat' dir='ltr'><strong>tu</strong></span> <span class='ocrx_word' id='word_1_121' title='bbox 828 2491 906 2542; x_wconf 92' lang='lat' dir='ltr'><strong>eam</strong></span> <span class='ocrx_word' id='word_1_122' title='bbox 932 2469 1149 2544; x_wconf 89' lang='lat' dir='ltr'><strong>nobilissimo</strong></span> 
     </span>
     <span class='ocr_line' id='line_1_16' title="bbox 67 2591 1177 2697; baseline -0.002 -32"><span class='ocrx_word' id='word_1_123' title='bbox 67 2592 182 2685; x_wconf 86' lang='lat' dir='ltr'><strong>elogio</strong></span> <span class='ocrx_word' id='word_1_124' title='bbox 202 2592 364 2663; x_wconf 91' lang='lat' dir='ltr'><strong>omnibus</strong></span> <span class='ocrx_word' id='word_1_125' title='bbox 385 2591 522 2664; x_wconf 82' lang='lat' dir='ltr'><strong>saeculis</strong></span> <span class='ocrx_word' id='word_1_126' title='bbox 543 2591 733 2663; x_wconf 88' lang='lat' dir='ltr'><strong>illustrasti.</strong></span> <span class='ocrx_word' id='word_1_127' title='bbox 752 2592 837 2677; x_wconf 87' lang='lat' dir='ltr'><strong>Quis</strong></span> <span class='ocrx_word' id='word_1_128' title='bbox 855 2592 946 2665; x_wconf 90' lang='lat' dir='ltr'><strong>enirn</strong></span> <span class='ocrx_word' id='word_1_129' title='bbox 966 2603 1146 2679; x_wconf 88' lang='lat' dir='ltr'><strong>mortuam,</strong></span> <span class='ocrx_word' id='word_1_130' title='bbox 1172 2688 1177 2697; x_wconf 26' lang='grc' dir='ltr'>Ι</span> 
     </span>
     <span class='ocr_line' id='line_1_17' title="bbox 67 2714 1149 2807; baseline 0.002 -22"><span class='ocrx_word' id='word_1_131' title='bbox 67 2717 138 2786; x_wconf 93' lang='lat' dir='ltr'><strong>imo</strong></span> <span class='ocrx_word' id='word_1_132' title='bbox 170 2738 255 2787; x_wconf 89' lang='lat' dir='ltr'><strong>vero</strong></span> <span class='ocrx_word' id='word_1_133' title='bbox 287 2716 366 2807; x_wconf 91' lang='lat' dir='ltr'><strong>quis</strong></span> <span class='ocrx_word' id='word_1_134' title='bbox 387 2738 455 2785; x_wconf 90' lang='lat' dir='ltr'><strong>non</strong></span> <span class='ocrx_word' id='word_1_135' title='bbox 475 2714 725 2807; x_wconf 80' lang='lat' dir='ltr'><strong>gloriosissime</strong></span> <span class='ocrx_word' id='word_1_136' title='bbox 756 2716 933 2787; x_wconf 85' lang='lat' dir='ltr'><strong>viventem</strong></span> <span class='ocrx_word' id='word_1_137' title='bbox 951 2714 1067 2788; x_wconf 83' lang='lat' dir='ltr'><strong>dicere</strong></span> <span class='ocrx_word' id='word_1_138' title='bbox 1086 2738 1149 2787; x_wconf 91' lang='lat' dir='ltr'><strong>au-</strong></span> 
     </span>
     <span class='ocr_line' id='line_1_18' title="bbox 67 2836 1150 2931; baseline 0 -22"><span class='ocrx_word' id='word_1_139' title='bbox 67 2836 178 2922; x_wconf 88' lang='lat' dir='ltr'><strong>debit,</strong></span> <span class='ocrx_word' id='word_1_140' title='bbox 200 2861 304 2931; x_wconf 92' lang='lat' dir='ltr'><strong>quam</strong></span> <span class='ocrx_word' id='word_1_141' title='bbox 325 2840 419 2909; x_wconf 87' lang='lat' dir='ltr'><strong>Deus</strong></span> <span class='ocrx_word' id='word_1_142' title='bbox 441 2837 474 2907; x_wconf 93' lang='lat' dir='ltr'><strong>in</strong></span> <span class='ocrx_word' id='word_1_143' title='bbox 495 2838 596 2922; x_wconf 87' lang='lat' dir='ltr'><strong>coelo,</strong></span> <span class='ocrx_word' id='word_1_144' title='bbox 617 2846 654 2909; x_wconf 97' lang='lat' dir='ltr'><strong>tu</strong></span> <span class='ocrx_word' id='word_1_145' title='bbox 671 2838 706 2906; x_wconf 92' lang='lat' dir='ltr'><strong>in</strong></span> <span class='ocrx_word' id='word_1_146' title='bbox 725 2838 826 2909; x_wconf 85' lang='lat' dir='ltr'><strong>terris</strong></span> <span class='ocrx_word' id='word_1_147' title='bbox 844 2843 966 2910; x_wconf 86' lang='lat' dir='ltr'><strong>vivere</strong></span> <span class='ocrx_word' id='word_1_148' title='bbox 983 2839 1150 2911; x_wconf 81' lang='lat' dir='ltr'><strong>voluisti?</strong></span> 
     </span>
     <span class='ocr_line' id='line_1_19' title="bbox 69 2959 1147 3056; baseline 0.002 -27"><span class='ocrx_word' id='word_1_149' title='bbox 69 2960 111 3044; x_wconf 86' lang='grc' dir='ltr'><strong>Ο,</strong></span> <span class='ocrx_word' id='word_1_150' title='bbox 134 2960 287 3052; x_wconf 88' lang='lat' dir='ltr'><strong>inquam,</strong></span> <span class='ocrx_word' id='word_1_151' title='bbox 307 2960 389 3030; x_wconf 80' lang='lat' dir='ltr'><strong>felix</strong></span> <span class='ocrx_word' id='word_1_152' title='bbox 410 2960 549 3031; x_wconf 87' lang='lat' dir='ltr'><strong>mulier!</strong></span> <span class='ocrx_word' id='word_1_153' title='bbox 573 2960 602 3029; x_wconf 93' lang='grc' dir='ltr'><strong>Ο</strong></span> <span class='ocrx_word' id='word_1_154' title='bbox 622 2959 748 3030; x_wconf 82' lang='lat' dir='ltr'><strong>iterum</strong></span> <span class='ocrx_word' id='word_1_155' title='bbox 762 2959 864 3031; x_wconf 80' lang='lat' dir='ltr'><strong>felix!</strong></span> <span class='ocrx_word' id='word_1_156' title='bbox 886 2962 973 3044; x_wconf 89' lang='lat' dir='ltr'><strong>Quae</strong></span> <span class='ocrx_word' id='word_1_157' title='bbox 994 2983 1057 3056; x_wconf 92' lang='lat' dir='ltr'><strong>pro</strong></span> <span class='ocrx_word' id='word_1_158' title='bbox 1078 2983 1147 3031; x_wconf 90' lang='lat' dir='ltr'><strong>una</strong></span> 
     </span>
     <span class='ocr_line' id='line_1_20' title="bbox 71 3080 1149 3175; baseline 0.001 -23"><span class='ocrx_word' id='word_1_159' title='bbox 71 3083 250 3175; x_wconf 84' lang='lat' dir='ltr'><strong>temporali</strong></span> <span class='ocrx_word' id='word_1_160' title='bbox 272 3083 353 3166; x_wconf 86' lang='lat' dir='ltr'><strong>vita,</strong></span> <span class='ocrx_word' id='word_1_161' title='bbox 376 3083 568 3175; x_wconf 88' lang='lat' dir='ltr'><strong>eademque</strong></span> <span class='ocrx_word' id='word_1_162' title='bbox 582 3082 680 3152; x_wconf 88' lang='lat' dir='ltr'><strong>brevi</strong></span> <span class='ocrx_word' id='word_1_163' title='bbox 699 3091 734 3151; x_wconf 89' lang='lat' dir='ltr'><strong>et</strong></span> <span class='ocrx_word' id='word_1_164' title='bbox 748 3080 892 3165; x_wconf 89' lang='lat' dir='ltr'><strong>incerta,</strong></span> <span class='ocrx_word' id='word_1_165' title='bbox 908 3083 1041 3152; x_wconf 88' lang='lat' dir='ltr'><strong>elmille</strong></span> <span class='ocrx_word' id='word_1_166' title='bbox 1056 3104 1149 3153; x_wconf 90' lang='lat' dir='ltr'><strong>sem-</strong></span> 
     </span>
     <span class='ocr_line' id='line_1_21' title="bbox 69 3203 1146 3302; baseline -0.005 -24"><span class='ocrx_word' id='word_1_167' title='bbox 69 3231 131 3302; x_wconf 89' lang='lat' dir='ltr'><strong>per</strong></span> <span class='ocrx_word' id='word_1_168' title='bbox 151 3205 291 3278; x_wconf 85' lang='lat' dir='ltr'><strong>casibus</strong></span> <span class='ocrx_word' id='word_1_169' title='bbox 313 3205 486 3300; x_wconf 84' lang='lat' dir='ltr'><strong>exposita,</strong></span> <span class='ocrx_word' id='word_1_170' title='bbox 508 3205 596 3276; x_wconf 93' lang='lat' dir='ltr'><strong>duas</strong></span> <span class='ocrx_word' id='word_1_171' title='bbox 618 3203 846 3286; x_wconf 65' lang='lat' dir='ltr'><strong>aeternitates</strong></span> <span class='ocrx_word' id='word_1_172' title='bbox 866 3211 904 3272; x_wconf 89' lang='lat' dir='ltr'><strong>nt</strong></span> <span class='ocrx_word' id='word_1_173' title='bbox 922 3203 968 3274; x_wconf 89' lang='lat' dir='ltr'><strong>ita</strong></span> <span class='ocrx_word' id='word_1_174' title='bbox 985 3203 1146 3288; x_wconf 83' lang='lat' dir='ltr'><strong>dixerim,</strong></span> 
     </span>
     <span class='ocr_line' id='line_1_22' title="bbox 69 3326 1148 3422; baseline -0.002 -19"><span class='ocrx_word' id='word_1_175' title='bbox 69 3340 255 3403; x_wconf 87' lang='lat' dir='ltr'><strong>consecuta</strong></span> <span class='ocrx_word' id='word_1_176' title='bbox 272 3342 340 3412; x_wconf 89' lang='lat' dir='ltr'><strong>est;</strong></span> <span class='ocrx_word' id='word_1_177' title='bbox 358 3352 505 3422; x_wconf 91' lang='lat' dir='ltr'><strong>quorum</strong></span> <span class='ocrx_word' id='word_1_178' title='bbox 524 3331 665 3399; x_wconf 90' lang='lat' dir='ltr'><strong>alteram</strong></span> <span class='ocrx_word' id='word_1_179' title='bbox 682 3326 831 3410; x_wconf 88' lang='lat' dir='ltr'><strong>coelesti,</strong></span> <span class='ocrx_word' id='word_1_180' title='bbox 850 3328 993 3399; x_wconf 89' lang='lat' dir='ltr'><strong>alteram</strong></span> <span class='ocrx_word' id='word_1_181' title='bbox 1011 3338 1148 3401; x_wconf 88' lang='lat' dir='ltr'><strong>terreno</strong></span> 
     </span>
     <span class='ocr_line' id='line_1_23' title="bbox 70 3426 1148 3546; baseline 0 -22"><span class='ocrx_word' id='word_1_182' title='bbox 70 3453 158 3546; x_wconf 86' lang='lat' dir='ltr'><strong>regi,</strong></span> <span class='ocrx_word' id='word_1_183' title='bbox 180 3453 273 3524; x_wconf 94' lang='lat' dir='ltr'><strong>illam</strong></span> <span class='ocrx_word' id='word_1_184' title='bbox 294 3451 431 3523; x_wconf 88' lang='lat' dir='ltr'><strong>Christo</strong></span> <span class='ocrx_word' id='word_1_185' title='bbox 451 3450 590 3534; x_wconf 86' lang='lat' dir='ltr'><strong>debeat,</strong></span> <span class='ocrx_word' id='word_1_186' title='bbox 612 3450 701 3523; x_wconf 90' lang='lat' dir='ltr'><strong>hanc</strong></span> <span class='ocrx_word' id='word_1_187' title='bbox 721 3426 882 3522; x_wconf 75' lang='lat' dir='ltr'><strong>lloberto.</strong></span> <span class='ocrx_word' id='word_1_188' title='bbox 904 3451 1061 3545; x_wconf 88' lang='lat' dir='ltr'><strong>lugentia</strong></span> <span class='ocrx_word' id='word_1_189' title='bbox 1078 3451 1148 3524; x_wconf 92' lang='lat' dir='ltr'><strong>duo</strong></span> 
     </span>
     <span class='ocr_line' id='line_1_24' title="bbox 70 3572 1148 3667; baseline -0.001 -22"><span class='ocrx_word' id='word_1_190' title='bbox 70 3573 216 3646; x_wconf 85' lang='lat' dir='ltr'><strong>munera</strong></span> <span class='ocrx_word' id='word_1_191' title='bbox 241 3598 262 3647; x_wconf 89' lang='lat' dir='ltr'><strong>a</strong></span> <span class='ocrx_word' id='word_1_192' title='bbox 287 3573 615 3647; x_wconf 84' lang='lat' dir='ltr'><strong>munificentissimis</strong></span> <span class='ocrx_word' id='word_1_193' title='bbox 641 3572 865 3665; x_wconf 87' lang='lat' dir='ltr'><strong>largitoribus</strong></span> <span class='ocrx_word' id='word_1_194' title='bbox 891 3574 1078 3667; x_wconf 86' lang='lat' dir='ltr'><strong>accipiens,</strong></span> <span class='ocrx_word' id='word_1_195' title='bbox 1105 3596 1148 3644; x_wconf 90' lang='lat' dir='ltr'><strong>eo</strong></span> 
     </span>
     <span class='ocr_line' id='line_1_25' title="bbox 70 3696 1146 3791; baseline -0.005 -22"><span class='ocrx_word' id='word_1_196' title='bbox 70 3698 201 3770; x_wconf 79' lang='lat' dir='ltr'><strong>felicior</strong></span> <span class='ocrx_word' id='word_1_197' title='bbox 220 3698 332 3770; x_wconf 88' lang='lat' dir='ltr'><strong>videri</strong></span> <span class='ocrx_word' id='word_1_198' title='bbox 357 3698 461 3770; x_wconf 89' lang='lat' dir='ltr'><strong>debet</strong></span> <span class='ocrx_word' id='word_1_199' title='bbox 483 3699 579 3791; x_wconf 91' lang='lat' dir='ltr'><strong>quod</strong></span> <span class='ocrx_word' id='word_1_200' title='bbox 598 3699 633 3769; x_wconf 93' lang='lat' dir='ltr'><strong>in</strong></span> <span class='ocrx_word' id='word_1_201' title='bbox 654 3701 742 3771; x_wconf 80' lang='lat' dir='ltr'><strong>coelo</strong></span> <span class='ocrx_word' id='word_1_202' title='bbox 766 3707 801 3769; x_wconf 90' lang='lat' dir='ltr'><strong>et</strong></span> <span class='ocrx_word' id='word_1_203' title='bbox 825 3697 861 3767; x_wconf 92' lang='lat' dir='ltr'><strong>in</strong></span> <span class='ocrx_word' id='word_1_204' title='bbox 888 3706 979 3768; x_wconf 86' lang='lat' dir='ltr'><strong>terra</strong></span> <span class='ocrx_word' id='word_1_205' title='bbox 1000 3696 1146 3787; x_wconf 78' lang='lat' dir='ltr'><strong>gratiam</strong></span> 
     </span>
     <span class='ocr_line' id='line_1_26' title="bbox 70 3818 1149 3912; baseline -0.005 -21"><span class='ocrx_word' id='word_1_206' title='bbox 70 3819 288 3912; x_wconf 84' lang='lat' dir='ltr'><strong>dignissimis</strong></span> <span class='ocrx_word' id='word_1_207' title='bbox 322 3823 471 3892; x_wconf 89' lang='lat' dir='ltr'><strong>relatura</strong></span> <span class='ocrx_word' id='word_1_208' title='bbox 497 3831 562 3892; x_wconf 89' lang='lat' dir='ltr'><strong>est.</strong></span> <span class='ocrx_word' id='word_1_209' title='bbox 588 3820 778 3891; x_wconf 90' lang='lat' dir='ltr'><strong>Plurimum</strong></span> <span class='ocrx_word' id='word_1_210' title='bbox 802 3818 895 3890; x_wconf 93' lang='lat' dir='ltr'><strong>enim</strong></span> <span class='ocrx_word' id='word_1_211' title='bbox 926 3840 973 3888; x_wconf 81' lang='lat' dir='ltr'><strong>ex</strong></span> <span class='ocrx_word' id='word_1_212' title='bbox 1000 3836 1149 3908; x_wconf 89' lang='lat' dir='ltr'><strong>persona</strong></span> 
     </span>
     <span class='ocr_line' id='line_1_27' title="bbox 73 3939 1149 4037; baseline -0.005 -24"><span class='ocrx_word' id='word_1_213' title='bbox 73 3943 258 4015; x_wconf 90' lang='lat' dir='ltr'><strong>tribuentis</strong></span> <span class='ocrx_word' id='word_1_214' title='bbox 278 3943 481 4015; x_wconf 91' lang='lat' dir='ltr'><strong>muneribus</strong></span> <span class='ocrx_word' id='word_1_215' title='bbox 503 3943 588 4037; x_wconf 92' lang='lat' dir='ltr'><strong>ipsis</strong></span> <span class='ocrx_word' id='word_1_216' title='bbox 614 3943 761 4025; x_wconf 81' lang='lat' dir='ltr'><strong>accedit3</strong></span> <span class='ocrx_word' id='word_1_217' title='bbox 788 3943 934 4012; x_wconf 89' lang='lat' dir='ltr'><strong>multum</strong></span> <span class='ocrx_word' id='word_1_218' title='bbox 959 3939 1103 4009; x_wconf 91' lang='lat' dir='ltr'><strong>interest</strong></span> <span class='ocrx_word' id='word_1_219' title='bbox 1127 3959 1149 4008; x_wconf 89' lang='lat' dir='ltr'><strong>a</strong></span> 
     </span>
     <span class='ocr_line' id='line_1_28' title="bbox 72 4058 1147 4158; baseline -0.006 -22"><span class='ocrx_word' id='word_1_220' title='bbox 72 4087 143 4158; x_wconf 94' lang='lat' dir='ltr'><strong>quo</strong></span> <span class='ocrx_word' id='word_1_221' title='bbox 163 4064 368 4136; x_wconf 87' lang='lat' dir='ltr'><strong>beneficium</strong></span> <span class='ocrx_word' id='word_1_222' title='bbox 390 4063 580 4158; x_wconf 77' lang='lat' dir='ltr'><strong>acceperis,</strong></span> <span class='ocrx_word' id='word_1_223' title='bbox 603 4075 639 4134; x_wconf 93' lang='lat' dir='ltr'><strong>et</strong></span> <span class='ocrx_word' id='word_1_224' title='bbox 654 4064 709 4134; x_wconf 92' lang='lat' dir='ltr'><strong>cui</strong></span> <span class='ocrx_word' id='word_1_225' title='bbox 727 4060 870 4156; x_wconf 89' lang='lat' dir='ltr'><strong>proinde</strong></span> <span class='ocrx_word' id='word_1_226' title='bbox 892 4062 941 4132; x_wconf 90' lang='lat' dir='ltr'><strong>sis</strong></span> <span class='ocrx_word' id='word_1_227' title='bbox 962 4058 1147 4132; x_wconf 84' lang='lat' dir='ltr'><strong>obnoxius</strong></span> 
     </span>
     <span class='ocr_line' id='line_1_29' title="bbox 72 4180 1148 4282; baseline -0.006 -24"><span class='ocrx_word' id='word_1_228' title='bbox 72 4189 165 4258; x_wconf 89' lang='lat' dir='ltr'><strong>Sane</strong></span> <span class='ocrx_word' id='word_1_229' title='bbox 189 4188 374 4282; x_wconf 84' lang='lat' dir='ltr'><strong>quaesitam</strong></span> <span class='ocrx_word' id='word_1_230' title='bbox 401 4185 447 4257; x_wconf 92' lang='lat' dir='ltr'><strong>illi</strong></span> <span class='ocrx_word' id='word_1_231' title='bbox 473 4186 607 4258; x_wconf 90' lang='lat' dir='ltr'><strong>coelitus</strong></span> <span class='ocrx_word' id='word_1_232' title='bbox 634 4183 898 4255; x_wconf 87' lang='lat' dir='ltr'><strong>immortalitatis</strong></span> <span class='ocrx_word' id='word_1_233' title='bbox 918 4180 1148 4255; x_wconf 85' lang='lat' dir='ltr'><strong>conditionem</strong></span> 
     </span>
     <span class='ocr_line' id='line_1_30' title="bbox 73 4303 1152 4403; baseline -0.005 -21"><span class='ocrx_word' id='word_1_234' title='bbox 73 4309 379 4403; x_wconf 84' lang='lat' dir='ltr'><strong>beatissimamque</strong></span> <span class='ocrx_word' id='word_1_235' title='bbox 399 4309 481 4379; x_wconf 86' lang='lat' dir='ltr'><strong>vitae</strong></span> <span class='ocrx_word' id='word_1_236' title='bbox 513 4306 737 4378; x_wconf 88' lang='lat' dir='ltr'><strong>mutationem</strong></span> <span class='ocrx_word' id='word_1_237' title='bbox 759 4304 856 4390; x_wconf 89' lang='lat' dir='ltr'><strong>sileo,</strong></span> <span class='ocrx_word' id='word_1_238' title='bbox 892 4327 935 4378; x_wconf 91' lang='lat' dir='ltr'><strong>ne</strong></span> <span class='ocrx_word' id='word_1_239' title='bbox 968 4303 1152 4377; x_wconf 84' lang='lat' dir='ltr'><strong>ineffabilia</strong></span> 
     </span>
     <span class='ocr_line' id='line_1_31' title="bbox 72 4427 1151 4528; baseline -0.004 -24"><span class='ocrx_word' id='word_1_240' title='bbox 72 4442 341 4528; x_wconf 84' lang='lat' dir='ltr'><strong>prosequentem</strong></span> <span class='ocrx_word' id='word_1_241' title='bbox 368 4430 559 4502; x_wconf 84' lang='lat' dir='ltr'><strong>destituant</strong></span> <span class='ocrx_word' id='word_1_242' title='bbox 583 4428 688 4499; x_wconf 87' lang='lat' dir='ltr'><strong>vires.</strong></span> <span class='ocrx_word' id='word_1_243' title='bbox 714 4429 851 4513; x_wconf 87' lang='lat' dir='ltr'><strong>Quanta</strong></span> <span class='ocrx_word' id='word_1_244' title='bbox 876 4429 1015 4500; x_wconf 90' lang='lat' dir='ltr'><strong>demum</strong></span> <span class='ocrx_word' id='word_1_245' title='bbox 1040 4427 1151 4520; x_wconf 84' lang='lat' dir='ltr'><strong>gloria</strong></span> 
     </span>
     <span class='ocr_line' id='line_1_32' title="bbox 72 4551 1151 4653; baseline -0.006 -23"><span class='ocrx_word' id='word_1_246' title='bbox 72 4569 140 4644; x_wconf 89' lang='lat' dir='ltr'><strong>est,</strong></span> <span class='ocrx_word' id='word_1_247' title='bbox 172 4582 278 4653; x_wconf 89' lang='lat' dir='ltr'><strong>quam</strong></span> <span class='ocrx_word' id='word_1_248' title='bbox 305 4568 341 4629; x_wconf 93' lang='lat' dir='ltr'><strong>tu</strong></span> <span class='ocrx_word' id='word_1_249' title='bbox 367 4553 434 4627; x_wconf 93' lang='lat' dir='ltr'><strong>sibi</strong></span> <span class='ocrx_word' id='word_1_250' title='bbox 467 4551 639 4649; x_wconf 88' lang='lat' dir='ltr'><strong>supremis</strong></span> <span class='ocrx_word' id='word_1_251' title='bbox 659 4552 822 4626; x_wconf 81' lang='lat' dir='ltr'><strong>nudibus</strong></span> <span class='ocrx_word' id='word_1_252' title='bbox 846 4552 1032 4649; x_wconf 81' lang='lat' dir='ltr'><strong>peperisti?</strong></span> <span class='ocrx_word' id='word_1_253' title='bbox 1050 4552 1151 4625; x_wconf 84' lang='lat' dir='ltr'><strong>Certe</strong></span> 
     </span>
    </p>
   </div>
   <div class='ocr_carea' id='block_1_3' title="bbox 0 0 1356 5024">
    <p class='ocr_par' dir='ltr' id='par_1_3' title="bbox 0 0 1356 5024">
     <span class='ocr_line' id='line_1_33' title="bbox 0 0 1356 5024; baseline 0 0"><span class='ocrx_word' id='word_1_254' title='bbox 0 0 1356 5024; x_wconf 95' lang='lat' dir='ltr'><strong> </strong></span> 
     </span>
    </p>
   </div>
  </div>
 </body>
</html>
