<?xml version="1.0" encoding="UTF-8"?>
<!DOCTYPE html PUBLIC "-//W3C//DTD XHTML 1.0 Transitional//EN"
    "http://www.w3.org/TR/xhtml1/DTD/xhtml1-transitional.dtd">
<html xmlns="http://www.w3.org/1999/xhtml" xml:lang="en" lang="en">
 <head>
  <title>
</title>
<meta http-equiv="Content-Type" content="text/html;charset=utf-8" />
  <meta name='ocr-system' content='tesseract 3.04.00' />
  <meta name='ocr-capabilities' content='ocr_page ocr_carea ocr_par ocr_line ocrx_word'/>
</head>
<body>
  <div class='ocr_page' id='page_1' title='image "./epistolaederebu00fracgoog_0214.png"; bbox 0 0 2692 5024; ppageno 0'>
   <div class='ocr_carea' id='block_1_1' title="bbox 416 601 1194 662">
    <p class='ocr_par' dir='ltr' id='par_1_1' title="bbox 416 601 1194 662">
     <span class='ocr_line' id='line_1_1' title="bbox 416 601 1194 662; baseline 0.012 -10"><span class='ocrx_word' id='word_1_1' title='bbox 416 605 507 654; x_wconf 81' lang='lat' dir='ltr'>urana</span> <span class='ocrx_word' id='word_1_2' title='bbox 528 603 866 654; x_wconf 74' lang='lat' dir='ltr'>ramus-urusrous</span> <span class='ocrx_word' id='word_1_3' title='bbox 888 608 917 658; x_wconf 87' lang='lat' dir='ltr'>v.</span> <span class='ocrx_word' id='word_1_4' title='bbox 1160 601 1194 662; x_wconf 81' lang='lat'>51</span> 
     </span>
    </p>
   </div>
   <div class='ocr_carea' id='block_1_2' title="bbox 85 749 1209 4525">
    <p class='ocr_par' dir='ltr' id='par_1_2' title="bbox 85 749 1209 4525">
     <span class='ocr_line' id='line_1_2' title="bbox 134 749 1199 848; baseline 0.004 -21"><span class='ocrx_word' id='word_1_5' title='bbox 134 752 284 848; x_wconf 79' lang='lat' dir='ltr'><strong>speravi:</strong></span> <span class='ocrx_word' id='word_1_6' title='bbox 303 749 453 823; x_wconf 84' lang='lat' dir='ltr'><strong>sciebam</strong></span> <span class='ocrx_word' id='word_1_7' title='bbox 472 751 564 823; x_wconf 91' lang='lat' dir='ltr'>enim</span> <span class='ocrx_word' id='word_1_8' title='bbox 580 751 674 843; x_wconf 91' lang='lat' dir='ltr'>quod</span> <span class='ocrx_word' id='word_1_9' title='bbox 690 751 750 844; x_wconf 90' lang='lat' dir='ltr'>qui</span> <span class='ocrx_word' id='word_1_10' title='bbox 767 774 955 845; x_wconf 90' lang='lat' dir='ltr'>pancorum</span> <span class='ocrx_word' id='word_1_11' title='bbox 977 753 1098 827; x_wconf 90' lang='lat' dir='ltr'>similis</span> <span class='ocrx_word' id='word_1_12' title='bbox 1125 756 1199 831; x_wconf 88' lang='lat' dir='ltr'>fieri</span> 
     </span>
     <span class='ocr_line' id='line_1_3' title="bbox 133 859 1200 968; baseline 0.003 -19"><span class='ocrx_word' id='word_1_13' title='bbox 133 859 263 960; x_wconf 66' lang='lat' dir='ltr'>studet</span> <span class='ocrx_word' id='word_1_14' title='bbox 277 873 395 945; x_wconf 88' lang='lat' dir='ltr'>multis</span> <span class='ocrx_word' id='word_1_15' title='bbox 413 871 472 944; x_wconf 89' lang='lat' dir='ltr'>fiet</span> <span class='ocrx_word' id='word_1_16' title='bbox 488 873 634 946; x_wconf 87' lang='lat' dir='ltr'>invisus.</span> <span class='ocrx_word' id='word_1_17' title='bbox 654 874 741 966; x_wconf 85' lang='lat' dir='ltr'>Spes</span> <span class='ocrx_word' id='word_1_18' title='bbox 754 886 789 946; x_wconf 90' lang='lat' dir='ltr'>et</span> <span class='ocrx_word' id='word_1_19' title='bbox 800 876 1042 968; x_wconf 87' lang='lat' dir='ltr'>occupationes</span> <span class='ocrx_word' id='word_1_20' title='bbox 1060 901 1148 951; x_wconf 85' lang='lat' dir='ltr'>meae</span> <span class='ocrx_word' id='word_1_21' title='bbox 1165 882 1200 952; x_wconf 92' lang='lat' dir='ltr'>in</span> 
     </span>
     <span class='ocr_line' id='line_1_4' title="bbox 132 996 1200 1090; baseline 0.004 -17"><span class='ocrx_word' id='word_1_22' title='bbox 132 1012 162 1073; x_wconf 87' lang='lat' dir='ltr'>te</span> <span class='ocrx_word' id='word_1_23' title='bbox 178 1001 348 1071; x_wconf 90' lang='lat' dir='ltr'>hactenus</span> <span class='ocrx_word' id='word_1_24' title='bbox 367 996 444 1069; x_wconf 82' lang='lat' dir='ltr'>sitae</span> <span class='ocrx_word' id='word_1_25' title='bbox 455 1005 564 1069; x_wconf 90' lang='lat' dir='ltr'>erant.</span> <span class='ocrx_word' id='word_1_26' title='bbox 582 998 621 1067; x_wconf 94' lang='lat' dir='ltr'>ln</span> <span class='ocrx_word' id='word_1_27' title='bbox 637 1020 706 1090; x_wconf 90' lang='lat' dir='ltr'>quo</span> <span class='ocrx_word' id='word_1_28' title='bbox 724 999 826 1068; x_wconf 89' lang='lat' dir='ltr'>sime</span> <span class='ocrx_word' id='word_1_29' title='bbox 851 998 980 1070; x_wconf 88' lang='lat' dir='ltr'>diutius</span> <span class='ocrx_word' id='word_1_30' title='bbox 997 1022 1114 1074; x_wconf 88' lang='lat' dir='ltr'>errare</span> <span class='ocrx_word' id='word_1_31' title='bbox 1132 1027 1200 1076; x_wconf 93' lang='lat' dir='ltr'>non</span> 
     </span>
     <span class='ocr_line' id='line_1_5' title="bbox 133 1118 1202 1218; baseline 0.003 -22"><span class='ocrx_word' id='word_1_32' title='bbox 133 1145 170 1196; x_wconf 88' lang='lat' dir='ltr'>es</span> <span class='ocrx_word' id='word_1_33' title='bbox 187 1143 334 1217; x_wconf 80' lang='lat' dir='ltr'>passuS,</span> <span class='ocrx_word' id='word_1_34' title='bbox 352 1118 548 1214; x_wconf 81' lang='lat' dir='ltr'>perurbane</span> <span class='ocrx_word' id='word_1_35' title='bbox 565 1142 698 1191; x_wconf 89' lang='lat' dir='ltr'>mecum</span> <span class='ocrx_word' id='word_1_36' title='bbox 716 1120 773 1211; x_wconf 89' lang='lat' dir='ltr'>agi</span> <span class='ocrx_word' id='word_1_37' title='bbox 789 1143 858 1192; x_wconf 94' lang='lat' dir='ltr'>non</span> <span class='ocrx_word' id='word_1_38' title='bbox 875 1122 1086 1213; x_wconf 90' lang='lat' dir='ltr'>negaverim,</span> <span class='ocrx_word' id='word_1_39' title='bbox 1107 1128 1202 1218; x_wconf 90' lang='lat' dir='ltr'>quod</span> 
     </span>
     <span class='ocr_line' id='line_1_6' title="bbox 134 1243 1199 1337; baseline -0.001 -17"><span class='ocrx_word' id='word_1_40' title='bbox 134 1246 371 1320; x_wconf 80' lang='lat' dir='ltr'>alienationem</span> <span class='ocrx_word' id='word_1_41' title='bbox 388 1243 493 1316; x_wconf 93' lang='lat' dir='ltr'>animi</span> <span class='ocrx_word' id='word_1_42' title='bbox 510 1243 560 1316; x_wconf 92' lang='lat' dir='ltr'>tui</span> <span class='ocrx_word' id='word_1_43' title='bbox 576 1265 645 1315; x_wconf 95' lang='lat' dir='ltr'>non</span> <span class='ocrx_word' id='word_1_44' title='bbox 663 1244 910 1315; x_wconf 89' lang='lat' dir='ltr'>contumelioso</span> <span class='ocrx_word' id='word_1_45' title='bbox 935 1244 1075 1337; x_wconf 91' lang='lat' dir='ltr'>quidem</span> <span class='ocrx_word' id='word_1_46' title='bbox 1101 1257 1199 1334; x_wconf 88' lang='lat' dir='ltr'>actu,</span> 
     </span>
     <span class='ocr_line' id='line_1_7' title="bbox 136 1365 1204 1459; baseline 0.002 -20"><span class='ocrx_word' id='word_1_47' title='bbox 136 1392 203 1442; x_wconf 93' lang='lat' dir='ltr'>non</span> <span class='ocrx_word' id='word_1_48' title='bbox 219 1365 327 1439; x_wconf 89' lang='lat' dir='ltr'>verbo</span> <span class='ocrx_word' id='word_1_49' title='bbox 344 1387 483 1458; x_wconf 87' lang='lat' dir='ltr'>aspem‚</span> <span class='ocrx_word' id='word_1_50' title='bbox 502 1389 571 1437; x_wconf 92' lang='lat' dir='ltr'>non</span> <span class='ocrx_word' id='word_1_51' title='bbox 589 1366 687 1457; x_wconf 85' lang='lat' dir='ltr'>gravi</span> <span class='ocrx_word' id='word_1_52' title='bbox 706 1365 903 1458; x_wconf 88' lang='lat' dir='ltr'>supercilio,</span> <span class='ocrx_word' id='word_1_53' title='bbox 919 1367 983 1439; x_wconf 91' lang='lat' dir='ltr'>sed</span> <span class='ocrx_word' id='word_1_54' title='bbox 993 1370 1087 1459; x_wconf 83' lang='lat' dir='ltr'>fugae</span> <span class='ocrx_word' id='word_1_55' title='bbox 1100 1369 1204 1441; x_wconf 91' lang='lat' dir='ltr'>silen-</span> 
     </span>
     <span class='ocr_line' id='line_1_8' title="bbox 136 1487 1205 1582; baseline 0.001 -21"><span class='ocrx_word' id='word_1_56' title='bbox 136 1490 176 1563; x_wconf 91' lang='lat' dir='ltr'>tis</span> <span class='ocrx_word' id='word_1_57' title='bbox 193 1489 314 1563; x_wconf 89' lang='lat' dir='ltr'>inditio</span> <span class='ocrx_word' id='word_1_58' title='bbox 333 1487 557 1581; x_wconf 77' lang='lat' dir='ltr'>perceperim.</span> <span class='ocrx_word' id='word_1_59' title='bbox 584 1488 644 1558; x_wconf 89' lang='lat' dir='ltr'>Sin</span> <span class='ocrx_word' id='word_1_60' title='bbox 668 1488 819 1582; x_wconf 85' lang='lat' dir='ltr'>experiri</span> <span class='ocrx_word' id='word_1_61' title='bbox 835 1499 895 1560; x_wconf 93' lang='lat' dir='ltr'>aut</span> <span class='ocrx_word' id='word_1_62' title='bbox 913 1487 1126 1561; x_wconf 86' lang='lat' dir='ltr'>inflammare</span> <span class='ocrx_word' id='word_1_63' title='bbox 1140 1491 1205 1563; x_wconf 91' lang='lat' dir='ltr'>de-</span> 
     </span>
     <span class='ocr_line' id='line_1_9' title="bbox 135 1608 1203 1701; baseline 0.002 -17"><span class='ocrx_word' id='word_1_64' title='bbox 135 1612 299 1685; x_wconf 90' lang='lat' dir='ltr'>siderium</span> <span class='ocrx_word' id='word_1_65' title='bbox 316 1633 432 1682; x_wconf 90' lang='lat' dir='ltr'>meum</span> <span class='ocrx_word' id='word_1_66' title='bbox 450 1608 621 1701; x_wconf 79' lang='lat' dir='ltr'><strong>cogitasti,</strong></span> <span class='ocrx_word' id='word_1_67' title='bbox 640 1609 722 1682; x_wconf 89' lang='lat' dir='ltr'>vide</span> <span class='ocrx_word' id='word_1_68' title='bbox 742 1632 786 1680; x_wconf 90' lang='lat' dir='ltr'>ne</span> <span class='ocrx_word' id='word_1_69' title='bbox 811 1611 982 1683; x_wconf 89' lang='lat' dir='ltr'>adversus</span> <span class='ocrx_word' id='word_1_70' title='bbox 999 1613 1203 1686; x_wconf 81' lang='lat' dir='ltr'>imbecillem</span> 
     </span>
     <span class='ocr_line' id='line_1_10' title="bbox 135 1731 1205 1827; baseline 0 -19"><span class='ocrx_word' id='word_1_71' title='bbox 135 1734 286 1808; x_wconf 90' lang='lat' dir='ltr'>animum</span> <span class='ocrx_word' id='word_1_72' title='bbox 303 1731 407 1803; x_wconf 92' lang='lat' dir='ltr'>nimis</span> <span class='ocrx_word' id='word_1_73' title='bbox 425 1735 617 1804; x_wconf 87' lang='lat' dir='ltr'>aculeatum</span> <span class='ocrx_word' id='word_1_74' title='bbox 635 1731 706 1804; x_wconf 91' lang='lat' dir='ltr'>ludi</span> <span class='ocrx_word' id='word_1_75' title='bbox 733 1754 845 1824; x_wconf 89' lang='lat' dir='ltr'>genus</span> <span class='ocrx_word' id='word_1_76' title='bbox 862 1734 1022 1827; x_wconf 77' lang='lat' dir='ltr'>elegeris.</span> <span class='ocrx_word' id='word_1_77' title='bbox 1048 1732 1093 1807; x_wconf 81' lang='lat' dir='ltr'>At</span> <span class='ocrx_word' id='word_1_78' title='bbox 1117 1738 1205 1808; x_wconf 82' lang='lat' dir='ltr'>forte</span> 
     </span>
     <span class='ocr_line' id='line_1_11' title="bbox 136 1853 1203 1950; baseline 0.005 -24"><span class='ocrx_word' id='word_1_79' title='bbox 136 1855 367 1950; x_wconf 76' lang='lat' dir='ltr'>indulgentior</span> <span class='ocrx_word' id='word_1_80' title='bbox 383 1877 489 1926; x_wconf 89' lang='lat' dir='ltr'>causa</span> <span class='ocrx_word' id='word_1_81' title='bbox 505 1864 572 1925; x_wconf 90' lang='lat' dir='ltr'>est:</span> <span class='ocrx_word' id='word_1_82' title='bbox 591 1853 787 1947; x_wconf 83' lang='lat' dir='ltr'>pepercisti,</span> <span class='ocrx_word' id='word_1_83' title='bbox 807 1854 963 1940; x_wconf 89' lang='lat' dir='ltr'>arbitror,</span> <span class='ocrx_word' id='word_1_84' title='bbox 983 1857 1091 1928; x_wconf 91' lang='lat' dir='ltr'>labori</span> <span class='ocrx_word' id='word_1_85' title='bbox 1116 1880 1203 1944; x_wconf 89' lang='lat' dir='ltr'>meo,</span> 
     </span>
     <span class='ocr_line' id='line_1_12' title="bbox 137 1975 1206 2071; baseline 0 -20"><span class='ocrx_word' id='word_1_86' title='bbox 137 1979 268 2051; x_wconf 87' lang='lat' dir='ltr'>veritus</span> <span class='ocrx_word' id='word_1_87' title='bbox 284 2000 328 2050; x_wconf 91' lang='lat' dir='ltr'>ne</span> <span class='ocrx_word' id='word_1_88' title='bbox 344 1975 481 2049; x_wconf 80' lang='lat' dir='ltr'>fastidio</span> <span class='ocrx_word' id='word_1_89' title='bbox 498 1975 609 2068; x_wconf 83' lang='lat' dir='ltr'>pelagi</span> <span class='ocrx_word' id='word_1_90' title='bbox 627 1976 736 2069; x_wconf 88' lang='lat' dir='ltr'>impar</span> <span class='ocrx_word' id='word_1_91' title='bbox 751 1998 882 2063; x_wconf 89' lang='lat' dir='ltr'>essem,</span> <span class='ocrx_word' id='word_1_92' title='bbox 909 1988 955 2063; x_wconf 83' lang='lat' dir='ltr'>et,</span> <span class='ocrx_word' id='word_1_93' title='bbox 982 1980 1144 2071; x_wconf 90' lang='lat' dir='ltr'>quoniam</span> <span class='ocrx_word' id='word_1_94' title='bbox 1169 1979 1206 2051; x_wconf 94' lang='lat' dir='ltr'>id</span> 
     </span>
     <span class='ocr_line' id='line_1_13' title="bbox 137 2097 1205 2195; baseline -0.001 -21"><span class='ocrx_word' id='word_1_95' title='bbox 137 2101 197 2175; x_wconf 91' lang='lat' dir='ltr'>tibi</span> <span class='ocrx_word' id='word_1_96' title='bbox 224 2124 363 2195; x_wconf 91' lang='lat' dir='ltr'>quoque</span> <span class='ocrx_word' id='word_1_97' title='bbox 392 2110 499 2171; x_wconf 87' lang='lat' dir='ltr'>restat</span> <span class='ocrx_word' id='word_1_98' title='bbox 525 2097 590 2168; x_wconf 90' lang='lat' dir='ltr'>iter</span> <span class='ocrx_word' id='word_1_99' title='bbox 619 2120 681 2190; x_wconf 90' lang='lat' dir='ltr'>per</span> <span class='ocrx_word' id='word_1_100' title='bbox 710 2098 919 2171; x_wconf 91' lang='lat' dir='ltr'>siticulosam</span> <span class='ocrx_word' id='word_1_101' title='bbox 945 2099 1118 2194; x_wconf 75' lang='lat' dir='ltr'>Apuliam,</span> <span class='ocrx_word' id='word_1_102' title='bbox 1138 2099 1205 2173; x_wconf 91' lang='lat' dir='ltr'>sub</span> 
     </span>
     <span class='ocr_line' id='line_1_14' title="bbox 138 2219 1206 2313; baseline -0.001 -16"><span class='ocrx_word' id='word_1_103' title='bbox 138 2224 260 2297; x_wconf 87' lang='lat' dir='ltr'>aestivo</span> <span class='ocrx_word' id='word_1_104' title='bbox 280 2225 351 2297; x_wconf 89' lang='lat' dir='ltr'>sole</span> <span class='ocrx_word' id='word_1_105' title='bbox 370 2219 566 2294; x_wconf 88' lang='lat' dir='ltr'>deficerem.</span> <span class='ocrx_word' id='word_1_106' title='bbox 593 2220 663 2292; x_wconf 90' lang='lat' dir='ltr'>Sed</span> <span class='ocrx_word' id='word_1_107' title='bbox 682 2240 821 2313; x_wconf 86' lang='lat' dir='ltr'>quaeso:</span> <span class='ocrx_word' id='word_1_108' title='bbox 848 2245 961 2293; x_wconf 92' lang='lat' dir='ltr'>nonne</span> <span class='ocrx_word' id='word_1_109' title='bbox 986 2223 1051 2294; x_wconf 92' lang='lat' dir='ltr'>hoc</span> <span class='ocrx_word' id='word_1_110' title='bbox 1077 2234 1136 2295; x_wconf 94' lang='lat' dir='ltr'>tuo</span> <span class='ocrx_word' id='word_1_111' title='bbox 1161 2224 1206 2296; x_wconf 93' lang='lat' dir='ltr'>de</span> 
     </span>
     <span class='ocr_line' id='line_1_15' title="bbox 140 2341 1205 2439; baseline -0.002 -23"><span class='ocrx_word' id='word_1_112' title='bbox 140 2367 195 2416; x_wconf 90' lang='lat' dir='ltr'>me</span> <span class='ocrx_word' id='word_1_113' title='bbox 210 2343 333 2417; x_wconf 91' lang='lat' dir='ltr'>iudicio</span> <span class='ocrx_word' id='word_1_114' title='bbox 349 2344 539 2416; x_wconf 91' lang='lat' dir='ltr'>iniuriosus</span> <span class='ocrx_word' id='word_1_115' title='bbox 555 2364 595 2414; x_wconf 89' lang='lat' dir='ltr'>es</span> <span class='ocrx_word' id='word_1_116' title='bbox 613 2344 715 2414; x_wconf 78' lang='lat' dir='ltr'>lamae</span> <span class='ocrx_word' id='word_1_117' title='bbox 733 2345 841 2414; x_wconf 81' lang='lat' dir='ltr'>meae‘l</span> <span class='ocrx_word' id='word_1_118' title='bbox 859 2341 924 2413; x_wconf 93' lang='lat' dir='ltr'>Ubi</span> <span class='ocrx_word' id='word_1_119' title='bbox 941 2364 1007 2434; x_wconf 90' lang='lat' dir='ltr'>ego</span> <span class='ocrx_word' id='word_1_120' title='bbox 1024 2344 1113 2416; x_wconf 91' lang='lat' dir='ltr'>hano</span> <span class='ocrx_word' id='word_1_121' title='bbox 1132 2345 1205 2439; x_wconf 92' lang='lat' dir='ltr'>opi-</span> 
     </span>
     <span class='ocr_line' id='line_1_16' title="bbox 138 2464 1205 2558; baseline 0.002 -20"><span class='ocrx_word' id='word_1_122' title='bbox 138 2466 274 2540; x_wconf 91' lang='lat' dir='ltr'>nionem</span> <span class='ocrx_word' id='word_1_123' title='bbox 291 2466 425 2538; x_wconf 77' lang='lat' dir='ltr'>merui?</span> <span class='ocrx_word' id='word_1_124' title='bbox 448 2467 527 2558; x_wconf 91' lang='lat' dir='ltr'>quis</span> <span class='ocrx_word' id='word_1_125' title='bbox 542 2485 610 2537; x_wconf 73' lang='lat' dir='ltr'>&#39;me</span> <span class='ocrx_word' id='word_1_126' title='bbox 628 2465 726 2538; x_wconf 91' lang='lat' dir='ltr'>labor</span> <span class='ocrx_word' id='word_1_127' title='bbox 749 2464 853 2557; x_wconf 86' lang='lat' dir='ltr'>iregit</span> <span class='ocrx_word' id='word_1_128' title='bbox 876 2475 936 2537; x_wconf 92' lang='lat' dir='ltr'>aut</span> <span class='ocrx_word' id='word_1_129' title='bbox 961 2467 1103 2538; x_wconf 80' lang='lat' dir='ltr'>terruit‘l</span> <span class='ocrx_word' id='word_1_130' title='bbox 1127 2469 1205 2540; x_wconf 92' lang='lat' dir='ltr'>Sola</span> 
     </span>
     <span class='ocr_line' id='line_1_17' title="bbox 137 2588 1204 2682; baseline 0.001 -22"><span class='ocrx_word' id='word_1_131' title='bbox 137 2588 278 2663; x_wconf 90' lang='lat' dir='ltr'>videndi</span> <span class='ocrx_word' id='word_1_132' title='bbox 291 2589 438 2662; x_wconf 90' lang='lat' dir='ltr'>dulcedo</span> <span class='ocrx_word' id='word_1_133' title='bbox 451 2611 512 2682; x_wconf 88' lang='lat' dir='ltr'>per</span> <span class='ocrx_word' id='word_1_134' title='bbox 524 2589 677 2680; x_wconf 90' lang='lat' dir='ltr'>ignotam</span> <span class='ocrx_word' id='word_1_135' title='bbox 689 2611 745 2660; x_wconf 90' lang='lat' dir='ltr'>me</span> <span class='ocrx_word' id='word_1_136' title='bbox 757 2588 952 2660; x_wconf 90' lang='lat' dir='ltr'>barbariem</span> <span class='ocrx_word' id='word_1_137' title='bbox 965 2588 1204 2663; x_wconf 88' lang='lat' dir='ltr'>circumducit:</span> 
     </span>
     <span class='ocr_line' id='line_1_18' title="bbox 137 2711 1206 2809; baseline -0.001 -23"><span class='ocrx_word' id='word_1_138' title='bbox 137 2737 199 2809; x_wconf 90' lang='lat' dir='ltr'>per</span> <span class='ocrx_word' id='word_1_139' title='bbox 211 2713 351 2799; x_wconf 87' lang='lat' dir='ltr'>ltaliam,</span> <span class='ocrx_word' id='word_1_140' title='bbox 371 2712 466 2797; x_wconf 87' lang='lat' dir='ltr'>cedo,</span> <span class='ocrx_word' id='word_1_141' title='bbox 486 2711 629 2804; x_wconf 92' lang='lat' dir='ltr'>pulchra</span> <span class='ocrx_word' id='word_1_142' title='bbox 644 2711 836 2785; x_wconf 82' lang='lat' dir='ltr'>necessitas</span> <span class='ocrx_word' id='word_1_143' title='bbox 853 2735 923 2784; x_wconf 92' lang='lat' dir='ltr'>non</span> <span class='ocrx_word' id='word_1_144' title='bbox 935 2713 1118 2785; x_wconf 84' lang='lat' dir='ltr'>duxisset?</span> <span class='ocrx_word' id='word_1_145' title='bbox 1134 2713 1206 2785; x_wconf 93' lang='lat' dir='ltr'>Sub</span> 
     </span>
     <span class='ocr_line' id='line_1_19' title="bbox 85 2833 1207 2934; baseline -0.001 -26"><span class='ocrx_word' id='word_1_146' title='bbox 85 2867 86 2870; x_wconf 41' lang='lat'>¹</span> <span class='ocrx_word' id='word_1_147' title='bbox 136 2835 313 2934; x_wconf 79' lang='lat' dir='ltr'>Pyrenaeis</span> <span class='ocrx_word' id='word_1_148' title='bbox 329 2835 410 2908; x_wconf 90' lang='lat' dir='ltr'>olim</span> <span class='ocrx_word' id='word_1_149' title='bbox 428 2834 572 2907; x_wconf 90' lang='lat' dir='ltr'>collibus</span> <span class='ocrx_word' id='word_1_150' title='bbox 590 2845 628 2906; x_wconf 94' lang='lat' dir='ltr'>ut</span> <span class='ocrx_word' id='word_1_151' title='bbox 643 2833 704 2906; x_wconf 91' lang='lat' dir='ltr'>tibi</span> <span class='ocrx_word' id='word_1_152' title='bbox 717 2857 835 2907; x_wconf 90' lang='lat' dir='ltr'>comes</span> <span class='ocrx_word' id='word_1_153' title='bbox 852 2858 985 2919; x_wconf 90' lang='lat' dir='ltr'>essem,</span> <span class='ocrx_word' id='word_1_154' title='bbox 1004 2835 1071 2907; x_wconf 92' lang='lat' dir='ltr'>nisi</span> <span class='ocrx_word' id='word_1_155' title='bbox 1088 2838 1207 2909; x_wconf 90' lang='lat' dir='ltr'>memi-</span> 
     </span>
     <span class='ocr_line' id='line_1_20' title="bbox 140 2956 1207 3055; baseline -0.006 -22"><span class='ocrx_word' id='word_1_156' title='bbox 140 2960 233 3033; x_wconf 88' lang='lat' dir='ltr'>nisse</span> <span class='ocrx_word' id='word_1_157' title='bbox 248 2960 368 3055; x_wconf 91' lang='lat' dir='ltr'>pudet‚</span> <span class='ocrx_word' id='word_1_158' title='bbox 386 2957 525 3052; x_wconf 87' lang='lat' dir='ltr'>quantis</span> <span class='ocrx_word' id='word_1_159' title='bbox 543 2978 599 3028; x_wconf 90' lang='lat' dir='ltr'>me</span> <span class='ocrx_word' id='word_1_160' title='bbox 615 2956 776 3051; x_wconf 91' lang='lat' dir='ltr'>precibus</span> <span class='ocrx_word' id='word_1_161' title='bbox 793 2980 835 3028; x_wconf 91' lang='lat' dir='ltr'>ac</span> <span class='ocrx_word' id='word_1_162' title='bbox 851 2957 1024 3028; x_wconf 90' lang='lat' dir='ltr'>blanditiis</span> <span class='ocrx_word' id='word_1_163' title='bbox 1037 2957 1207 3029; x_wconf 81' lang='lat' dir='ltr'>onerasti?</span> 
     </span>
     <span class='ocr_line' id='line_1_21' title="bbox 141 3062 1206 3176; baseline -0.008 -21"><span class='ocrx_word' id='word_1_164' title='bbox 141 3080 354 3176; x_wconf 88' lang='lat' dir='ltr'>Quamquam</span> <span class='ocrx_word' id='word_1_165' title='bbox 373 3079 423 3174; x_wconf 89' lang='lat' dir='ltr'>(ut</span> <span class='ocrx_word' id='word_1_166' title='bbox 439 3101 562 3150; x_wconf 88' lang='lat' dir='ltr'>verum</span> <span class='ocrx_word' id='word_1_167' title='bbox 578 3079 697 3172; x_wconf 84' lang='lat' dir='ltr'>fatear)</span> <span class='ocrx_word' id='word_1_168' title='bbox 715 3062 890 3170; x_wconf 47' lang='lat' dir='ltr'>&#39;sequebar</span> <span class='ocrx_word' id='word_1_169' title='bbox 906 3100 973 3169; x_wconf 85' lang='lat' dir='ltr'>ego</span> <span class='ocrx_word' id='word_1_170' title='bbox 989 3099 1096 3170; x_wconf 89' lang='lat' dir='ltr'>prope</span> <span class='ocrx_word' id='word_1_171' title='bbox 1111 3079 1206 3171; x_wconf 92' lang='lat' dir='ltr'>cupi-</span> 
     </span>
     <span class='ocr_line' id='line_1_22' title="bbox 139 3198 1207 3299; baseline -0.006 -20"><span class='ocrx_word' id='word_1_172' title='bbox 139 3205 231 3292; x_wconf 88' lang='lat' dir='ltr'>dius,</span> <span class='ocrx_word' id='word_1_173' title='bbox 250 3227 354 3299; x_wconf 90' lang='lat' dir='ltr'>quam</span> <span class='ocrx_word' id='word_1_174' title='bbox 372 3202 592 3277; x_wconf 88' lang='lat' dir='ltr'>detrahebar.</span> <span class='ocrx_word' id='word_1_175' title='bbox 610 3201 701 3287; x_wconf 87' lang='lat' dir='ltr'>Quid</span> <span class='ocrx_word' id='word_1_176' title='bbox 719 3200 767 3272; x_wconf 92' lang='lat' dir='ltr'>ita</span> <span class='ocrx_word' id='word_1_177' title='bbox 783 3224 874 3273; x_wconf 91' lang='lat' dir='ltr'>nunc</span> <span class='ocrx_word' id='word_1_178' title='bbox 888 3200 955 3272; x_wconf 93' lang='lat' dir='ltr'>sub</span> <span class='ocrx_word' id='word_1_179' title='bbox 966 3198 1138 3296; x_wconf 80' lang='lat' dir='ltr'>Apennini</span> <span class='ocrx_word' id='word_1_180' title='bbox 1153 3202 1207 3274; x_wconf 94' lang='lat' dir='ltr'>iu-</span> 
     </span>
     <span class='ocr_line' id='line_1_23' title="bbox 140 3323 1207 3421; baseline -0.001 -21"><span class='ocrx_word' id='word_1_181' title='bbox 140 3327 193 3421; x_wconf 90' lang='lat' dir='ltr'>gis</span> <span class='ocrx_word' id='word_1_182' title='bbox 210 3349 326 3399; x_wconf 92' lang='lat' dir='ltr'>comes</span> <span class='ocrx_word' id='word_1_183' title='bbox 343 3346 505 3398; x_wconf 90' lang='lat' dir='ltr'>essenon</span> <span class='ocrx_word' id='word_1_184' title='bbox 522 3324 646 3410; x_wconf 89' lang='lat' dir='ltr'>merui,</span> <span class='ocrx_word' id='word_1_185' title='bbox 664 3323 733 3396; x_wconf 91' lang='lat' dir='ltr'>nisi</span> <span class='ocrx_word' id='word_1_186' title='bbox 748 3328 835 3398; x_wconf 85' lang='lat' dir='ltr'>forte</span> <span class='ocrx_word' id='word_1_187' title='bbox 850 3324 1008 3398; x_wconf 90' lang='lat' dir='ltr'>inertiam</span> <span class='ocrx_word' id='word_1_188' title='bbox 1024 3348 1137 3400; x_wconf 91' lang='lat' dir='ltr'>meam</span> <span class='ocrx_word' id='word_1_189' title='bbox 1150 3325 1207 3399; x_wconf 88' lang='lat' dir='ltr'>illa</span> 
     </span>
     <span class='ocr_line' id='line_1_24' title="bbox 140 3449 1207 3543; baseline 0.001 -22"><span class='ocrx_word' id='word_1_190' title='bbox 140 3449 366 3543; x_wconf 85' lang='lat' dir='ltr'>peregrinatio</span> <span class='ocrx_word' id='word_1_191' title='bbox 382 3449 561 3543; x_wconf 77' lang='lat' dir='ltr'>patefecit?</span> <span class='ocrx_word' id='word_1_192' title='bbox 578 3449 628 3520; x_wconf 83' lang='lat' dir='ltr'>Tu</span> <span class='ocrx_word' id='word_1_193' title='bbox 645 3471 731 3522; x_wconf 89' lang='lat' dir='ltr'>vero</span> <span class='ocrx_word' id='word_1_194' title='bbox 746 3449 900 3542; x_wconf 88' lang='lat' dir='ltr'>quotidie</span> <span class='ocrx_word' id='word_1_195' title='bbox 915 3450 1096 3524; x_wconf 89' lang='lat' dir='ltr'>mirabaris</span> <span class='ocrx_word' id='word_1_196' title='bbox 1114 3451 1207 3522; x_wconf 92' lang='lat' dir='ltr'>unde</span> 
     </span>
     <span class='ocr_line' id='line_1_25' title="bbox 141 3570 1208 3666; baseline -0.004 -20"><span class='ocrx_word' id='word_1_197' title='bbox 141 3594 182 3646; x_wconf 88' lang='lat' dir='ltr'>ea</span> <span class='ocrx_word' id='word_1_198' title='bbox 198 3572 353 3645; x_wconf 91' lang='lat' dir='ltr'>laborum</span> <span class='ocrx_word' id='word_1_199' title='bbox 370 3570 535 3666; x_wconf 87' lang='lat' dir='ltr'>patientia</span> <span class='ocrx_word' id='word_1_200' title='bbox 550 3572 585 3642; x_wconf 94' lang='lat' dir='ltr'>in</span> <span class='ocrx_word' id='word_1_201' title='bbox 602 3571 791 3645; x_wconf 87' lang='lat' dir='ltr'>litterarum</span> <span class='ocrx_word' id='word_1_202' title='bbox 807 3573 877 3646; x_wconf 89' lang='lat' dir='ltr'>otio</span> <span class='ocrx_word' id='word_1_203' title='bbox 893 3575 977 3645; x_wconf 93' lang='lat' dir='ltr'>mihi</span> <span class='ocrx_word' id='word_1_204' title='bbox 989 3584 1070 3646; x_wconf 90' lang='lat' dir='ltr'>nato</span> <span class='ocrx_word' id='word_1_205' title='bbox 1086 3594 1126 3642; x_wconf 91' lang='lat' dir='ltr'>ac</span> <span class='ocrx_word' id='word_1_206' title='bbox 1141 3595 1208 3642; x_wconf 94' lang='lat' dir='ltr'>nu-</span> 
     </span>
     <span class='ocr_line' id='line_1_26' title="bbox 141 3694 1207 3789; baseline 0.002 -25"><span class='ocrx_word' id='word_1_207' title='bbox 141 3694 233 3779; x_wconf 88' lang='lat' dir='ltr'>trito;</span> <span class='ocrx_word' id='word_1_208' title='bbox 249 3695 442 3789; x_wconf 79' lang='lat' dir='ltr'>praesertim</span> <span class='ocrx_word' id='word_1_209' title='bbox 456 3717 535 3767; x_wconf 93' lang='lat' dir='ltr'>cum</span> <span class='ocrx_word' id='word_1_210' title='bbox 549 3705 584 3765; x_wconf 92' lang='lat' dir='ltr'>et</span> <span class='ocrx_word' id='word_1_211' title='bbox 599 3696 680 3767; x_wconf 90' lang='lat' dir='ltr'>anni</span> <span class='ocrx_word' id='word_1_212' title='bbox 697 3706 832 3789; x_wconf 89' lang='lat' dir='ltr'>tempus</span> <span class='ocrx_word' id='word_1_213' title='bbox 850 3706 945 3768; x_wconf 87' lang='lat' dir='ltr'>esset</span> <span class='ocrx_word' id='word_1_214' title='bbox 960 3695 1157 3776; x_wconf 87' lang='lat' dir='ltr'>adversum,</span> <span class='ocrx_word' id='word_1_215' title='bbox 1172 3704 1207 3766; x_wconf 92' lang='lat' dir='ltr'>et</span> 
     </span>
     <span class='ocr_line' id='line_1_27' title="bbox 140 3815 1207 3912; baseline 0 -24"><span class='ocrx_word' id='word_1_216' title='bbox 140 3818 359 3912; x_wconf 89' lang='lat' dir='ltr'>vepricosum</span> <span class='ocrx_word' id='word_1_217' title='bbox 376 3817 453 3901; x_wconf 90' lang='lat' dir='ltr'>iter,</span> <span class='ocrx_word' id='word_1_218' title='bbox 472 3827 507 3888; x_wconf 91' lang='lat' dir='ltr'>et</span> <span class='ocrx_word' id='word_1_219' title='bbox 523 3817 650 3890; x_wconf 89' lang='lat' dir='ltr'>inculta</span> <span class='ocrx_word' id='word_1_220' title='bbox 666 3819 762 3910; x_wconf 90' lang='lat' dir='ltr'>regio</span> <span class='ocrx_word' id='word_1_221' title='bbox 780 3816 954 3912; x_wconf 83' lang='lat' dir='ltr'>(quodque</span> <span class='ocrx_word' id='word_1_222' title='bbox 971 3815 1207 3908; x_wconf 92' lang='lat' dir='ltr'>superomnia</span> 
     </span>
     <span class='ocr_line' id='line_1_28' title="bbox 142 3937 1209 4037; baseline -0.002 -28"><span class='ocrx_word' id='word_1_223' title='bbox 142 3962 205 4013; x_wconf 90' lang='lat' dir='ltr'>nos</span> <span class='ocrx_word' id='word_1_224' title='bbox 219 3940 619 4037; x_wconf 85' lang='lat' dir='ltr'>angebat),conversatio</span> <span class='ocrx_word' id='word_1_225' title='bbox 635 3941 724 4013; x_wconf 91' lang='lat' dir='ltr'>dura</span> <span class='ocrx_word' id='word_1_226' title='bbox 739 3951 774 4012; x_wconf 88' lang='lat' dir='ltr'>et</span> <span class='ocrx_word' id='word_1_227' title='bbox 790 3942 934 4012; x_wconf 91' lang='lat' dir='ltr'>multum</span> <span class='ocrx_word' id='word_1_228' title='bbox 951 3937 1079 4010; x_wconf 88' lang='lat' dir='ltr'>nostris</span> <span class='ocrx_word' id='word_1_229' title='bbox 1104 3937 1209 4010; x_wconf 91' lang='lat' dir='ltr'>mori-</span> 
     </span>
     <span class='ocr_line' id='line_1_29' title="bbox 142 4058 1209 4156; baseline -0.004 -20"><span class='ocrx_word' id='word_1_230' title='bbox 142 4062 207 4137; x_wconf 92' lang='lat' dir='ltr'>bus</span> <span class='ocrx_word' id='word_1_231' title='bbox 225 4065 346 4141; x_wconf 90' lang='lat' dir='ltr'>aliena.</span> <span class='ocrx_word' id='word_1_232' title='bbox 367 4064 437 4136; x_wconf 91' lang='lat' dir='ltr'>Sed</span> <span class='ocrx_word' id='word_1_233' title='bbox 461 4065 548 4135; x_wconf 82' lang='lat' dir='ltr'>sorte</span> <span class='ocrx_word' id='word_1_234' title='bbox 574 4062 747 4156; x_wconf 79' lang='lat' dir='ltr'>(quoniam</span> <span class='ocrx_word' id='word_1_235' title='bbox 773 4062 902 4134; x_wconf 89' lang='lat' dir='ltr'>sensim</span> <span class='ocrx_word' id='word_1_236' title='bbox 928 4058 1139 4132; x_wconf 89' lang='lat' dir='ltr'>ratiocinatio</span> <span class='ocrx_word' id='word_1_237' title='bbox 1163 4061 1209 4132; x_wconf 96' lang='lat' dir='ltr'>ad</span> 
     </span>
     <span class='ocr_line' id='line_1_30' title="bbox 141 4183 1206 4282; baseline -0.007 -21"><span class='ocrx_word' id='word_1_238' title='bbox 141 4212 264 4263; x_wconf 88' lang='lat' dir='ltr'>verum</span> <span class='ocrx_word' id='word_1_239' title='bbox 294 4187 399 4282; x_wconf 75' lang='lat' dir='ltr'>ducit)</span> <span class='ocrx_word' id='word_1_240' title='bbox 430 4209 498 4258; x_wconf 96' lang='lat' dir='ltr'>non</span> <span class='ocrx_word' id='word_1_241' title='bbox 528 4206 757 4277; x_wconf 87' lang='lat' dir='ltr'>quaecumque</span> <span class='ocrx_word' id='word_1_242' title='bbox 789 4183 973 4277; x_wconf 83' lang='lat' dir='ltr'>potuimus,</span> <span class='ocrx_word' id='word_1_243' title='bbox 1008 4204 1206 4278; x_wconf 92' lang='lat' dir='ltr'>possumus.</span> 
     </span>
     <span class='ocr_line' id='line_1_31' title="bbox 141 4304 1208 4405; baseline -0.005 -22"><span class='ocrx_word' id='word_1_244' title='bbox 141 4313 220 4386; x_wconf 86' lang='lat' dir='ltr'>Dies</span> <span class='ocrx_word' id='word_1_245' title='bbox 238 4322 355 4405; x_wconf 88' lang='lat' dir='ltr'>auget,</span> <span class='ocrx_word' id='word_1_246' title='bbox 370 4311 447 4384; x_wconf 90' lang='lat' dir='ltr'>dies</span> <span class='ocrx_word' id='word_1_247' title='bbox 465 4306 649 4381; x_wconf 92' lang='lat' dir='ltr'>imminuit:</span> <span class='ocrx_word' id='word_1_248' title='bbox 668 4306 713 4379; x_wconf 91' lang='lat' dir='ltr'>ab</span> <span class='ocrx_word' id='word_1_249' title='bbox 728 4329 770 4379; x_wconf 92' lang='lat' dir='ltr'>ea</span> <span class='ocrx_word' id='word_1_250' title='bbox 786 4304 1062 4399; x_wconf 88' lang='lat' dir='ltr'>peregrinatione</span> <span class='ocrx_word' id='word_1_251' title='bbox 1085 4317 1208 4402; x_wconf 88' lang='lat' dir='ltr'>quarta</span> 
     </span>
     <span class='ocr_line' id='line_1_32' title="bbox 142 4428 1208 4525; baseline -0.005 -19"><span class='ocrx_word' id='word_1_252' title='bbox 142 4459 234 4510; x_wconf 90' lang='lat' dir='ltr'>nanc</span> <span class='ocrx_word' id='word_1_253' title='bbox 253 4445 359 4508; x_wconf 82' lang='lat' dir='ltr'>aestas</span> <span class='ocrx_word' id='word_1_254' title='bbox 379 4435 511 4525; x_wconf 88' lang='lat' dir='ltr'>agitur:</span> <span class='ocrx_word' id='word_1_255' title='bbox 536 4429 682 4503; x_wconf 90' lang='lat' dir='ltr'>triennio</span> <span class='ocrx_word' id='word_1_256' title='bbox 711 4429 827 4503; x_wconf 91' lang='lat' dir='ltr'>senior</span> <span class='ocrx_word' id='word_1_257' title='bbox 854 4431 964 4504; x_wconf 86' lang='lat' dir='ltr'>iactus</span> <span class='ocrx_word' id='word_1_258' title='bbox 995 4453 1088 4516; x_wconf 82' lang='lat' dir='ltr'>sum3</span> <span class='ocrx_word' id='word_1_259' title='bbox 1114 4428 1208 4523; x_wconf 92' lang='lat' dir='ltr'>quod</span> 
     </span>
    </p>
   </div>
   <div class='ocr_carea' id='block_1_3' title="bbox 0 0 1355 5024">
    <p class='ocr_par' dir='ltr' id='par_1_3' title="bbox 0 0 1355 5024">
     <span class='ocr_line' id='line_1_33' title="bbox 0 0 1355 5024; baseline 0 0"><span class='ocrx_word' id='word_1_260' title='bbox 0 0 1355 5024; x_wconf 95' lang='lat' dir='ltr'> </span> 
     </span>
    </p>
   </div>
  </div>
 </body>
</html>
