2692 5024
396 633 489 684 niusa
509 633 868 684 ruamus-unsrous
893 635 946 684 xn.
1153 624 1207 687 167

133 778 339 871 firmatoque
366 776 555 872 proposito,
577 788 613 849 et
640 775 821 870 primaevae
850 776 1042 849 insolentiae
1077 787 1210 849 tumore

131 924 347 996 compresso,
367 924 430 996 per
446 900 675 974 modestiores
695 911 800 995 atque
813 899 1006 973 sereniores
1024 902 1136 973 aetatis
1150 925 1210 973 an-

131 1045 195 1096 nos
217 1024 389 1095 tutissime
410 1023 565 1119 pergitur
585 1023 810 1096 adsalutem:
832 1023 995 1116 quamvis
1015 1026 1110 1095 nulla
1123 1034 1210 1097 aetas

131 1148 282 1241 repulsa,
304 1147 446 1229 nullum,
469 1157 507 1217 ut
526 1147 611 1231 dixi,
633 1168 746 1238 genus
767 1146 946 1218 hominum
965 1168 1084 1218 corum
1103 1148 1210 1240 quiin

130 1270 246 1361 aliqua
267 1268 415 1340 honesta
435 1269 684 1342 exercitatione
704 1279 905 1355 versantur,
925 1268 969 1341 ab
989 1269 1055 1341 hoc
1075 1269 1211 1342 tramite

131 1393 178 1463 sit
197 1394 393 1463 exclusum:
411 1401 628 1484 constetque,
647 1390 746 1463 iuxta
762 1391 886 1463 Plotini
905 1392 1122 1475 sententiam,
1142 1412 1210 1462 non

129 1516 339 1609 purgatoriis
352 1515 455 1587 modo
468 1516 672 1609 purgatique
685 1516 753 1587 iam
770 1515 875 1587 animi
890 1513 970 1611 (sir),
987 1515 1051 1588 sed
1063 1513 1210 1608 politicis

129 1659 269 1730 quoque
290 1638 477 1710 virtutibus
495 1637 637 1710 beatum
662 1637 748 1709 fieri.
776 1639 820 1710 Ut
844 1638 936 1710 euim
962 1637 1091 1732 aliquid
1115 1659 1211 1711 more

129 1768 328 1831 nostrorum
350 1762 484 1853 loquar,
507 1771 648 1833 actuosa
665 1759 1009 1833 Marthae'solicitudo
1027 1782 1097 1832 non
1115 1781 1211 1854 sper-

129 1885 236 1968 nitur,
260 1885 422 1978 quamvis
440 1884 620 1958 sublimior
639 1886 881 1979 contemplatio
894 1885 939 1956 sit
952 1885 1082 1957 illariae.
1096 1883 1210 1957 Habes

128 2028 226 2098 ergo,
249 2007 444 2095 carissime,
472 2021 640 2103 quantum
667 2010 757 2082 inter
781 2008 886 2080 huius
910 2008 1075 2101 temporis
1101 2030 1212 2100 angu-

129 2128 215 2201 stias
238 2129 344 2215 licuit,
365 2152 474 2202 unum
494 2132 540 2204 de
563 2131 745 2222 postulatis
768 2131 850 2215 tuis,
872 2129 967 2223 quod
986 2128 1063 2214 luit,
1087 2140 1125 2201 ut
1149 2129 1210 2201 tibi

128 2273 192 2346 pro
209 2252 446 2324 informatione
465 2254 549 2324 vitae
566 2253 696 2347 aliquid
718 2254 917 2326 scriberem.
932 2251 1047 2324 Habes
1065 2251 1143 2337 hoc,
1158 2253 1211 2323 in-

128 2397 249 2469 quam,
272 2398 334 2469 pro
354 2377 458 2447 unius
479 2379 694 2450 antelucanae
710 2378 840 2470 vigiliae
867 2375 990 2470 spatio,
1009 2374 1117 2448 breve
1134 2374 1211 2468 qui·
1269 2356 1275 2366 ’

127 2496 220 2585 dem,
244 2500 358 2572 sedin
376 2522 424 2586 se,
443 2511 482 2573 ut
502 2498 659 2586 arbitror,
682 2498 888 2585 absolutum,
912 2501 942 2572 si
961 2498 1047 2571 illud
1067 2495 1211 2570 addide-

127 2645 187 2695 ro:
213 2622 492 2717 compendiosam
526 2624 684 2695 semitam
720 2624 765 2696 ad
796 2624 960 2697 virtutem
988 2624 1102 2696 visam
1130 2641 1210 2694 esse

128 2746 359 2841 philosophiS,
377 2757 417 2816 ut
438 2749 524 2818 tales
542 2747 630 2819 effici
656 2748 878 2832 studeamus,
905 2749 1026 2842 quales
1050 2746 1210 2840 cupimus

129 2891 311 2963 apparere;
337 2879 373 2940 et
402 2870 500 2955 illud,
526 2892 596 2964 quo
626 2869 711 2941 nihil
737 2894 815 2943 reor
833 2872 1027 2944 efficacius:
1046 2866 1153 2962 quod,
1173 2876 1213 2937 ut

129 2991 263 3064 eisdem
288 2995 413 3085 placet,
443 3003 513 3065 tota
542 2992 723 3065 doctorum
749 2993 927 3064 hominum
956 2992 1042 3073 vita,
1075 2989 1211 3061 nonnisi

61 3146 69 3165 =
129 3115 373 3188 commentatio
393 3115 515 3186 mortis
535 3125 600 3186 est.
610 3102 795 3186 uacenus
816 3115 904 3199 haec,
926 3132 1007 3206 quae
1028 3133 1098 3182 uon
1118 3119 1157 3181 ut
1177 3119 1211 3182 tc

128 3239 284 3323 doceam,
301 3239 365 3310 sed
382 3247 421 3309 ut
437 3238 654 3323 admoneam,
669 3259 710 3309 ac
723 3235 925 3308 memoriam
946 3231 1106 3317 excitem,
1119 3232 1212 3305 dicta
1303 3327 1306 3333 .

129 3373 221 3434 sunt.
244 3363 428 3456 Reliquum
448 3373 524 3432 erat
544 3369 582 3432 ut
595 3371 628 3432 te
646 3360 790 3432 memori
804 3358 919 3430 animo
931 3358 1211 3430 commendatum

127 3484 310 3568 baberem;
331 3485 428 3557 iuvat
447 3485 539 3556 enim
560 3482 679 3558 verbis
700 3483 804 3555 etiam
826 3481 894 3554 tuis
915 3482 976 3553 uti.
992 3480 1031 3552 ld
1044 3479 1211 3551 veroium

128 3608 262 3682 dudum
283 3610 412 3680 lactum
433 3631 513 3683 esse
530 3606 704 3680 confidito.
727 3608 874 3700 linquo
895 3615 929 3677 te
950 3605 1099 3699 primum
1125 3598 1208 3683 vidi,

127 3734 316 3825 imaginem
338 3746 432 3807 tuam
450 3757 497 3807 ex
515 3734 699 3807 adamante
716 3730 905 3827 purissimo
918 3728 997 3800 imis
1011 3720 1210 3820 praecordiis

129 3856 360 3929 indelebiliter
373 3860 480 3943 affixi,
495 3880 602 3953 quam
616 3858 709 3928 nulla
728 3856 873 3927 revellet
883 3853 970 3935 dies,
985 3849 1100 3920 nullus
1114 3848 1211 3919 locus

129 3981 292 4052 excutiet.
307 3983 514 4053 Extremum
529 3991 592 4065 est,
606 3989 646 4052 ut
657 3989 693 4051 et
704 3977 825 4050 virtuti
838 3985 873 4046 et
885 3977 1031 4046 lortunae
1046 3980 1116 4041 tuae
1130 3990 1211 4061 gra-

130 4104 232 4189 tuler,
252 4104 380 4198 quibus
395 4103 479 4174 tanti
493 4102 656 4198 principis
670 4099 867 4172 affinitatem
881 4118 921 4167 ao
934 4092 1209 4165 benevolentiam

128 4227 302 4312 meruisti,
325 4237 359 4296 et
376 4245 438 4317 pro
454 4223 623 4295 charitate
641 4220 721 4291 lruic
741 4219 897 4313 impensa
918 4215 1072 4289 seniculo
1092 4223 1209 4309 grates

130 4371 242 4441 agam.
264 4349 359 4420 Vale.

275 4498 317 4551 Ad
332 4497 435 4550 lontem
448 4494 568 4567 Sorgiae,
585 4492 645 4548 Kal.
660 4490 791 4547 ianuarii.
