2692 5024
126 576 184 639 uuu
464 581 506 629 nn
526 580 627 628 uenus
649 576 871 627 susurramus

126 742 185 802 test
200 729 420 824 proscribere,
437 736 479 797 ut
495 725 543 798 ait
563 723 705 796 Asinius
717 724 826 796 Pollio
841 722 1012 815 egregius
1030 734 1170 811 orator,
1191 722 1228 795 in

126 855 300 925 Caesarem
322 848 520 940 Augustum
541 847 678 928 iocans3
698 844 800 917 ouius
820 866 889 938 ego
911 867 1009 917 nunc
1034 852 1222 943 exemplo,

126 973 328 1070 suppressis
349 992 488 1042 reorum
508 971 730 1054 nominibus,
754 969 1017 1041 accusationem
1040 970 1222 1064 publicam

128 1117 304 1189 peregero.
324 1094 435 1187 Prope
458 1093 549 1164 enim
571 1114 694 1163 omnes
715 1092 809 1163 idem
829 1113 928 1164 error
953 1093 1045 1185 agit,
1072 1106 1113 1166 et
1137 1117 1222 1167 cum

104 1221 243 1289 'nullus
264 1238 339 1300 coe,
362 1238 431 1308 qua
458 1236 563 1309 supra
584 1215 697 1297 retuli,
720 1214 912 1285 litterarum
934 1214 1068 1288 amicos
1088 1217 1224 1310 princi·

128 1362 190 1437 pes
212 1341 313 1433 sequi
333 1339 429 1422 velit,
449 1337 605 1408 certatim
627 1335 795 1408 Licinium
817 1336 996 1407 Caesarem
1017 1339 1219 1427 imitantur,

127 1464 186 1556 qui
212 1461 398 1532 rusticanae
432 1458 488 1527 vir
512 1457 656 1548 originis
681 1459 728 1529 ita
753 1456 884 1530 litteras
909 1458 1051 1544 oderat,
1084 1471 1126 1533 ut
1159 1486 1219 1537 eas

127 1584 225 1654 virus
252 1603 293 1653 ao
320 1589 455 1672 pestem
487 1579 661 1673 publicam
689 1582 898 1673 appellaret:
932 1603 1008 1652 vox
1035 1604 1111 1654 non
1143 1584 1218 1679 qui·

127 1707 207 1778 dem
228 1704 435 1797 imperatore
454 1701 575 1792 digna,
599 1701 662 1772 sed
683 1702 822 1773 rustico.
844 1699 890 1773 At
906 1725 976 1775 non
995 1703 1049 1775 eie
1064 1705 1214 1790 Marius,

127 1828 254 1920 etipse
271 1846 411 1918 quoque
431 1825 629 1894 rusticanus
652 1824 718 1908 vir,
742 1824 819 1906 sed,
842 1833 881 1893 ut
900 1824 949 1896 ait
968 1825 1112 1913 Cicero,
1135 1852 1215 1903 vere

128 1948 204 2032 vir3
225 1932 330 2040 quem
351 1947 431 2017 licet
449 1947 504 2017 vel
526 1945 705 2038 occupatio
726 1948 782 2016 vel
801 1958 924 2018 natura
947 1948 1151 2022 litterarum
1175 1952 1215 2024 ad

130 2071 245 2142 studia
259 2069 445 2140 tardiorem
463 2070 605 2154 faceret,
624 2068 792 2140 litteratos
810 2077 925 2139 tamen
942 2068 1111 2143 homines
1126 2095 1215 2146 ama-

129 2191 203 2276 bat,
238 2190 413 2284 praecipue
446 2202 581 2282 poetas,
607 2211 755 2283 quorum
783 2202 940 2285 speraret
963 2193 1113 2284 ingenio
1129 2202 1216 2269 'sua-

129 2335 206 2382 rum
234 2318 552 2403 rerumgestarum
580 2310 723 2403 gloriam
750 2311 919 2383 celebrari
947 2334 1067 2406 posse.
1097 2319 1147 2390 Et
1170 2319 1215 2389 ni·

129 2431 255 2501 mirum
273 2432 352 2523 quis
370 2441 426 2501 est
443 2432 635 2516 hominum,
656 2433 723 2502 nisi
742 2432 786 2504 sit
803 2433 893 2504 idem
912 2457 1062 2527 prorsus
1084 2440 1214 2532 agresti

130 2551 270 2633 duritie,
298 2554 357 2642 qui
382 2551 447 2621 etsi
474 2574 542 2622 non
568 2551 671 2623 valde
698 2555 817 2626 litteris
843 2555 1053 2643 delectetur,
1082 2565 1214 2634 clarum

131 2674 252 2743 saltem
289 2692 359 2741 non
397 2672 514 2765 cupiat
544 2694 686 2759 nomen,
714 2679 808 2769 quod
833 2682 984 2771 profecto
1010 2682 1107 2754 sicut
1143 2686 1215 2757 sine

131 2795 259 2865 virtute
283 2816 353 2865 non
377 2794 557 2884 quaeritur,
586 2797 635 2868 sic
662 2798 737 2870 sine
763 2799 884 2870 litteris
919 2824 988 2872 non
1022 2813 1218 2879 servatur?

132 2918 243 2988 Fluxa
264 2929 319 2988 est
340 2916 518 2987 hominum
540 2921 716 3003 memoria,
739 2923 883 3014 picturae
905 2922 1041 3010 labileS,
1071 2930 1218 3001 caducae

131 3050 273 3123 statuae;
294 3039 453 3130 interque
474 3041 669 3111 mortalium
691 3043 833 3115 inventa
853 3044 938 3114 nihil
959 3044 1087 3120 litteris
1109 3053 1219 3123 stabi-

130 3158 207 3228 lius.
241 3160 407 3252 Quisquis
445 3161 520 3230 illas
559 3183 627 3231 non
660 3165 796 3248 metuit,
830 3176 965 3257 oportet
999 3178 1038 3238 ut
1076 3172 1217 3266 diligat3

130 3279 340 3370 omninoque
361 3302 483 3351 verum
505 3294 560 3353 est
580 3283 663 3355 illud
685 3285 882 3357 Claudiani:

291 3466 403 3529 Gaudet
419 3468 501 3529 enim
519 3471 618 3534 virtus
635 3473 691 3536 sibi
710 3480 801 3538 testes
819 3478 944 3554 iungere
961 3488 1087 3557 cantus;

267 3574 270 3579 ’
350 3565 478 3628 t'arrneu
495 3577 574 3631 amat
592 3571 731 3651 quisquis
748 3576 881 3638 carmine
898 3577 985 3656 digna
1003 3581 1086 3645 iacit.

131 3754 244 3825 Nostri
269 3776 352 3825 vero
373 3756 430 3847 qui
453 3758 537 3828 nihil
558 3761 623 3830 nisi
645 3766 795 3860 satyrico
814 3769 967 3840 carmine
984 3769 1135 3862 dignum
1155 3802 1216 3871 ge-

132 3887 224 3959 runt,
246 3899 335 3969 quas
356 3891 514 3950 metuunt
534 3882 664 3955 litteras
685 3887 843 3960 oderunt.
870 3891 987 3983 ltaque
1014 3915 1097 3965 oum
1124 3899 1216 3971 Lici-

131 3996 187 4064 nio
208 3997 361 4070 sentiunt
381 4023 513 4087 omneS,
536 4027 640 4076 nemo
659 4029 737 4076 cum
759 4009 882 4093 lllario,
902 4033 946 4080 ne
966 4033 1044 4082 oum
1065 4016 1145 4088 aliis
1164 4019 1217 4091 di-

89 4146 91 4151 ·
130 4137 217 4186 cam.
231 4119 276 4187 Et
295 4118 375 4212 (qua
392 4125 485 4194 nulla
503 4126 633 4217 turpior
650 4128 785 4201 desidia
806 4152 957 4224 uuquam
975 4135 1050 4229 fuit)
1067 4137 1103 4208 id
1118 4142 1217 4233 quod

132 4239 419 4323 pretiosissimum
442 4244 616 4318 habebant
643 4247 774 4342 subripi
797 4253 863 4322 sibi
888 4276 950 4347 per
971 4256 1131 4347 plebeios
1155 4265 1218 4337 ho·

133 4355 244 4428 mines
266 4362 375 4451 passi,
397 4387 440 4436 eo
465 4370 594 4439 sensim
622 4393 827 4462 pervenere,
852 4374 976 4446 utiam
1004 4378 1097 4452 inter
1123 4386 1218 4457 divi-
