2692 5024
389 694 481 742 nrmtu
502 672 880 743 marmus—emmoni
903 697 954 743 nn.
1151 686 1207 744 :tut

130 850 219 908 terra
241 837 433 908 viventium
455 850 614 933 expecto.
636 841 705 912 Sed
726 863 808 913 ecoe
828 863 920 911 nunc
936 845 1099 933 experior
1115 847 1211 937 quod

128 955 221 1053 apud
254 960 398 1031 Statium
434 962 523 1053 legi:
549 960 643 1033 dulce
672 966 763 1054 loqui
803 965 939 1033 miseris.
972 965 1128 1039 Profecto
1162 970 1212 1040 sic

128 1091 201 1152 est:
235 1105 339 1173 quam
367 1084 472 1154 mulla
498 1085 604 1168 enim,
631 1107 700 1156 non
735 1085 902 1168 sentiens,
935 1085 1063 1178 impetu
1098 1091 1211 1179 magis

129 1222 233 1292 quam
256 1201 362 1272 animi
382 1201 508 1275 iudicio
528 1205 686 1276 dolenter
711 1204 836 1276 effudi!
865 1227 930 1276 nec
956 1206 1129 1297 loquendo
1156 1223 1212 1279 sa-

132 1322 208 1405 tior,
231 1321 296 1392 scd
316 1325 501 1407 accendor,
525 1346 587 1395 nec
605 1325 767 1397 desinere
787 1328 928 1419 quidem
951 1328 1033 1398 scio.
1061 1327 1213 1399 Abrum-

131 1464 209 1535 patn
231 1442 346 1531 igitur.
368 1444 466 1514 Volo.

541 1909 715 1973 EPISTULA
736 1911 802 1973 tut.

159 2119 351 2169 Funnctsct's
373 2118 539 2168 namnet
558 2119 688 2168 lOfibNNi
706 2118 864 2167 cortanna,
883 2121 1053 2168 tatttbtn'ttl
1071 2121 1097 2168 S.
1117 2122 1143 2167 Ι).
1163 2123 1191 2167 lt.

229 2296 417 2353 Consolatoria
432 2296 468 2351 ob
482 2296 586 2351 oaedem
603 2296 833 2352 Columnensium
850 2297 946 2351 Romae
963 2303 1113 2368 peractam.

231 2533 378 2605 Fatebor
408 2536 575 2626 ingenue;
607 2535 675 2607 etsi
699 2537 791 2607 enim
826 2530 994 2608 solvendo
1027 2559 1095 2607 non
1123 2537 1211 2621 sim,

132 2658 233 2729 bonae
254 2656 335 2729 fidei
352 2655 489 2727 debitor
507 2679 601 2740 sum3
623 2657 767 2743 fatebor,
788 2658 847 2729 tibi
868 2681 922 2730 me
938 2659 1054 2730 omnia
1071 2657 1211 2741 dehere,

133 2781 309 2871 ingenium
343 2780 473 2851 scilicet
504 2791 540 2851 et
564 2786 807 2876 corpusculum
835 2784 914 2866 hoc,
941 2783 1035 2875 quod
1060 2782 1214 2874 peregri-

131 2924 198 2973 nus
219 2901 387 2983 inhabito,
409 2903 495 2974 etsi
521 2904 605 2996 quid
630 2916 856 2975 externorum
882 2902 1006 2993 obtigit
1029 2903 1211 2973 bonorum.

132 3024 251 3117 Neque
271 3023 361 3095 enim
383 3024 498 3095 minus
520 3027 598 3096 aula
620 3036 678 3096 tua
699 3024 815 3095 animo
836 3045 916 3093 meo
936 3023 1088 3105 cuntulit,
1106 3043 1212 3114 quam

131 3145 273 3238 corpori,
288 3166 392 3236 quam
407 3147 566 3217 fortunis.
585 3146 658 3216 Sub
675 3155 709 3216 te
726 3145 878 3217 nutritus
895 3166 916 3215 a
933 3145 1112 3214 iuventube
1126 3165 1211 3226 mea,

133 3265 201 3336 sub
221 3275 255 3336 te
274 3277 399 3336 auctus
420 3277 525 3358 atque
545 3267 703 3339 eruditus
724 3288 818 3350 sum,
840 3275 1010 3357 quantum
1031 3266 1088 3335 vei
1108 3265 1214 3336 inter-

133 3389 345 3459 currentium
366 3409 510 3459 casuum
532 3388 742 3481 malignitas,
762 3391 819 3459 vel
841 3387 969 3479 ingenii
989 3385 1213 3459 mediocritas

134 3530 236 3600 passa
249 3522 319 3591 cst;
336 3522 372 3582 ut
385 3533 431 3580 ex
447 3510 568 3581 merito
583 3522 710 3594 tenear,
726 3519 761 3583 et
774 3510 867 3581 bunc
879 3512 1060 3591 calamum,
1074 3518 1110 3580 et
1123 3509 1213 3579 hano

132 3632 324 3716 dexteram,
340 3640 376 3702 et
396 3633 460 3705 boc
475 3636 833 3726 quantulumcumque
847 3643 904 3704 est
915 3632 1020 3704 animi
1040 3633 1153 3701 lumen
1168 3627 1214 3700 ad

73 3816 76 3821 .
131 3756 236 3826 animi
257 3756 306 3826 tui
328 3757 482 3827 solamen
497 3756 784 3849 refrigeriumque
800 3763 1015 3827 convertere.
1042 3750 1157 3820 idme
1177 3747 1212 3819 in

133 3879 208 3948 aliis
222 3878 324 3948 malis
337 3878 465 3949 nostris
480 3898 542 3970 pro
556 3877 691 3949 viribus
705 3876 915 3949 observasse
926 3871 1074 3955 memini,
1084 3891 1149 3941 nec
1164 3881 1211 3951 tu,

134 4020 223 4084 reor,
237 4001 365 4072 oblitus
378 4022 429 4071 es.
444 4001 482 4070 ln
500 4000 567 4070 boc
584 4022 669 4071 vero
683 4009 751 4070 tam
766 3998 879 4090 gravi,
897 4009 1036 4087 tumque
1050 3994 1213 4063 intracta-

133 4119 192 4189 bili
205 4130 242 4191 et
257 4123 394 4193 funesto
409 4124 566 4204 vulnere,
585 4122 681 4213 quod
698 4119 801 4189 nobis
819 4118 973 4189 nondum
992 4115 1133 4187 fletibus
1150 4134 1213 4184 no·

136 4241 220 4312 stris
237 4242 359 4314 satiata
380 4264 474 4313 mors
496 4242 626 4325 intulit,
646 4240 730 4332 quid
748 4261 905 4331 agerem,
927 4238 1011 4329 quid
1029 4240 1211 4329 loquerer,

134 4365 190 4434 vel
211 4363 351 4436 omnino
370 4364 455 4458 quid
471 4363 644 4434 hiscerem
669 4382 738 4433 non
756 4362 883 4433 inveni.
903 4360 1023 4432 Corrui
1042 4359 1149 4430 miser
1167 4356 1212 4429 ad

79 4468 83 4475 ¹
133 4487 276 4579 primam
299 4488 348 4557 rei
375 4489 513 4568 famam,
532 4495 568 4555 ot
589 4485 683 4555 velut
701 4483 881 4576 repentino
900 4481 1052 4553 fulminis
1075 4484 1213 4571 fragore
