2692 5024
211 715 269 776 tan
552 727 593 774 nn
615 724 716 774 annus
737 720 959 771 nnnrtnnrens

210 895 331 945 eorum
364 894 461 943 arnor
495 872 638 942 vellicat.
666 871 760 940 lbam
788 891 873 939 vero
904 888 995 937 nune
1030 865 1197 956 longius:
1233 866 1294 938 sed

211 993 429 1087 expectantis
449 1014 627 1063 murmure
647 991 755 1062 nuntii
776 989 963 1061 admoneor
984 997 1024 1058 ut
1043 987 1178 1058 dicam:
1199 989 1295 1058 Vale.

354 1140 403 1193 XV
419 1137 480 1193 Kal.
497 1137 599 1191 lunias.

632 1547 810 1611 EPISTOLA
833 1548 877 1610 lV.

364 1737 559 1787 rnnnclscus
580 1735 749 1786 PETRARCA
773 1735 909 1786 otranno
930 1737 990 1786 SUO
1012 1738 1040 1787 S.
1063 1735 1093 1787 P:
1116 1741 1149 1789 D.

272 1900 358 1956 Enixe
373 1901 500 1955 bortatur
514 1906 559 1968 ut,
575 1915 631 1953 una
645 1915 709 1952 eum
722 1898 832 1967 amicis,
847 1897 1022 1953 contubernii
1038 1905 1067 1954 et
1082 1900 1170 1956 totius
1183 1900 1243 1956 vile

556 1987 781 2043 communionem
796 1987 866 2041 inire
880 1986 956 2041 velit.

313 2229 432 2299 Omnis
454 2250 552 2299 amor
577 2226 761 2322 impatiens
788 2245 909 2309 morae,
938 2225 1174 2298 festinationis
1200 2252 1293 2325 appe

216 2365 307 2435 tens;
329 2373 393 2423 neo
415 2353 482 2422 ulla
504 2359 596 2421 tanta
617 2347 774 2420 celeritas
795 2358 863 2431 est,
890 2368 971 2439 quae
988 2369 1059 2418 non
1081 2348 1234 2421 tarditas
1258 2349 1294 2421 sit

216 2475 355 2548 amanti.
369 2474 438 2545 Mul
445 2482 477 2544 ta
492 2473 550 2543 tibi
567 2474 732 2542 hesterno
746 2470 802 2541 die
817 2469 1041 2561 scripseram:
1059 2472 1125 2542 sed
1141 2472 1292 2565 quoniam

217 2608 252 2666 et
270 2601 375 2668 multa
395 2598 612 2689 supererant,
632 2602 667 2662 et
684 2592 869 2663 exonerari
887 2593 1024 2664 animus
1043 2595 1206 2680 ardebat,
1225 2619 1294 2668 curn

217 2716 379 2786 fortuitus
405 2713 544 2783 nuntius
571 2736 640 2783 non
666 2714 819 2797 adesset,
840 2714 885 2785 ad
903 2713 1116 2788 domesticos
1144 2743 1202 2791 me
1227 2740 1296 2791 con-

218 2837 319 2909 verti.
353 2837 398 2905 Et
423 2834 639 2925 singulorum
666 2834 806 2926 quidem
838 2837 1007 2930 obsequia
1041 2841 1241 2927 trutinanti,
1267 2852 1297 2913 ut

217 2959 388 3048 intelligas
411 2976 515 3050 quam
539 2957 652 3026 ventri
674 2956 813 3027 deditus
833 2959 914 3041 sim,
930 2980 1065 3051 coquus
1085 2963 1226 3053 primus
1250 2986 1299 3034 oe-

217 3084 338 3166 currit,
361 3103 431 3173 quo
452 3079 527 3149 sine
557 3079 789 3162 incommodo,
809 3079 981 3151 imovero
1012 3103 1083 3151 non
1115 3083 1196 3154 sine
1214 3108 1300 3157 com-

219 3203 329 3285 modo,
343 3221 508 3271 carerem.
524 3199 673 3289 Coquus,
692 3199 839 3291 inquam,
857 3200 950 3291 qnod
964 3224 1032 3271 non
1048 3211 1082 3272 te
1099 3205 1199 3290 latet,
1216 3205 1301 3300 apud

218 3323 366 3391 maiores
388 3321 468 3390 olim
491 3330 629 3389 nostros
651 3319 860 3391 vilissimum
885 3321 1112 3414 mancipium,
1134 3327 1229 3398 victa
1247 3327 1301 3398 de-

219 3465 312 3512 munt
331 3440 427 3525 Asia,
450 3441 484 3510 in
507 3442 616 3533 pretio
638 3440 758 3511 haberi
780 3455 941 3535 emptum.
964 3444 1154 3535 Nunquam
1175 3449 1299 3519 utinam

219 3563 325 3634 armis
346 3562 464 3634 Asiam
492 3562 714 3646 vicissemus,
740 3587 784 3633 ne
806 3588 956 3656 unquam
985 3565 1058 3636 suis
1086 3567 1146 3637 illa
1174 3570 1300 3642 deliciis

220 3708 282 3756 nos
304 3684 455 3754 vicisset.
479 3685 548 3754 Sed
564 3685 608 3754 ad
628 3694 746 3755 nostra
771 3686 906 3756 festino.
935 3687 1077 3778 Coquus
1104 3712 1197 3783 ergo
1218 3714 1301 3763 nunc

220 3806 302 3874 milri
320 3828 381 3897 pro
399 3805 532 3874 viatore
550 3807 667 3889 suerit,
688 3807 823 3875 villicus
842 3829 904 3898 pro
918 3828 1039 3898 coquo.
1060 3811 1153 3896 Scis,
1176 3837 1234 3885 me
1252 3838 1302 3884 ru·

220 3929 306 3999 stico
332 3935 500 4020 apparatu
523 3936 557 3996 et
584 3925 670 3996 cibis
698 3917 896 4016 agrestibus
922 3929 1104 4014 delectari,
1132 3944 1171 4003 et
1199 3937 1234 4005 in
1260 3944 1301 4004 te-

219 4053 278 4121 nni
299 4052 392 4121 victu
420 4052 530 4120 solnm
557 4072 636 4118 cum
663 4049 813 4140 Epicuro
840 4052 981 4133 sentire,
1009 4051 1065 4120 cni
1093 4055 1129 4124 in
1159 4058 1301 4130 hortulis

219 4186 254 4244 et
274 4174 425 4245 oleribus
448 4173 540 4242 illius
562 4196 582 4242 a
604 4195 642 4241 se
664 4172 814 4242 laudatae
836 4173 1022 4266 voluptatis
1046 4196 1191 4252 summa
1213 4204 1303 4276 repo

220 4299 322 4367 nitur.
342 4298 440 4388 Saepe
458 4295 597 4387 quidem
617 4294 796 4364 rusticitati
818 4317 906 4364 meae
928 4298 1098 4384 gratuler,
1119 4324 1208 4393 quae
1228 4304 1303 4374 mihi

221 4430 422 4508 perpetuum
444 4419 535 4501 lecit,
555 4418 648 4510 quod
669 4419 722 4486 his
740 4416 896 4488 delicatis
915 4440 954 4489 ac
974 4419 1078 4489 lautis
1098 4423 1306 4500 vicissitudo

220 4535 299 4606 lacit
319 4539 498 4609 alternum.
521 4541 606 4623 Quis
627 4553 681 4612 est
702 4543 793 4612 enim
816 4553 885 4614 lam
907 4543 1090 4618 fastidiose
1117 4570 1305 4647 arrogans,
