2692 5024
496 655 758 705 Puotssaottsrtort.
1104 661 1156 710 cxl

104 793 158 866 Ep.
195 792 224 849 8.
244 791 376 848 buretro
391 789 538 849 Cosanum
551 806 674 849 inruont.
685 824 722 837 -·
731 793 872 881 ppbtoloe
882 797 1077 869 principium.

269 881 341 953 Arp.
357 880 440 951 AEgre
454 881 507 936 sert
519 881 640 937 incusari
660 898 690 937 se
710 882 746 937 ob
766 889 859 955 partas
880 885 988 941 divitias
1007 887 1159 941 amicorum

326 968 463 1051 oblivione
476 977 589 1042 captum
603 972 779 1028 insolescere.

107 1055 157 1128 Ep.
195 1055 223 1111 9.
245 1057 348 1112 burcis
362 1070 475 1112 smnus.
487 1088 524 1100 -
536 1059 706 1131 Tricipitem
720 1062 882 1132 epistotam.

267 1143 341 1214 Arp.
357 1146 393 1200 Se
405 1144 461 1199 illis
474 1144 596 1201 inridere
610 1147 686 1218 quod
699 1164 756 1202 una
769 1148 870 1204 vivant.

108 1227 158 1300 Ep.
178 1228 224 1285 10.
246 1229 369 1286 Ionanru
382 1232 526 1289 Annene.
536 1235 659 1291 -Pone
672 1253 754 1308 opem
762 1238 948 1308 proliaeioris.

269 1321 342 1393 Arp.
362 1322 490 1394 Agrestis
509 1325 571 1380 vite
590 1326 821 1397 tranquillitatem
843 1333 924 1385 nacto
944 1330 1115 1401 gratulatur,
1133 1335 1161 1385 et

303 1425 384 1465 suam
396 1412 506 1467 vivendi
519 1413 656 1486 placidam
669 1416 805 1472 rationem
819 1417 958 1474 describit.

110 1497 160 1570 Ep.
180 1495 227 1553 11.
248 1497 403 1555 Srmssuo
427 1500 575 1558 Genusum
589 1504 761 1561 Pnarosiro
785 1506 814 1561 S.
835 1507 979 1563 Anruim.
991 1507 1161 1562 -Litteras

305 1594 371 1644 tuas
383 1606 509 1646 mmmc.

269 1678 341 1751 Arp.
358 1678 504 1736 Germana
528 1680 654 1738 amidbae
676 1698 776 1739 sensus
794 1684 907 1757 pandit,
928 1691 955 1741 at
973 1685 1062 1741 malos
1078 1700 1161 1755 quos·

306 1767 372 1823 dam
384 1768 513 1824 homines
526 1770 686 1828 iuoectatur.

108 1855 160 1929 Ep.
178 1856 225 1912 12.
245 1855 342 1915 Lamo
356 1871 420 1914 suo.
435 1858 542 1914 -Iam
556 1861 667 1917 ducitae
680 1877 717 1916 ex
732 1861 847 1917 litteris.

265 1947 338 2019 Arq.
352 1947 453 2018 Arpuit
464 1947 540 2019 quod
553 1956 670 2005 moestus
689 1956 716 2005 et
734 1950 858 2006 solicitus
871 1951 922 2020 sit,
936 1957 965 2007 et
978 1950 1068 2023 lepide
1082 1967 1157 2006 mor-

303 2042 359 2091 tem
371 2036 516 2092 cuiusdam
531 2037 604 2092 senis
618 2038 832 2094 mediolanensis
845 2044 966 2095 enarrat.

108 2123 158 2197 Ep.
177 2124 223 2180 13.
243 2123 339 2180 limo
352 2137 416 2180 suc.
429 2153 462 2166 —
471 2124 576 2178 Animi
589 2126 633 2178 tui
646 2130 764 2180 statum.

266 2213 338 2286 Any.
353 2211 439 2268 Enixa
459 2213 590 2268 hortatur
608 2218 640 2268 ut
660 2213 802 2268 Socratem
822 2215 851 2269 in
869 2222 990 2271 veterem
1009 2216 1157 2272 amicitiam

301 2302 429 2374 recipiat,
451 2308 480 2358 et
499 2303 574 2358 bunc
592 2303 671 2359 nullo
691 2318 816 2375 unquam
837 2303 920 2360 modo
939 2304 1072 2359 adversus
1092 2318 1157 2358 eum

300 2392 406 2464 aliquid
420 2392 604 2464 obloquutum
619 2393 705 2450 tuisse
718 2393 850 2449 defendit.

106 2481 157 2556 Ep.
177 2480 223 2536 14.
243 2479 340 2538 Lauro
353 2494 417 2537 suo.
432 2510 462 2521 -
475 2481 610 2537 Crescens
624 2483 783 2554 occupatio.

267 2570 341 2642 arn.
356 2569 520 2626 Gratulatus
532 2570 593 2626 eius
607 2587 670 2626 cum
684 2571 796 2627 &crate
809 2569 1024 2642 redintegratam
1044 2567 1158 2623 familia-

303 2658 428 2714 ritatem:
444 2659 623 2731 asperitatem
645 2660 751 2732 byemis
772 2660 965 2732 conqueritur:
990 2660 1109 2731 denique
1127 2675 1158 2717 se

304 2744 339 2801 ab
365 2745 444 2801 omui
467 2761 584 2801 munero
609 2748 639 2801 in
664 2747 741 2802 curia
769 2748 897 2804 obeundo
928 2763 1013 2820 quam
1038 2747 1157 2802 maxime

306 2832 466 2889 abhorrere.

105 2923 155 2996 ssp.
176 2922 221 2977 15.
243 2922 379 2978 Scortari.
390 2921 615 2980 -Iamdudum
626 2925 670 2979 mi
684 2925 827 2982 Socrates.

267 3011 340 3085 dep.
356 3012 437 3078 Quod
450 3012 517 3068 isin
530 3019 651 3070 veterem
664 3014 742 3073 balii
761 3014 910 3070 amicitiam
930 3012 1043 3068 redierit
1056 3009 1157 3081 gaudio

303 3102 395 3174 gestit.

532 3215 639 3278 LlBEll
659 3216 732 3278 lle.

107 3372 159 3446 Ep.
198 3374 226 3428 1.
247 3373 382 3432 Quaero
393 3377 583 3433 Ancmsrrsc.
600 3376 756 3432 Processu
769 3375 907 3431 -Mutta
920 3374 1029 3430 animo.

266 3465 338 3539 dep.
353 3465 472 3522 Litteras
485 3483 555 3539 quas
568 3466 716 3539 scripserat
729 3481 759 3521 se
772 3464 902 3537 prudenti
916 3465 1030 3521 consilio
1048 3462 1157 3518 mittere

303 3556 436 3611 noluisse.

105 3642 156 3716 Ep.
195 3642 223 3698 2.
244 3643 368 3700 lonssur
382 3644 525 3700 Episcopo
541 3645 730 3700 ordonensi.
744 3674 779 3685 —
789 3644 829 3699 Ni
842 3646 903 3700 tuce
916 3643 1035 3697 clarius.

266 3731 339 3803 Arp.
356 3731 399 3788 Ob
413 3732 473 3787 eius
486 3730 706 3787 benevolentiam
720 3738 747 3787 et
760 3739 902 3804 acceptum
918 3731 953 3785 ab
966 3746 999 3783 oo
1014 3726 1156 3799 Diploma,

303 3836 359 3892 quo
382 3820 481 3877 Comes
499 3821 571 3877 sacri
588 3821 681 3893 palatii
699 3821 894 3889 renunciatur,
917 3835 1002 3891 quam
1024 3816 1158 3871 maximas

301 3910 357 3980 agit
371 3910 482 3981 gratias.
770 3978 773 3983 Ι

105 3992 157 4065 Ep.
195 3992 222 4048 3.
244 3991 358 4052 Cascae
372 3995 587 4053 Fortonrvmrtsi.
600 4025 633 4038 —
645 3997 773 4053 Carmen
786 3996 945 4069 eprepium.

266 4082 340 4156 Arp.
354 4082 474 4143 meunt
485 4101 515 4143 se
528 4085 603 4159 quod
623 4086 736 4158 poetice
756 4086 816 4142 eius
835 4085 957 4157 epistola
977 4083 1081 4156 poetice
1099 4096 1156 4136 non

303 4175 483 4247 respondeat,
497 4175 628 4248 quodque
641 4175 761 4248 expetito
774 4174 865 4247 impar
874 4174 910 4230 sit
918 4174 1031 4230 ferendo
1041 4173 1151 4228 auxilio.

107 4258 160 4332 Ep.
197 4258 225 4314 t.
245 4260 469 4325 Banrsonorwo
484 4264 643 4322 Gsuusnsr.
653 4264 835 4321 -Amicum
848 4263 935 4334 faeie.

201 4355 209 4365 '
267 4349 339 4423 Ara.
360 4351 465 4427 lengis
486 4354 647 4428 crebrisque
669 4355 792 4428 epistolis
817 4352 969 4410 scribendis
991 4368 1021 4408 se
1043 4365 1156 4424 operam

304 4439 370 4497 dare
383 4458 441 4499 non
454 4461 546 4517 posse.
