<?xml version="1.0" encoding="UTF-8"?>
<!DOCTYPE html PUBLIC "-//W3C//DTD XHTML 1.0 Transitional//EN"
    "http://www.w3.org/TR/xhtml1/DTD/xhtml1-transitional.dtd">
<html xmlns="http://www.w3.org/1999/xhtml" xml:lang="en" lang="en">
 <head>
  <title>
</title>
<meta http-equiv="Content-Type" content="text/html;charset=utf-8" />
  <meta name='ocr-system' content='tesseract 3.04.00' />
  <meta name='ocr-capabilities' content='ocr_page ocr_carea ocr_par ocr_line ocrx_word'/>
</head>
<body>
  <div class='ocr_page' id='page_1' title='image "./epistolaederebu00fracgoog_0592.png"; bbox 0 0 2692 5024; ppageno 0'>
   <div class='ocr_carea' id='block_1_1' title="bbox 413 638 1224 703">
    <p class='ocr_par' dir='ltr' id='par_1_1' title="bbox 413 638 1224 703">
     <span class='ocr_line' id='line_1_1' title="bbox 413 638 1224 703; baseline 0 -5"><span class='ocrx_word' id='word_1_1' title='bbox 413 651 504 699; x_wconf 76' lang='lat' dir='ltr'>crona</span> <span class='ocrx_word' id='word_1_2' title='bbox 527 650 897 702; x_wconf 74' lang='lat' dir='ltr'>cernuus-nersronr</span> <span class='ocrx_word' id='word_1_3' title='bbox 921 656 960 703; x_wconf 85' lang='lat' dir='ltr'>rr.</span> <span class='ocrx_word' id='word_1_4' title='bbox 1165 638 1224 699; x_wconf 66' lang='lat' dir='ltr'>tao</span> 
     </span>
    </p>
   </div>
   <div class='ocr_carea' id='block_1_2' title="bbox 134 796 1341 2960">
    <p class='ocr_par' dir='ltr' id='par_1_2' title="bbox 145 796 1225 891">
     <span class='ocr_line' id='line_1_2' title="bbox 145 796 1225 891; baseline 0.003 -27"><span class='ocrx_word' id='word_1_5' title='bbox 145 804 214 865; x_wconf 87' lang='lat' dir='ltr'>ost:</span> <span class='ocrx_word' id='word_1_6' title='bbox 234 796 373 876; x_wconf 84' lang='lat' dir='ltr'>sussicit3</span> <span class='ocrx_word' id='word_1_7' title='bbox 392 817 529 888; x_wconf 83' lang='lat' dir='ltr'><strong>semper</strong></span> <span class='ocrx_word' id='word_1_8' title='bbox 547 797 667 867; x_wconf 86' lang='lat' dir='ltr'>nescio</span> <span class='ocrx_word' id='word_1_9' title='bbox 686 799 770 891; x_wconf 91' lang='lat' dir='ltr'>quid</span> <span class='ocrx_word' id='word_1_10' title='bbox 791 798 911 868; x_wconf 87' lang='lat' dir='ltr'>decrit.</span> <span class='ocrx_word' id='word_1_11' title='bbox 932 800 1002 868; x_wconf 84' lang='lat' dir='ltr'>Hoc</span> <span class='ocrx_word' id='word_1_12' title='bbox 1020 797 1125 868; x_wconf 88' lang='lat' dir='ltr'>habet</span> <span class='ocrx_word' id='word_1_13' title='bbox 1141 819 1225 869; x_wconf 86' lang='lat' dir='ltr'>ara-</span> 
     </span>
    </p>

    <p class='ocr_par' dir='ltr' id='par_1_3' title="bbox 144 916 1225 1134">
     <span class='ocr_line' id='line_1_3' title="bbox 145 916 1223 1012; baseline 0.006 -28"><span class='ocrx_word' id='word_1_14' title='bbox 145 916 222 987; x_wconf 87' lang='lat' dir='ltr'>ritia</span> <span class='ocrx_word' id='word_1_15' title='bbox 247 917 424 1009; x_wconf 91' lang='lat' dir='ltr'>proprium</span> <span class='ocrx_word' id='word_1_16' title='bbox 451 940 491 988; x_wconf 86' lang='lat' dir='ltr'>ac</span> <span class='ocrx_word' id='word_1_17' title='bbox 517 919 729 1012; x_wconf 86' lang='lat' dir='ltr'>pessimum:</span> <span class='ocrx_word' id='word_1_18' title='bbox 757 919 962 990; x_wconf 85' lang='lat' dir='ltr'>insatiabilis</span> <span class='ocrx_word' id='word_1_19' title='bbox 988 931 1053 1003; x_wconf 90' lang='lat' dir='ltr'>est,</span> <span class='ocrx_word' id='word_1_20' title='bbox 1081 930 1116 990; x_wconf 90' lang='lat' dir='ltr'>et</span> <span class='ocrx_word' id='word_1_21' title='bbox 1140 919 1223 990; x_wconf 92' lang='lat' dir='ltr'>dum</span> 
     </span>
     <span class='ocr_line' id='line_1_4' title="bbox 144 1039 1225 1134; baseline 0.003 -27"><span class='ocrx_word' id='word_1_22' title='bbox 144 1039 312 1129; x_wconf 90' lang='lat' dir='ltr'>promittit</span> <span class='ocrx_word' id='word_1_23' title='bbox 332 1039 501 1123; x_wconf 84' lang='lat' dir='ltr'>absentia,</span> <span class='ocrx_word' id='word_1_24' title='bbox 525 1039 755 1134; x_wconf 81' lang='lat' dir='ltr'>praesentinus</span> <span class='ocrx_word' id='word_1_25' title='bbox 777 1041 826 1111; x_wconf 92' lang='lat' dir='ltr'>uti</span> <span class='ocrx_word' id='word_1_26' title='bbox 848 1050 953 1112; x_wconf 90' lang='lat' dir='ltr'>vetat.</span> <span class='ocrx_word' id='word_1_27' title='bbox 973 1042 1055 1112; x_wconf 86' lang='lat' dir='ltr'>Haec</span> <span class='ocrx_word' id='word_1_28' title='bbox 1073 1041 1225 1113; x_wconf 84' lang='lat' dir='ltr'>habendi</span> 
     </span>
    </p>

    <p class='ocr_par' dir='ltr' id='par_1_4' title="bbox 141 1160 1225 1620">
     <span class='ocr_line' id='line_1_5' title="bbox 144 1160 1225 1256; baseline 0.003 -28"><span class='ocrx_word' id='word_1_29' title='bbox 144 1160 221 1230; x_wconf 88' lang='lat' dir='ltr'>sitis</span> <span class='ocrx_word' id='word_1_30' title='bbox 242 1183 419 1253; x_wconf 91' lang='lat' dir='ltr'>nunquam</span> <span class='ocrx_word' id='word_1_31' title='bbox 441 1165 539 1253; x_wconf 90' lang='lat' dir='ltr'>plura</span> <span class='ocrx_word' id='word_1_32' title='bbox 559 1165 763 1254; x_wconf 81' lang='lat' dir='ltr'>quaerendO,</span> <span class='ocrx_word' id='word_1_33' title='bbox 787 1165 849 1235; x_wconf 90' lang='lat' dir='ltr'>scd</span> <span class='ocrx_word' id='word_1_34' title='bbox 877 1165 1040 1256; x_wconf 83' lang='lat' dir='ltr'>pauciora</span> <span class='ocrx_word' id='word_1_35' title='bbox 1065 1162 1225 1255; x_wconf 87' lang='lat' dir='ltr'>concupi-</span> 
     </span>
     <span class='ocr_line' id='line_1_6' title="bbox 144 1281 1222 1375; baseline 0.002 -25"><span class='ocrx_word' id='word_1_36' title='bbox 144 1282 275 1353; x_wconf 88' lang='lat' dir='ltr'>scendo</span> <span class='ocrx_word' id='word_1_37' title='bbox 306 1281 495 1352; x_wconf 84' lang='lat' dir='ltr'>sedabitur.</span> <span class='ocrx_word' id='word_1_38' title='bbox 524 1283 648 1365; x_wconf 81' lang='lat' dir='ltr'>Crede,</span> <span class='ocrx_word' id='word_1_39' title='bbox 676 1306 745 1354; x_wconf 93' lang='lat' dir='ltr'>non</span> <span class='ocrx_word' id='word_1_40' title='bbox 771 1284 870 1368; x_wconf 87' lang='lat' dir='ltr'>mihi,</span> <span class='ocrx_word' id='word_1_41' title='bbox 894 1284 959 1355; x_wconf 91' lang='lat' dir='ltr'>sed</span> <span class='ocrx_word' id='word_1_42' title='bbox 990 1282 1222 1375; x_wconf 86' lang='lat' dir='ltr'>philosophis,</span> 
     </span>
     <span class='ocr_line' id='line_1_7' title="bbox 142 1391 1225 1494; baseline 0.001 -22"><span class='ocrx_word' id='word_1_43' title='bbox 142 1425 289 1494; x_wconf 91' lang='lat' dir='ltr'>quorum</span> <span class='ocrx_word' id='word_1_44' title='bbox 312 1391 389 1473; x_wconf 84' lang='lat' dir='ltr'>haec</span> <span class='ocrx_word' id='word_1_45' title='bbox 410 1403 456 1474; x_wconf 90' lang='lat' dir='ltr'>ad</span> <span class='ocrx_word' id='word_1_46' title='bbox 480 1425 582 1474; x_wconf 89' lang='lat' dir='ltr'>veras</span> <span class='ocrx_word' id='word_1_47' title='bbox 607 1403 748 1476; x_wconf 92' lang='lat' dir='ltr'>divitias</span> <span class='ocrx_word' id='word_1_48' title='bbox 775 1406 832 1476; x_wconf 90' lang='lat' dir='ltr'>via</span> <span class='ocrx_word' id='word_1_49' title='bbox 858 1414 922 1477; x_wconf 89' lang='lat' dir='ltr'>est.</span> <span class='ocrx_word' id='word_1_50' title='bbox 957 1404 1057 1488; x_wconf 89' lang='lat' dir='ltr'>Quod</span> <span class='ocrx_word' id='word_1_51' title='bbox 1090 1402 1135 1475; x_wconf 89' lang='lat' dir='ltr'>ad</span> <span class='ocrx_word' id='word_1_52' title='bbox 1168 1425 1225 1473; x_wconf 89' lang='lat' dir='ltr'>me</span> 
     </span>
     <span class='ocr_line' id='line_1_8' title="bbox 141 1522 1225 1620; baseline -0.004 -24"><span class='ocrx_word' id='word_1_53' title='bbox 141 1525 274 1607; x_wconf 85' lang='lat' dir='ltr'>attinet,</span> <span class='ocrx_word' id='word_1_54' title='bbox 297 1522 545 1618; x_wconf 83' lang='lat' dir='ltr'>cupiditatibus</span> <span class='ocrx_word' id='word_1_55' title='bbox 566 1535 693 1596; x_wconf 87' lang='lat' dir='ltr'>metam</span> <span class='ocrx_word' id='word_1_56' title='bbox 715 1525 791 1610; x_wconf 81' lang='lat' dir='ltr'>fixi,</span> <span class='ocrx_word' id='word_1_57' title='bbox 814 1539 849 1598; x_wconf 86' lang='lat' dir='ltr'>et</span> <span class='ocrx_word' id='word_1_58' title='bbox 869 1528 998 1599; x_wconf 85' lang='lat' dir='ltr'>oraculi</span> <span class='ocrx_word' id='word_1_59' title='bbox 1021 1528 1095 1599; x_wconf 90' lang='lat' dir='ltr'>loco</span> <span class='ocrx_word' id='word_1_60' title='bbox 1116 1523 1225 1620; x_wconf 87' lang='lat' dir='ltr'>poeti-</span> 
     </span>
    </p>

    <p class='ocr_par' dir='ltr' id='par_1_5' title="bbox 134 1646 1341 2960">
     <span class='ocr_line' id='line_1_9' title="bbox 140 1646 1341 1742; baseline 0 -25"><span class='ocrx_word' id='word_1_61' title='bbox 140 1669 220 1717; x_wconf 90' lang='lat' dir='ltr'>cum</span> <span class='ocrx_word' id='word_1_62' title='bbox 244 1646 327 1717; x_wconf 87' lang='lat' dir='ltr'>iliud</span> <span class='ocrx_word' id='word_1_63' title='bbox 347 1646 534 1739; x_wconf 89' lang='lat' dir='ltr'>accipiens,</span> <span class='ocrx_word' id='word_1_64' title='bbox 557 1668 683 1740; x_wconf 79' lang='lat' dir='ltr'><strong><em>semper</em></strong></span> <span class='ocrx_word' id='word_1_65' title='bbox 709 1671 833 1718; x_wconf 81' lang='lat' dir='ltr'>avaros</span> <span class='ocrx_word' id='word_1_66' title='bbox 858 1662 940 1740; x_wconf 70' lang='lat' dir='ltr'>eget,</span> <span class='ocrx_word' id='word_1_67' title='bbox 968 1671 1013 1720; x_wconf 88' lang='lat' dir='ltr'>ne</span> <span class='ocrx_word' id='word_1_68' title='bbox 1038 1650 1113 1742; x_wconf 86' lang='lat' dir='ltr'>ipse</span> <span class='ocrx_word' id='word_1_69' title='bbox 1137 1669 1225 1740; x_wconf 80' lang='lat' dir='ltr'>quo</span> <span class='ocrx_word' id='word_1_70' title='bbox 1338 1691 1341 1695; x_wconf 87' lang='lat'><strong>·</strong></span> 
     </span>
     <span class='ocr_line' id='line_1_10' title="bbox 139 1770 1225 1865; baseline -0.001 -27"><span class='ocrx_word' id='word_1_71' title='bbox 139 1790 209 1862; x_wconf 84' lang='lat' dir='ltr'>que</span> <span class='ocrx_word' id='word_1_72' title='bbox 242 1789 380 1861; x_wconf 88' lang='lat' dir='ltr'>sempor</span> <span class='ocrx_word' id='word_1_73' title='bbox 412 1790 550 1859; x_wconf 87' lang='lat' dir='ltr'>egeam,</span> <span class='ocrx_word' id='word_1_74' title='bbox 585 1770 679 1863; x_wconf 93' lang='lat' dir='ltr'>quod</span> <span class='ocrx_word' id='word_1_75' title='bbox 706 1772 864 1865; x_wconf 85' lang='lat' dir='ltr'>sequitur</span> <span class='ocrx_word' id='word_1_76' title='bbox 888 1774 974 1843; x_wconf 86' lang='lat' dir='ltr'>soci:</span> <span class='ocrx_word' id='word_1_77' title='bbox 1002 1783 1124 1841; x_wconf 81' lang='lat' dir='ltr'>certo—m</span> <span class='ocrx_word' id='word_1_78' title='bbox 1150 1781 1225 1838; x_wconf 86' lang='lat' dir='ltr'>octo</span> 
     </span>
     <span class='ocr_line' id='line_1_11' title="bbox 137 1889 1224 1985; baseline 0.001 -27"><span class='ocrx_word' id='word_1_79' title='bbox 137 1892 239 1982; x_wconf 76' lang='lat' dir='ltr'>finem</span> <span class='ocrx_word' id='word_1_80' title='bbox 269 1892 365 1982; x_wconf 85' lang='lat' dir='ltr'>petii,</span> <span class='ocrx_word' id='word_1_81' title='bbox 400 1910 553 1981; x_wconf 89' lang='lat' dir='ltr'>cumque</span> <span class='ocrx_word' id='word_1_82' title='bbox 580 1889 796 1985; x_wconf 87' lang='lat' dir='ltr'>iampridem,</span> <span class='ocrx_word' id='word_1_83' title='bbox 824 1893 901 1964; x_wconf 87' lang='lat' dir='ltr'>licet</span> <span class='ocrx_word' id='word_1_84' title='bbox 927 1890 1129 1963; x_wconf 86' lang='lat' dir='ltr'>reflantibus</span> <span class='ocrx_word' id='word_1_85' title='bbox 1155 1892 1224 1961; x_wconf 82' lang='lat' dir='ltr'>for·</span> 
     </span>
     <span class='ocr_line' id='line_1_12' title="bbox 141 2011 1223 2103; baseline -0.002 -21"><span class='ocrx_word' id='word_1_86' title='bbox 141 2025 235 2084; x_wconf 86' lang='lat' dir='ltr'>tunae</span> <span class='ocrx_word' id='word_1_87' title='bbox 268 2012 398 2096; x_wconf 84' lang='lat' dir='ltr'>ventis,</span> <span class='ocrx_word' id='word_1_88' title='bbox 433 2012 541 2103; x_wconf 87' lang='lat' dir='ltr'>attigi.</span> <span class='ocrx_word' id='word_1_89' title='bbox 569 2013 641 2084; x_wconf 88' lang='lat' dir='ltr'>Nec</span> <span class='ocrx_word' id='word_1_90' title='bbox 663 2012 810 2084; x_wconf 86' lang='lat' dir='ltr'>verebor</span> <span class='ocrx_word' id='word_1_91' title='bbox 843 2035 887 2084; x_wconf 87' lang='lat' dir='ltr'>ne</span> <span class='ocrx_word' id='word_1_92' title='bbox 922 2012 1006 2083; x_wconf 94' lang='lat' dir='ltr'>mihi</span> <span class='ocrx_word' id='word_1_93' title='bbox 1040 2011 1223 2102; x_wconf 85' lang='lat' dir='ltr'>segnitiem</span> 
     </span>
     <span class='ocr_line' id='line_1_13' title="bbox 139 2133 1223 2221; baseline -0.002 -17"><span class='ocrx_word' id='word_1_94' title='bbox 139 2156 239 2205; x_wconf 91' lang='lat' dir='ltr'>meus</span> <span class='ocrx_word' id='word_1_95' title='bbox 266 2133 368 2206; x_wconf 88' lang='lat' dir='ltr'>heres</span> <span class='ocrx_word' id='word_1_96' title='bbox 393 2133 541 2205; x_wconf 90' lang='lat' dir='ltr'>obiiciat.</span> <span class='ocrx_word' id='word_1_97' title='bbox 576 2133 660 2204; x_wconf 87' lang='lat' dir='ltr'>Mihi</span> <span class='ocrx_word' id='word_1_98' title='bbox 694 2135 791 2220; x_wconf 90' lang='lat' dir='ltr'>vivo,</span> <span class='ocrx_word' id='word_1_99' title='bbox 824 2156 893 2206; x_wconf 92' lang='lat' dir='ltr'>non</span> <span class='ocrx_word' id='word_1_100' title='bbox 925 2134 1006 2221; x_wconf 90' lang='lat' dir='ltr'>sibi,</span> <span class='ocrx_word' id='word_1_101' title='bbox 1041 2144 1077 2205; x_wconf 85' lang='lat' dir='ltr'>et</span> <span class='ocrx_word' id='word_1_102' title='bbox 1105 2154 1223 2205; x_wconf 87' lang='lat' dir='ltr'>rerum</span> 
     </span>
     <span class='ocr_line' id='line_1_14' title="bbox 138 2256 1333 2348; baseline -0.001 -21"><span class='ocrx_word' id='word_1_103' title='bbox 138 2278 294 2327; x_wconf 85' lang='lat' dir='ltr'>mearum</span> <span class='ocrx_word' id='word_1_104' title='bbox 327 2279 406 2327; x_wconf 90' lang='lat' dir='ltr'>cum</span> <span class='ocrx_word' id='word_1_105' title='bbox 432 2257 553 2328; x_wconf 92' lang='lat' dir='ltr'>amicis</span> <span class='ocrx_word' id='word_1_106' title='bbox 580 2256 759 2342; x_wconf 86' lang='lat' dir='ltr'>dominus,</span> <span class='ocrx_word' id='word_1_107' title='bbox 787 2279 856 2329; x_wconf 94' lang='lat' dir='ltr'>non</span> <span class='ocrx_word' id='word_1_108' title='bbox 883 2259 1101 2348; x_wconf 88' lang='lat' dir='ltr'>negotiorum</span> <span class='ocrx_word' id='word_1_109' title='bbox 1127 2258 1220 2341; x_wconf 79' lang='lat' dir='ltr'>eiuS,</span> <span class='ocrx_word' id='word_1_110' title='bbox 1330 2258 1333 2263; x_wconf 85' lang='grc'><strong>’</strong></span> 
     </span>
     <span class='ocr_line' id='line_1_15' title="bbox 137 2378 1220 2472; baseline -0.002 -23"><span class='ocrx_word' id='word_1_111' title='bbox 137 2380 197 2471; x_wconf 90' lang='lat' dir='ltr'>qui</span> <span class='ocrx_word' id='word_1_112' title='bbox 217 2379 372 2450; x_wconf 89' lang='lat' dir='ltr'>nondum</span> <span class='ocrx_word' id='word_1_113' title='bbox 392 2387 485 2449; x_wconf 89' lang='lat' dir='ltr'>certe</span> <span class='ocrx_word' id='word_1_114' title='bbox 507 2378 590 2447; x_wconf 87' lang='lat' dir='ltr'>mihi</span> <span class='ocrx_word' id='word_1_115' title='bbox 619 2379 791 2464; x_wconf 87' lang='lat' dir='ltr'>noscitur,</span> <span class='ocrx_word' id='word_1_116' title='bbox 820 2401 899 2449; x_wconf 93' lang='lat' dir='ltr'>sum</span> <span class='ocrx_word' id='word_1_117' title='bbox 920 2388 1050 2472; x_wconf 87' lang='lat' dir='ltr'>gestor.</span> <span class='ocrx_word' id='word_1_118' title='bbox 1077 2381 1144 2450; x_wconf 91' lang='lat' dir='ltr'>Pro</span> <span class='ocrx_word' id='word_1_119' title='bbox 1166 2399 1220 2448; x_wconf 91' lang='lat' dir='ltr'>mo</span> 
     </span>
     <span class='ocr_line' id='line_1_16' title="bbox 137 2500 1221 2595; baseline -0.002 -23"><span class='ocrx_word' id='word_1_120' title='bbox 137 2511 252 2573; x_wconf 89' lang='lat' dir='ltr'>autem</span> <span class='ocrx_word' id='word_1_121' title='bbox 270 2501 354 2593; x_wconf 90' lang='lat' dir='ltr'>quid</span> <span class='ocrx_word' id='word_1_122' title='bbox 372 2501 454 2570; x_wconf 90' lang='lat' dir='ltr'>mihi</span> <span class='ocrx_word' id='word_1_123' title='bbox 475 2510 653 2592; x_wconf 87' lang='lat' dir='ltr'>tantopore</span> <span class='ocrx_word' id='word_1_124' title='bbox 671 2500 926 2573; x_wconf 77' lang='lat' dir='ltr'>laborandum?</span> <span class='ocrx_word' id='word_1_125' title='bbox 942 2501 1093 2595; x_wconf 85' lang='lat' dir='ltr'>Expedit</span> <span class='ocrx_word' id='word_1_126' title='bbox 1112 2520 1221 2592; x_wconf 87' lang='lat' dir='ltr'>expc-</span> 
     </span>
     <span class='ocr_line' id='line_1_17' title="bbox 136 2622 1221 2718; baseline -0.001 -23"><span class='ocrx_word' id='word_1_127' title='bbox 136 2624 246 2695; x_wconf 92' lang='lat' dir='ltr'>ditum</span> <span class='ocrx_word' id='word_1_128' title='bbox 276 2646 357 2694; x_wconf 90' lang='lat' dir='ltr'>ossc</span> <span class='ocrx_word' id='word_1_129' title='bbox 391 2622 558 2718; x_wconf 92' lang='lat' dir='ltr'>impedito</span> <span class='ocrx_word' id='word_1_130' title='bbox 587 2623 712 2694; x_wconf 85' lang='lat' dir='ltr'>itinere</span> <span class='ocrx_word' id='word_1_131' title='bbox 744 2624 975 2717; x_wconf 81' lang='lat' dir='ltr'>gradientem.</span> <span class='ocrx_word' id='word_1_132' title='bbox 1005 2624 1098 2708; x_wconf 85' lang='lat' dir='ltr'>Quid</span> <span class='ocrx_word' id='word_1_133' title='bbox 1128 2645 1221 2696; x_wconf 93' lang='lat' dir='ltr'>nunc</span> 
     </span>
     <span class='ocr_line' id='line_1_18' title="bbox 134 2746 1218 2840; baseline -0.001 -22"><span class='ocrx_word' id='word_1_134' title='bbox 134 2749 238 2819; x_wconf 87' lang='lat' dir='ltr'>etiam</span> <span class='ocrx_word' id='word_1_135' title='bbox 260 2748 398 2818; x_wconf 80' lang='lat' dir='ltr'>inutiles</span> <span class='ocrx_word' id='word_1_136' title='bbox 426 2756 461 2817; x_wconf 90' lang='lat' dir='ltr'>et</span> <span class='ocrx_word' id='word_1_137' title='bbox 485 2751 643 2818; x_wconf 74' lang='lat' dir='ltr'>funestas</span> <span class='ocrx_word' id='word_1_138' title='bbox 669 2747 863 2819; x_wconf 89' lang='lat' dir='ltr'>sarcinulas</span> <span class='ocrx_word' id='word_1_139' title='bbox 889 2747 1115 2840; x_wconf 80' lang='lat' dir='ltr'>cogitamus?</span> <span class='ocrx_word' id='word_1_140' title='bbox 1140 2746 1218 2817; x_wconf 86' lang='lat' dir='ltr'>Eie-</span> 
     </span>
     <span class='ocr_line' id='line_1_19' title="bbox 137 2871 508 2960; baseline -0.005 -21"><span class='ocrx_word' id='word_1_141' title='bbox 137 2879 259 2960; x_wconf 84' lang='lat' dir='ltr'>ganter</span> <span class='ocrx_word' id='word_1_142' title='bbox 279 2871 327 2939; x_wconf 88' lang='lat' dir='ltr'>ait</span> <span class='ocrx_word' id='word_1_143' title='bbox 348 2871 508 2941; x_wconf 85' lang='lat' dir='ltr'>Flaccus:</span> 
     </span>
    </p>
   </div>
   <div class='ocr_carea' id='block_1_3' title="bbox 456 3046 865 3225">
    <p class='ocr_par' dir='ltr' id='par_1_6' title="bbox 456 3046 865 3225">
     <span class='ocr_line' id='line_1_20' title="bbox 659 3046 865 3127; baseline 0.005 -18"><span class='ocrx_word' id='word_1_144' title='bbox 659 3046 760 3127; x_wconf 90' lang='lat' dir='ltr'>Spatio</span> <span class='ocrx_word' id='word_1_145' title='bbox 778 3047 865 3110; x_wconf 81' lang='lat' dir='ltr'>brevi</span> 
     </span>
     <span class='ocr_line' id='line_1_21' title="bbox 456 3145 827 3225; baseline 0.005 -18"><span class='ocrx_word' id='word_1_146' title='bbox 456 3145 545 3225; x_wconf 86' lang='lat' dir='ltr'>Spem</span> <span class='ocrx_word' id='word_1_147' title='bbox 562 3147 683 3223; x_wconf 87' lang='lat' dir='ltr'>longam</span> <span class='ocrx_word' id='word_1_148' title='bbox 700 3162 827 3210; x_wconf 85' lang='lat' dir='ltr'>reseres.</span> 
     </span>
    </p>
   </div>
   <div class='ocr_carea' id='block_1_4' title="bbox 136 3345 1217 3553">
    <p class='ocr_par' dir='ltr' id='par_1_7' title="bbox 136 3345 1217 3553">
     <span class='ocr_line' id='line_1_22' title="bbox 136 3345 1217 3445; baseline 0.005 -27"><span class='ocrx_word' id='word_1_149' title='bbox 136 3349 174 3421; x_wconf 82' lang='lat' dir='ltr'>ld</span> <span class='ocrx_word' id='word_1_150' title='bbox 195 3370 238 3418; x_wconf 89' lang='lat' dir='ltr'>ne</span> <span class='ocrx_word' id='word_1_151' title='bbox 259 3355 375 3418; x_wconf 90' lang='lat' dir='ltr'>autem</span> <span class='ocrx_word' id='word_1_152' title='bbox 396 3345 441 3416; x_wconf 88' lang='lat' dir='ltr'>do</span> <span class='ocrx_word' id='word_1_153' title='bbox 462 3346 561 3418; x_wconf 87' lang='lat' dir='ltr'>brevi</span> <span class='ocrx_word' id='word_1_154' title='bbox 585 3349 700 3441; x_wconf 82' lang='lat' dir='ltr'>aliqua</span> <span class='ocrx_word' id='word_1_155' title='bbox 718 3350 802 3422; x_wconf 83' lang='lat' dir='ltr'>vitae</span> <span class='ocrx_word' id='word_1_156' title='bbox 820 3351 987 3444; x_wconf 81' lang='lat' dir='ltr'>particula</span> <span class='ocrx_word' id='word_1_157' title='bbox 1004 3352 1135 3425; x_wconf 92' lang='lat' dir='ltr'>dictum</span> <span class='ocrx_word' id='word_1_158' title='bbox 1152 3375 1217 3445; x_wconf 91' lang='lat' dir='ltr'>pu-</span> 
     </span>
     <span class='ocr_line' id='line_1_23' title="bbox 136 3467 1078 3553; baseline 0.004 -14"><span class='ocrx_word' id='word_1_159' title='bbox 136 3482 187 3539; x_wconf 85' lang='lat' dir='ltr'>tes</span> <span class='ocrx_word' id='word_1_160' title='bbox 207 3480 242 3539; x_wconf 93' lang='lat' dir='ltr'>et</span> <span class='ocrx_word' id='word_1_161' title='bbox 263 3489 331 3538; x_wconf 95' lang='lat' dir='ltr'>non</span> <span class='ocrx_word' id='word_1_162' title='bbox 351 3467 396 3538; x_wconf 91' lang='lat' dir='ltr'>de</span> <span class='ocrx_word' id='word_1_163' title='bbox 421 3479 489 3539; x_wconf 92' lang='lat' dir='ltr'>tota</span> <span class='ocrx_word' id='word_1_164' title='bbox 511 3469 599 3553; x_wconf 87' lang='lat' dir='ltr'>vita,</span> <span class='ocrx_word' id='word_1_165' title='bbox 621 3470 689 3541; x_wconf 88' lang='lat' dir='ltr'>alio</span> <span class='ocrx_word' id='word_1_166' title='bbox 711 3472 783 3542; x_wconf 86' lang='lat' dir='ltr'>ioco</span> <span class='ocrx_word' id='word_1_167' title='bbox 804 3473 852 3543; x_wconf 91' lang='lat' dir='ltr'>ait</span> <span class='ocrx_word' id='word_1_168' title='bbox 873 3473 982 3544; x_wconf 90' lang='lat' dir='ltr'>idem:</span> <span class='ocrx_word' id='word_1_169' title='bbox 1073 3521 1078 3532; x_wconf 74' lang='lat'><em>·</em></span> 
     </span>
    </p>
   </div>
   <div class='ocr_carea' id='block_1_5' title="bbox 454 3675 1021 3852">
    <p class='ocr_par' dir='ltr' id='par_1_8' title="bbox 454 3675 1021 3852">
     <span class='ocr_line' id='line_1_24' title="bbox 455 3675 790 3741; baseline 0.012 -4"><span class='ocrx_word' id='word_1_170' title='bbox 455 3675 529 3738; x_wconf 84' lang='lat' dir='ltr'>Vitae</span> <span class='ocrx_word' id='word_1_171' title='bbox 546 3693 669 3739; x_wconf 85' lang='lat' dir='ltr'>summa</span> <span class='ocrx_word' id='word_1_172' title='bbox 685 3679 790 3741; x_wconf 88' lang='lat' dir='ltr'>brevis</span> 
     </span>
     <span class='ocr_line' id='line_1_25' title="bbox 454 3771 1021 3852; baseline 0.005 -19"><span class='ocrx_word' id='word_1_173' title='bbox 454 3771 544 3851; x_wconf 87' lang='lat' dir='ltr'>Spem</span> <span class='ocrx_word' id='word_1_174' title='bbox 562 3788 617 3836; x_wconf 91' lang='lat' dir='ltr'>nos</span> <span class='ocrx_word' id='word_1_175' title='bbox 634 3781 716 3837; x_wconf 88' lang='lat' dir='ltr'>vetat</span> <span class='ocrx_word' id='word_1_176' title='bbox 733 3776 875 3838; x_wconf 84' lang='lat' dir='ltr'>inchoare</span> <span class='ocrx_word' id='word_1_177' title='bbox 892 3777 1021 3852; x_wconf 84' lang='lat' dir='ltr'>longam.</span> 
     </span>
    </p>
   </div>
   <div class='ocr_carea' id='block_1_6' title="bbox 129 3956 1255 4541">
    <p class='ocr_par' dir='ltr' id='par_1_9' title="bbox 129 3956 1255 4541">
     <span class='ocr_line' id='line_1_26' title="bbox 133 3956 1212 4039; baseline 0.007 -15"><span class='ocrx_word' id='word_1_178' title='bbox 133 3957 181 4026; x_wconf 87' lang='lat' dir='ltr'>ita</span> <span class='ocrx_word' id='word_1_179' title='bbox 201 3965 270 4038; x_wconf 88' lang='lat' dir='ltr'>est;</span> <span class='ocrx_word' id='word_1_180' title='bbox 298 3975 366 4025; x_wconf 87' lang='lat' dir='ltr'>non</span> <span class='ocrx_word' id='word_1_181' title='bbox 392 3956 532 4039; x_wconf 79' lang='lat' dir='ltr'>fallitur3</span> <span class='ocrx_word' id='word_1_182' title='bbox 560 3956 644 4027; x_wconf 87' lang='lat' dir='ltr'>nihii</span> <span class='ocrx_word' id='word_1_183' title='bbox 669 3965 726 4028; x_wconf 85' lang='lat' dir='ltr'>est</span> <span class='ocrx_word' id='word_1_184' title='bbox 752 3959 883 4028; x_wconf 80' lang='lat' dir='ltr'>verius.</span> <span class='ocrx_word' id='word_1_185' title='bbox 910 3957 985 4029; x_wconf 91' lang='lat' dir='ltr'>Etsi</span> <span class='ocrx_word' id='word_1_186' title='bbox 1010 3959 1102 4028; x_wconf 92' lang='lat' dir='ltr'>enim</span> <span class='ocrx_word' id='word_1_187' title='bbox 1131 3960 1212 4032; x_wconf 84' lang='lat' dir='ltr'>vitae</span> 
     </span>
     <span class='ocr_line' id='line_1_27' title="bbox 132 4077 1212 4170; baseline 0.006 -25"><span class='ocrx_word' id='word_1_188' title='bbox 132 4077 235 4148; x_wconf 86' lang='lat' dir='ltr'>huius</span> <span class='ocrx_word' id='word_1_189' title='bbox 256 4077 448 4170; x_wconf 87' lang='lat' dir='ltr'>angustias,</span> <span class='ocrx_word' id='word_1_190' title='bbox 467 4099 538 4170; x_wconf 90' lang='lat' dir='ltr'>quo</span> <span class='ocrx_word' id='word_1_191' title='bbox 555 4099 743 4170; x_wconf 90' lang='lat' dir='ltr'>possumus</span> <span class='ocrx_word' id='word_1_192' title='bbox 770 4081 888 4164; x_wconf 89' lang='lat' dir='ltr'>modo,</span> <span class='ocrx_word' id='word_1_193' title='bbox 911 4089 1054 4152; x_wconf 84' lang='lat' dir='ltr'>aetatum</span> <span class='ocrx_word' id='word_1_194' title='bbox 1082 4082 1212 4154; x_wconf 84' lang='lat' dir='ltr'>scilicet</span> 
     </span>
     <span class='ocr_line' id='line_1_28' title="bbox 131 4182 1210 4296; baseline 0.005 -25"><span class='ocrx_word' id='word_1_195' title='bbox 131 4220 278 4290; x_wconf 87' lang='lat' dir='ltr'>opemsa</span> <span class='ocrx_word' id='word_1_196' title='bbox 290 4199 509 4271; x_wconf 89' lang='lat' dir='ltr'>distinctione</span> <span class='ocrx_word' id='word_1_197' title='bbox 522 4182 693 4286; x_wconf 83' lang='lat' dir='ltr'>laxemus,</span> <span class='ocrx_word' id='word_1_198' title='bbox 706 4211 741 4272; x_wconf 89' lang='lat' dir='ltr'>et</span> <span class='ocrx_word' id='word_1_199' title='bbox 753 4201 788 4272; x_wconf 92' lang='lat' dir='ltr'>in</span> <span class='ocrx_word' id='word_1_200' title='bbox 798 4203 1033 4296; x_wconf 88' lang='lat' dir='ltr'>quantaslibet</span> <span class='ocrx_word' id='word_1_201' title='bbox 1046 4202 1210 4276; x_wconf 91' lang='lat' dir='ltr'>minutias</span> 
     </span>
     <span class='ocr_line' id='line_1_29' title="bbox 130 4321 1210 4418; baseline 0.007 -27"><span class='ocrx_word' id='word_1_202' title='bbox 130 4321 345 4406; x_wconf 88' lang='lat' dir='ltr'>dividamus,</span> <span class='ocrx_word' id='word_1_203' title='bbox 366 4323 472 4394; x_wconf 89' lang='lat' dir='ltr'>reduc</span> <span class='ocrx_word' id='word_1_204' title='bbox 494 4323 661 4392; x_wconf 88' lang='lat' dir='ltr'>tamenin</span> <span class='ocrx_word' id='word_1_205' title='bbox 684 4345 788 4394; x_wconf 89' lang='lat' dir='ltr'>unam</span> <span class='ocrx_word' id='word_1_206' title='bbox 805 4337 928 4398; x_wconf 87' lang='lat' dir='ltr'>cuncta</span> <span class='ocrx_word' id='word_1_207' title='bbox 946 4326 1154 4418; x_wconf 80' lang='lat' dir='ltr'>congeriem,</span> <span class='ocrx_word' id='word_1_208' title='bbox 1175 4341 1210 4399; x_wconf 85' lang='lat' dir='ltr'>et</span> 
     </span>
     <span class='ocr_line' id='line_1_30' title="bbox 129 4442 1255 4541; baseline 0.004 -28"><span class='ocrx_word' id='word_1_209' title='bbox 129 4444 302 4516; x_wconf 86' lang='lat' dir='ltr'>curiosius</span> <span class='ocrx_word' id='word_1_210' title='bbox 317 4445 429 4514; x_wconf 89' lang='lat' dir='ltr'>scissa</span> <span class='ocrx_word' id='word_1_211' title='bbox 440 4442 690 4533; x_wconf 73' lang='lat' dir='ltr'>redintegrans</span> <span class='ocrx_word' id='word_1_212' title='bbox 704 4445 843 4537; x_wconf 91' lang='lat' dir='ltr'>aprimo</span> <span class='ocrx_word' id='word_1_213' title='bbox 854 4448 898 4518; x_wconf 90' lang='lat' dir='ltr'>ad</span> <span class='ocrx_word' id='word_1_214' title='bbox 911 4448 1208 4541; x_wconf 79' lang='lat' dir='ltr'>ultimumquam-</span> <span class='ocrx_word' id='word_1_215' title='bbox 1251 4462 1255 4470; x_wconf 86' lang='lat'><em>·</em></span> 
     </span>
    </p>
   </div>
   <div class='ocr_carea' id='block_1_7' title="bbox 0 0 1350 5024">
    <p class='ocr_par' dir='ltr' id='par_1_10' title="bbox 0 0 1350 5024">
     <span class='ocr_line' id='line_1_31' title="bbox 0 0 1350 5024; baseline 0 5"><span class='ocrx_word' id='word_1_216' title='bbox 0 0 1350 5024; x_wconf 95' lang='lat' dir='ltr'> </span> 
     </span>
    </p>
   </div>
  </div>
 </body>
</html>
