<?xml version="1.0" encoding="UTF-8"?>
<!DOCTYPE html PUBLIC "-//W3C//DTD XHTML 1.0 Transitional//EN"
    "http://www.w3.org/TR/xhtml1/DTD/xhtml1-transitional.dtd">
<html xmlns="http://www.w3.org/1999/xhtml" xml:lang="en" lang="en">
 <head>
  <title>
</title>
<meta http-equiv="Content-Type" content="text/html;charset=utf-8" />
  <meta name='ocr-system' content='tesseract 3.04.00' />
  <meta name='ocr-capabilities' content='ocr_page ocr_carea ocr_par ocr_line ocrx_word'/>
</head>
<body>
  <div class='ocr_page' id='page_1' title='image "./epistolaederebu00fracgoog_0029.png"; bbox 0 0 2692 5024; ppageno 0'>
   <div class='ocr_carea' id='block_1_1' title="bbox 287 691 958 741">
    <p class='ocr_par' dir='ltr' id='par_1_1' title="bbox 287 691 958 741">
     <span class='ocr_line' id='line_1_1' title="bbox 287 691 958 741; baseline 0 -2"><span class='ocrx_word' id='word_1_1' title='bbox 287 693 350 740; x_wconf 73' lang='lat' dir='ltr'>xxii</span> <span class='ocrx_word' id='word_1_2' title='bbox 695 691 958 741; x_wconf 69' lang='lat' dir='ltr'><strong>PROLEGOHENON.</strong></span> 
     </span>
    </p>
   </div>
   <div class='ocr_carea' id='block_1_2' title="bbox 286 831 1345 906">
    <p class='ocr_par' dir='ltr' id='par_1_2' title="bbox 286 831 1345 906">
     <span class='ocr_line' id='line_1_2' title="bbox 286 831 1345 906; baseline 0.006 -20"><span class='ocrx_word' id='word_1_3' title='bbox 286 835 352 901; x_wconf 85' lang='lat' dir='ltr'>dus,</span> <span class='ocrx_word' id='word_1_4' title='bbox 364 835 405 887; x_wconf 88' lang='lat' dir='ltr'>vel</span> <span class='ocrx_word' id='word_1_5' title='bbox 415 834 522 901; x_wconf 85' lang='lat' dir='ltr'>tertius,</span> <span class='ocrx_word' id='word_1_6' title='bbox 537 832 607 886; x_wconf 82' lang='lat' dir='ltr'>libro</span> <span class='ocrx_word' id='word_1_7' title='bbox 621 831 785 903; x_wconf 81' lang='lat' dir='ltr'>respondeat</span> <span class='ocrx_word' id='word_1_8' title='bbox 798 831 910 903; x_wconf 76' lang='lat' dir='ltr'>integrae</span> <span class='ocrx_word' id='word_1_9' title='bbox 924 833 1091 888; x_wconf 77' lang='lat' dir='ltr'>collectionis</span> <span class='ocrx_word' id='word_1_10' title='bbox 1105 833 1277 906; x_wconf 86' lang='lat' dir='ltr'>duodecimo,</span> <span class='ocrx_word' id='word_1_11' title='bbox 1288 839 1345 892; x_wconf 87' lang='lat' dir='ltr'>dec&#39;</span> 
     </span>
    </p>
   </div>
   <div class='ocr_carea' id='block_1_3' title="bbox 286 920 1345 1170">
    <p class='ocr_par' dir='ltr' id='par_1_3' title="bbox 286 920 1345 1170">
     <span class='ocr_line' id='line_1_3' title="bbox 286 920 907 993; baseline 0 -19"><span class='ocrx_word' id='word_1_12' title='bbox 286 923 427 989; x_wconf 90' lang='lat' dir='ltr'>moterti0‚</span> <span class='ocrx_word' id='word_1_13' title='bbox 440 923 662 993; x_wconf 83' lang='lat' dir='ltr'>decimoquarto,</span> <span class='ocrx_word' id='word_1_14' title='bbox 676 927 704 975; x_wconf 92' lang='lat' dir='ltr'>et</span> <span class='ocrx_word' id='word_1_15' title='bbox 717 921 756 974; x_wconf 87' lang='lat' dir='ltr'>sic</span> <span class='ocrx_word' id='word_1_16' title='bbox 769 920 907 992; x_wconf 73' lang='lat' dir='ltr'>deinceps.</span> 
     </span>
     <span class='ocr_line' id='line_1_4' title="bbox 355 1006 1345 1083; baseline 0.005 -20"><span class='ocrx_word' id='word_1_17' title='bbox 355 1011 447 1074; x_wconf 89' lang='lat' dir='ltr'>Quum</span> <span class='ocrx_word' id='word_1_18' title='bbox 461 1008 552 1064; x_wconf 80' lang='lat' dir='ltr'>autem</span> <span class='ocrx_word' id='word_1_19' title='bbox 567 1008 685 1063; x_wconf 91' lang='lat' dir='ltr'>indicem</span> <span class='ocrx_word' id='word_1_20' title='bbox 699 1008 800 1061; x_wconf 82' lang='lat' dir='ltr'>harum</span> <span class='ocrx_word' id='word_1_21' title='bbox 814 1006 992 1079; x_wconf 87' lang='lat' dir='ltr'>epistolarum</span> <span class='ocrx_word' id='word_1_22' title='bbox 1011 1010 1161 1080; x_wconf 75' lang='lat' dir='ltr'>vulgaverit</span> <span class='ocrx_word' id='word_1_23' title='bbox 1178 1029 1289 1083; x_wconf 88' lang='lat' dir='ltr'>quoque</span> <span class='ocrx_word' id='word_1_24' title='bbox 1302 1015 1345 1069; x_wconf 81' lang='lat' dir='ltr'>An</span> 
     </span>
     <span class='ocr_line' id='line_1_5' title="bbox 286 1097 1341 1170; baseline 0.005 -19"><span class='ocrx_word' id='word_1_25' title='bbox 286 1099 375 1153; x_wconf 89' lang='lat' dir='ltr'>tonius</span> <span class='ocrx_word' id='word_1_26' title='bbox 397 1098 593 1169; x_wconf 77' lang='lat' dir='ltr'>Meneghellius</span> <span class='ocrx_word' id='word_1_27' title='bbox 615 1114 687 1151; x_wconf 90' lang='lat' dir='ltr'>anno</span> <span class='ocrx_word' id='word_1_28' title='bbox 709 1097 779 1152; x_wconf 76' lang='lat'><strong>1818</strong></span> <span class='ocrx_word' id='word_1_29' title='bbox 802 1097 879 1152; x_wconf 91' lang='lat' dir='ltr'>initia</span> <span class='ocrx_word' id='word_1_30' title='bbox 902 1104 1009 1153; x_wconf 82' lang='lat' dir='ltr'>tantum</span> <span class='ocrx_word' id='word_1_31' title='bbox 1032 1116 1128 1155; x_wconf 83' lang='lat' dir='ltr'>earum</span> <span class='ocrx_word' id='word_1_32' title='bbox 1150 1101 1287 1170; x_wconf 82' lang='lat' dir='ltr'>reserens,</span> <span class='ocrx_word' id='word_1_33' title='bbox 1307 1120 1341 1157; x_wconf 92' lang='lat' dir='ltr'>ne</span> 
     </span>
    </p>
   </div>
   <div class='ocr_carea' id='block_1_4' title="bbox 279 1186 1346 2046">
    <p class='ocr_par' dir='ltr' id='par_1_4' title="bbox 283 1186 1328 1262">
     <span class='ocr_line' id='line_1_6' title="bbox 283 1186 1328 1262; baseline 0.004 -21"><span class='ocrx_word' id='word_1_34' title='bbox 283 1187 433 1259; x_wconf 86' lang='lat' dir='ltr'>quidquam</span> <span class='ocrx_word' id='word_1_35' title='bbox 448 1187 482 1241; x_wconf 88' lang='lat' dir='ltr'>de</span> <span class='ocrx_word' id='word_1_36' title='bbox 495 1187 670 1259; x_wconf 83' lang='lat' dir='ltr'>inscriptione</span> <span class='ocrx_word' id='word_1_37' title='bbox 685 1203 734 1241; x_wconf 91' lang='lat' dir='ltr'>seu</span> <span class='ocrx_word' id='word_1_38' title='bbox 747 1186 842 1241; x_wconf 90' lang='lat' dir='ltr'>ordine</span> <span class='ocrx_word' id='word_1_39' title='bbox 856 1202 952 1241; x_wconf 87' lang='lat' dir='ltr'>earum</span> <span class='ocrx_word' id='word_1_40' title='bbox 966 1188 1099 1257; x_wconf 90' lang='lat' dir='ltr'>innuens,</span> <span class='ocrx_word' id='word_1_41' title='bbox 1113 1206 1255 1262; x_wconf 87' lang='lat' dir='ltr'>quumque</span> <span class='ocrx_word' id='word_1_42' title='bbox 1270 1193 1328 1246; x_wconf 91' lang='lat' dir='ltr'>mul</span> 
     </span>
    </p>

    <p class='ocr_par' dir='ltr' id='par_1_5' title="bbox 279 1275 1346 2046">
     <span class='ocr_line' id='line_1_7' title="bbox 281 1275 1341 1350; baseline 0.006 -21"><span class='ocrx_word' id='word_1_43' title='bbox 281 1276 336 1330; x_wconf 86' lang='lat' dir='ltr'>sint</span> <span class='ocrx_word' id='word_1_44' title='bbox 358 1276 430 1330; x_wconf 88' lang='lat' dir='ltr'>inter</span> <span class='ocrx_word' id='word_1_45' title='bbox 450 1277 496 1330; x_wconf 83' lang='lat' dir='ltr'>illa</span> <span class='ocrx_word' id='word_1_46' title='bbox 514 1276 628 1330; x_wconf 89' lang='lat' dir='ltr'>initialia</span> <span class='ocrx_word' id='word_1_47' title='bbox 645 1275 744 1343; x_wconf 85' lang='lat' dir='ltr'>verba,</span> <span class='ocrx_word' id='word_1_48' title='bbox 765 1293 826 1346; x_wconf 79' lang='lat' dir='ltr'>quae</span> <span class='ocrx_word' id='word_1_49' title='bbox 844 1276 886 1329; x_wconf 78' lang='lat' dir='ltr'>vel</span> <span class='ocrx_word' id='word_1_50' title='bbox 905 1293 1019 1331; x_wconf 82' lang='lat' dir='ltr'>erronee</span> <span class='ocrx_word' id='word_1_51' title='bbox 1033 1284 1157 1350; x_wconf 84' lang='lat' dir='ltr'>sumpta,</span> <span class='ocrx_word' id='word_1_52' title='bbox 1175 1281 1218 1334; x_wconf 83' lang='lat' dir='ltr'>vel</span> <span class='ocrx_word' id='word_1_53' title='bbox 1235 1281 1269 1335; x_wconf 87' lang='lat' dir='ltr'>ad</span> <span class='ocrx_word' id='word_1_54' title='bbox 1288 1282 1341 1335; x_wconf 86' lang='lat' dir='ltr'>alia</span> 
     </span>
     <span class='ocr_line' id='line_1_8' title="bbox 281 1365 1342 1440; baseline 0.005 -22"><span class='ocrx_word' id='word_1_55' title='bbox 281 1365 418 1420; x_wconf 83' lang='lat' dir='ltr'>Francisci</span> <span class='ocrx_word' id='word_1_56' title='bbox 430 1366 566 1420; x_wconf 79' lang='lat' dir='ltr'>Petrarcae</span> <span class='ocrx_word' id='word_1_57' title='bbox 579 1365 741 1437; x_wconf 84' lang='lat' dir='ltr'>scriptiones</span> <span class='ocrx_word' id='word_1_58' title='bbox 751 1365 785 1420; x_wconf 83' lang='lat' dir='ltr'>ab</span> <span class='ocrx_word' id='word_1_59' title='bbox 794 1366 917 1438; x_wconf 85' lang='lat' dir='ltr'>epistolis</span> <span class='ocrx_word' id='word_1_60' title='bbox 926 1367 1038 1421; x_wconf 90' lang='lat' dir='ltr'>omuino</span> <span class='ocrx_word' id='word_1_61' title='bbox 1049 1368 1169 1422; x_wconf 77' lang='lat' dir='ltr'>diversas</span> <span class='ocrx_word' id='word_1_62' title='bbox 1179 1370 1342 1440; x_wconf 85' lang='lat' dir='ltr'>pertinentia</span> 
     </span>
     <span class='ocr_line' id='line_1_9' title="bbox 281 1455 1344 1529; baseline 0.004 -20"><span class='ocrx_word' id='word_1_63' title='bbox 281 1457 420 1511; x_wconf 88' lang='lat' dir='ltr'>curiosum</span> <span class='ocrx_word' id='word_1_64' title='bbox 433 1457 564 1511; x_wconf 90' lang='lat' dir='ltr'>lectorem</span> <span class='ocrx_word' id='word_1_65' title='bbox 576 1456 672 1510; x_wconf 80' lang='lat' dir='ltr'>fellere</span> <span class='ocrx_word' id='word_1_66' title='bbox 685 1462 813 1528; x_wconf 87' lang='lat' dir='ltr'>possent,</span> <span class='ocrx_word' id='word_1_67' title='bbox 827 1461 854 1510; x_wconf 88' lang='lat' dir='ltr'>et</span> <span class='ocrx_word' id='word_1_68' title='bbox 867 1472 932 1510; x_wconf 92' lang='lat' dir='ltr'>eum</span> <span class='ocrx_word' id='word_1_69' title='bbox 945 1455 1038 1511; x_wconf 79' lang='lat' dir='ltr'>forsan</span> <span class='ocrx_word' id='word_1_70' title='bbox 1055 1457 1084 1511; x_wconf 90' lang='lat' dir='ltr'>iu</span> <span class='ocrx_word' id='word_1_71' title='bbox 1101 1457 1259 1529; x_wconf 87' lang='lat' dir='ltr'>opinionem</span> <span class='ocrx_word' id='word_1_72' title='bbox 1276 1459 1344 1513; x_wconf 91' lang='lat' dir='ltr'>indu</span> 
     </span>
     <span class='ocr_line' id='line_1_10' title="bbox 280 1545 1343 1618; baseline 0.002 -19"><span class='ocrx_word' id='word_1_73' title='bbox 280 1563 341 1599; x_wconf 88' lang='lat' dir='ltr'>oere</span> <span class='ocrx_word' id='word_1_74' title='bbox 355 1546 429 1617; x_wconf 93' lang='lat' dir='ltr'>quod</span> <span class='ocrx_word' id='word_1_75' title='bbox 442 1545 522 1600; x_wconf 91' lang='lat' dir='ltr'>nohis</span> <span class='ocrx_word' id='word_1_76' title='bbox 535 1546 662 1617; x_wconf 80' lang='lat' dir='ltr'>plurimae</span> <span class='ocrx_word' id='word_1_77' title='bbox 675 1547 796 1617; x_wconf 84' lang='lat' dir='ltr'>epistolae</span> <span class='ocrx_word' id='word_1_78' title='bbox 810 1546 839 1599; x_wconf 92' lang='lat' dir='ltr'>in</span> <span class='ocrx_word' id='word_1_79' title='bbox 857 1545 940 1600; x_wconf 72' lang='lat' dir='ltr'>hunius</span> <span class='ocrx_word' id='word_1_80' title='bbox 957 1545 1056 1601; x_wconf 90' lang='lat' dir='ltr'>indicis</span> <span class='ocrx_word' id='word_1_81' title='bbox 1072 1546 1268 1618; x_wconf 89' lang='lat' dir='ltr'>compositione</span> <span class='ocrx_word' id='word_1_82' title='bbox 1285 1549 1343 1602; x_wconf 89' lang='lat' dir='ltr'>exci</span> 
     </span>
     <span class='ocr_line' id='line_1_11' title="bbox 280 1635 1343 1708; baseline 0.004 -20"><span class='ocrx_word' id='word_1_83' title='bbox 280 1636 385 1703; x_wconf 78' lang='lat' dir='ltr'>derint3</span> <span class='ocrx_word' id='word_1_84' title='bbox 400 1651 543 1707; x_wconf 88' lang='lat' dir='ltr'>quumque</span> <span class='ocrx_word' id='word_1_85' title='bbox 556 1635 622 1689; x_wconf 89' lang='lat' dir='ltr'>item</span> <span class='ocrx_word' id='word_1_86' title='bbox 636 1636 665 1689; x_wconf 92' lang='lat' dir='ltr'>in</span> <span class='ocrx_word' id='word_1_87' title='bbox 679 1635 768 1690; x_wconf 87' lang='lat' dir='ltr'>indico</span> <span class='ocrx_word' id='word_1_88' title='bbox 781 1636 997 1706; x_wconf 77' lang='lat' dir='ltr'>Meneghelliano</span> <span class='ocrx_word' id='word_1_89' title='bbox 1010 1636 1098 1691; x_wconf 76' lang='lat' dir='ltr'>multa</span> <span class='ocrx_word' id='word_1_90' title='bbox 1114 1637 1206 1692; x_wconf 88' lang='lat' dir='ltr'>desint</span> <span class='ocrx_word' id='word_1_91' title='bbox 1223 1653 1343 1708; x_wconf 79' lang='lat' dir='ltr'>german·</span> 
     </span>
     <span class='ocr_line' id='line_1_12' title="bbox 279 1723 1341 1796; baseline 0.002 -19"><span class='ocrx_word' id='word_1_92' title='bbox 279 1724 457 1794; x_wconf 82' lang='lat' dir='ltr'>epistolarum</span> <span class='ocrx_word' id='word_1_93' title='bbox 474 1723 593 1777; x_wconf 88' lang='lat' dir='ltr'>auctoris</span> <span class='ocrx_word' id='word_1_94' title='bbox 606 1723 699 1778; x_wconf 85' lang='lat' dir='ltr'>nostri</span> <span class='ocrx_word' id='word_1_95' title='bbox 716 1723 808 1790; x_wconf 84' lang='lat' dir='ltr'>initia,</span> <span class='ocrx_word' id='word_1_96' title='bbox 823 1740 913 1795; x_wconf 82' lang='lat' dir='ltr'>operae</span> <span class='ocrx_word' id='word_1_97' title='bbox 932 1726 1051 1796; x_wconf 89' lang='lat' dir='ltr'>pretium</span> <span class='ocrx_word' id='word_1_98' title='bbox 1070 1725 1285 1781; x_wconf 82' lang='lat' dir='ltr'>existimavimus</span> <span class='ocrx_word' id='word_1_99' title='bbox 1303 1726 1341 1780; x_wconf 94' lang='lat' dir='ltr'>du</span> 
     </span>
     <span class='ocr_line' id='line_1_13' title="bbox 279 1810 1346 1886; baseline 0.004 -20"><span class='ocrx_word' id='word_1_100' title='bbox 279 1812 377 1883; x_wconf 88' lang='lat' dir='ltr'>plicem</span> <span class='ocrx_word' id='word_1_101' title='bbox 400 1811 482 1866; x_wconf 87' lang='lat' dir='ltr'>etiam</span> <span class='ocrx_word' id='word_1_102' title='bbox 504 1810 656 1867; x_wconf 85' lang='lat' dir='ltr'>indiculum</span> <span class='ocrx_word' id='word_1_103' title='bbox 680 1810 856 1879; x_wconf 85' lang='lat' dir='ltr'>subnectere,</span> <span class='ocrx_word' id='word_1_104' title='bbox 880 1811 998 1866; x_wconf 83' lang='lat' dir='ltr'>alterum</span> <span class='ocrx_word' id='word_1_105' title='bbox 1016 1829 1113 1867; x_wconf 71' lang='lat' dir='ltr'>esrum</span> <span class='ocrx_word' id='word_1_106' title='bbox 1132 1830 1193 1886; x_wconf 84' lang='lat' dir='ltr'>quoe</span> <span class='ocrx_word' id='word_1_107' title='bbox 1211 1814 1245 1869; x_wconf 81' lang='lat' dir='ltr'>ab</span> <span class='ocrx_word' id='word_1_108' title='bbox 1262 1814 1346 1870; x_wconf 91' lang='lat' dir='ltr'>indic·</span> 
     </span>
     <span class='ocr_line' id='line_1_14' title="bbox 279 1901 1340 1974; baseline 0.004 -19"><span class='ocrx_word' id='word_1_109' title='bbox 279 1903 450 1973; x_wconf 79' lang='lat' dir='ltr'>Meneghellii</span> <span class='ocrx_word' id='word_1_110' title='bbox 464 1902 583 1973; x_wconf 74' lang='lat' dir='ltr'>expungi</span> <span class='ocrx_word' id='word_1_111' title='bbox 596 1901 711 1968; x_wconf 86' lang='lat' dir='ltr'>debent,</span> <span class='ocrx_word' id='word_1_112' title='bbox 726 1901 843 1956; x_wconf 82' lang='lat' dir='ltr'>atterum</span> <span class='ocrx_word' id='word_1_113' title='bbox 857 1901 1036 1972; x_wconf 80' lang='lat' dir='ltr'>epistolarum</span> <span class='ocrx_word' id='word_1_114' title='bbox 1054 1921 1116 1974; x_wconf 83' lang='lat' dir='ltr'>quae</span> <span class='ocrx_word' id='word_1_115' title='bbox 1134 1905 1163 1959; x_wconf 92' lang='lat' dir='ltr'>in</span> <span class='ocrx_word' id='word_1_116' title='bbox 1182 1905 1229 1960; x_wconf 92' lang='lat' dir='ltr'>illo</span> <span class='ocrx_word' id='word_1_117' title='bbox 1248 1905 1340 1961; x_wconf 87' lang='lat' dir='ltr'>deside</span> 
     </span>
     <span class='ocr_line' id='line_1_15' title="bbox 279 1997 383 2046; baseline 0.029 -3"><span class='ocrx_word' id='word_1_118' title='bbox 279 1997 383 2046; x_wconf 82' lang='lat' dir='ltr'>rantur.</span> 
     </span>
    </p>
   </div>
   <div class='ocr_carea' id='block_1_5' title="bbox 0 0 1350 5024">
    <p class='ocr_par' dir='ltr' id='par_1_6' title="bbox 0 0 1350 5024">
     <span class='ocr_line' id='line_1_16' title="bbox 0 0 1350 5024; baseline 0 6"><span class='ocrx_word' id='word_1_119' title='bbox 0 0 1350 5024; x_wconf 95' lang='lat' dir='ltr'> </span> 
     </span>
    </p>
   </div>
  </div>
 </body>
</html>
