2692 5024
126 723 185 783 324
467 734 506 780 nn
529 731 628 780 arnus
650 730 869 778 raurnruarnus

127 890 233 954 esset.
255 879 322 952 Sed
346 879 429 973 quid
450 883 540 970 ago?
565 879 688 951 Brevis
714 879 903 950 consolatio
929 878 965 949 in
992 880 1138 972 longam
1166 880 1217 952 hi-

129 1003 270 1077 storiam
286 1025 387 1077 versa
406 1013 471 1074 est.
489 1001 595 1075 Dabis
615 1010 730 1074 autem
749 1001 895 1087 veniam,
919 1001 949 1072 si
968 1001 1064 1073 scias
1086 1014 1215 1095 quanta

129 1151 208 1199 cum
233 1127 460 1198 delectatione
486 1134 649 1195 versatus
667 1143 838 1195 sumcum
863 1122 921 1194 his
940 1123 1090 1217 optimis
1111 1132 1216 1218 atque

129 1249 325 1322 lectissimis
348 1248 506 1333 senibus,
541 1247 669 1342 quihus
698 1256 734 1318 te
760 1245 827 1317 iam
857 1268 959 1333 nunc,
983 1270 1116 1341 meque
1148 1271 1217 1321 non

130 1377 237 1446 multo
256 1383 336 1468 post
355 1369 548 1466 adscriptos
573 1370 686 1466 cupio,
714 1371 782 1442 etsi
806 1370 943 1443 caeteris
962 1371 998 1442 in
1019 1371 1133 1445 rebus
1155 1374 1218 1445 im·

129 1517 244 1592 pares,
271 1505 307 1565 at
330 1493 586 1586 aequanimitate
612 1504 647 1563 et
675 1493 838 1588 patientia
859 1496 982 1565 saltem
1015 1516 1138 1587 pares.
1170 1497 1218 1568 Ne

130 1621 222 1693 enim
243 1640 299 1689 me
318 1615 485 1712 propositi
502 1638 648 1711 prorsus
673 1616 817 1688 oblitum
841 1626 958 1711 putes,
985 1619 1071 1713 quis
1103 1640 1219 1715 aegre-

130 1744 218 1813 lerat
242 1761 280 1811 se
307 1761 425 1810 senem
443 1738 531 1824 lieri,
552 1740 636 1812 dum
658 1742 745 1811 tales
762 1740 856 1811 viros
878 1761 982 1812 senes
1003 1743 1121 1815 laotos
1140 1766 1220 1816 esse

131 1862 347 1934 meminerit?
379 1862 452 1935 lmo
480 1884 566 1933 vero
604 1863 682 1957 quis
719 1885 789 1933 non
814 1884 941 1955 magno
970 1886 1062 1937 cum·
1087 1869 1220 1960 gaudio

131 1984 311 2079 participet
340 1995 466 2058 sortem
496 1986 775 2060 beatissimorum
810 1986 1004 2073 hominum,
1041 2001 1081 2061 et
1113 1994 1219 2065 alacri

131 2108 245 2179 animo
258 2130 477 2181 communem
492 2108 558 2181 sibi
571 2131 649 2181 cum
665 2108 790 2181 talibus
805 2108 956 2201 excipiat
970 2119 1219 2188 senectutem?

131 2231 216 2316 Quis
237 2231 329 2303 enim
351 2230 484 2317 horum,
505 2255 568 2303 seu
585 2232 664 2326 quis
689 2231 828 2303 omnino
842 2231 1031 2319 hominum,
1048 2236 1115 2307 diu
1131 2239 1219 2311 vixit

131 2367 166 2425 el
186 2377 254 2425 non
276 2356 413 2426 senuit‘?
433 2356 538 2426 Cuius
560 2358 697 2447 longam
715 2355 822 2426 vitam
840 2354 989 2446 legimus
1012 2380 1087 2429 non
1111 2361 1150 2431 in
1169 2385 1219 2434 sc·

131 2479 226 2548 nium
247 2478 488 2580 desinentem?
501 2478 553 2568 'At
569 2501 633 2550 nos
651 2489 733 2549 voto
753 2477 922 2549 contrario
942 2500 1145 2575 secumque
1159 2509 1219 2581 pu-

132 2612 273 2693 gnante,
288 2602 357 2685 diu,
373 2601 443 2673 imo
457 2624 606 2697 semper,
626 2601 746 2673 vivere
767 2601 938 2693 cupimus3
957 2625 1148 2697 nunquam
1168 2631 1218 2680 se-

133 2746 287 2806 nescere,
310 2747 486 2817 nunquam
509 2724 657 2796 interire.
681 2726 758 2795 Scio
779 2733 894 2794 autem
915 2725 1000 2818 quid
1025 2749 1218 2822 responsu-

132 2869 192 2918 rus
213 2869 265 2917 cs:
291 2848 420 2917 Horum
448 2858 480 2916 te
505 2847 658 2917 omnium
678 2870 746 2918 non
767 2848 941 2938 ignarum:
969 2846 1056 2920 illud
1078 2851 1214 2935 dolere,

131 2969 225 3065 quod
240 2978 320 3039 ante
339 2979 476 3062 tempus
503 2970 672 3038 senueris.
699 2969 899 3039 Communis
926 2971 1086 3042 omnium
1118 2997 1234 3046 sene·

133 3092 302 3163 scentium
315 3091 465 3182 querela.
477 3091 521 3160 Et
533 3089 646 3160 Numa
657 3090 855 3184 Pompilius,
871 3092 970 3163 cuius
986 3114 1099 3187 supra
1122 3120 1218 3169 men·

133 3216 257 3285 tionem
277 3213 349 3298 leci,
371 3213 481 3306 prima
498 3223 600 3284 aetate
620 3235 729 3284 canus
750 3213 826 3295 fuit,
849 3223 883 3283 ct
903 3215 1072 3305 Virgilius
1102 3232 1216 3313 poeta.

132 3340 215 3407 Tota
237 3347 323 3406 aetas
344 3345 461 3407 nostra
487 3336 541 3406 his
568 3337 725 3408 lamentis
750 3335 914 3408 abundat.
941 3338 1018 3430 Ego
1046 3340 1131 3432 ipse
1153 3368 1218 3416 non

132 3470 200 3529 tam
221 3460 319 3551 queri
341 3461 434 3529 soleo
456 3481 558 3551 quam
581 3460 711 3543 mirari,
739 3460 832 3551 quod
850 3482 954 3531 canos
976 3462 1118 3555 aliquot
1140 3479 1219 3540 ante

130 3582 339 3673 vigesimum
359 3581 516 3674 quintum
535 3604 664 3653 annum
687 3583 804 3665 habui;
824 3606 902 3653 cum
925 3583 1009 3653 illud
1024 3610 1100 3658 non
1123 3594 1220 3664 exci-

131 3705 232 3788 derit,
255 3705 349 3795 quod
369 3706 502 3796 genitor
523 3706 697 3797 quondam
724 3728 835 3789 meus,
863 3707 896 3775 in
924 3707 1069 3799 reliquis
1104 3739 1221 3810 neque

132 3849 188 3896 me
208 3827 324 3897 sanior
341 3849 453 3920 neque
475 3824 635 3911 validior,
658 3828 747 3920 quia,
770 3840 849 3922 post
878 3829 1220 3924 quinquagesimum

131 3954 245 4025 alaris
259 3975 333 4024 suae
345 3975 482 4035 annum,
498 3954 657 4022 consulto
672 3955 822 4045 speculo,
838 3974 942 4045 supra
960 3955 1143 4032 verticem
1159 3962 1221 4034 sibi

131 4097 238 4144 unum
255 4077 340 4145 sortc
359 4074 517 4167 capillum
538 4066 700 4166 ambigua
717 4076 841 4146 canitie
858 4075 1104 4153 albescentem
1125 4088 1222 4160 vide-

131 4207 197 4279 rat,
221 4199 341 4289 plenus
364 4199 514 4291 stuporis
536 4207 571 4269 et
591 4200 812 4290 querelarum
834 4207 939 4268 totam
960 4223 1031 4271 non
1048 4209 1223 4284 modofa.

131 4319 271 4404 miliam,
296 4322 358 4392 sed
378 4322 537 4393 viciniam
554 4322 731 4393 excitavit.
750 4323 821 4391 Hoc
840 4325 1000 4415 estquod
1015 4347 1149 4407 aevum
1165 4359 1223 4408 no

132 4450 240 4510 strum
273 4445 381 4529 dolet,
414 4446 480 4516 hoc
505 4447 599 4539 quod
633 4447 795 4516 iuventus
825 4457 942 4517 nostra
967 4461 1222 4548 conqueritur:

132 4561 276 4630 multum
299 4563 398 4637 brevi
420 4577 572 4661 tempore
593 4568 752 4639 variasse
772 4567 913 4640 vivendi
932 4584 1224 4682 senescendiqne
