2692 5024
390 696 482 745 mnun
503 697 674 747 securibus
686 695 890 747 —nmsronl
911 697 942 745 ιι.
1173 687 1213 747 85

129 843 381 916 surus.Vemm
395 843 462 914 ista
475 864 544 912 non
557 841 645 914 adeo
658 851 868 925 metuuntur,
879 843 1043 934 quoniam
1059 864 1126 914 usu
1142 845 1211 915 iam

129 963 328 1058 quotidiana
341 974 431 1034 sunt.
445 962 552 1033 Vides
573 961 690 1054 itaque
712 960 824 1055 (quod
845 983 941 1055 saepe
960 963 1077 1034 dioere
1101 967 1209 1050 soleo,

130 1108 193 1158 neo
205 1107 283 1156 mea
297 1087 408 1156 solum
421 1094 484 1169 est,
498 1084 562 1155 sed
575 1081 761 1154 illustrium
773 1083 1058 1177 philosophorum
1072 1094 1213 1155 senten-

131 1207 202 1302 tia),
220 1207 390 1300 quidquid
410 1207 444 1276 in
466 1206 531 1277 hac
550 1206 624 1277 vita
643 1206 794 1299 patimur
814 1206 965 1292 molesti,
990 1229 1058 1279 non
1076 1217 1147 1279 tam
1164 1229 1212 1279 ex

131 1331 208 1424 ipsa
220 1350 337 1401 rerum
350 1340 487 1414 natura,
503 1349 608 1422 quam
620 1350 669 1399 ex
682 1338 812 1398 nostrae
825 1328 951 1399 mentis
966 1326 1210 1413 imbecillitate,

133 1452 211 1524 sive
232 1451 424 1546 (uteorum
445 1450 549 1521 etiam
570 1448 689 1521 verbis
716 1448 809 1544 utar)
836 1471 882 1521 ex
907 1450 1108 1543 opinionum
1133 1473 1214 1545 per-

132 1572 299 1645 versitate
317 1573 516 1666 procedere.
543 1572 641 1644 Nova
664 1570 843 1658 timemus,
871 1571 999 1644 usitata
1024 1575 1214 1646 contemni-

134 1718 222 1766 mus.
257 1696 339 1780 Cur,
374 1715 512 1786 quaeso,
540 1693 608 1766 nisi
631 1694 714 1786 quia
739 1695 774 1765 in
799 1695 907 1766 altero
936 1717 1037 1767 mens
1070 1697 1212 1769 inermis

135 1817 321 1910 improvisa
341 1839 460 1889 rerum
477 1816 563 1887 faeie
581 1816 751 1902 turbatur,
767 1816 803 1886 in
816 1819 933 1901 altero,
951 1819 1123 1911 frequenti
1139 1841 1215 1889 me-

135 1940 314 2025 ditatione·
334 1938 478 2011 rationis
504 1940 662 2034 clypeum
684 1936 849 2010 fabricata
865 1949 935 2021 est,
954 1960 1059 2031 quem
1081 1941 1214 2034 asperi-

136 2060 264 2134 tatibus
284 2060 417 2132 eunclis
442 2063 651 2153 opponeret?
675 2060 823 2152 Respioe
847 2070 1031 2132 nautarum
1058 2081 1211 2145 morem,

135 2207 240 2277 quam
260 2205 363 2275 aequo
375 2183 491 2253 animo
503 2181 691 2274 patiuntur,
711 2203 855 2273 corpora
873 2204 1016 2253 suorum
1034 2181 1069 2252 in
1085 2182 1212 2254 lluclus

136 2304 277 2375 effundi.
299 2304 411 2374 Unum
430 2302 476 2374 de
496 2303 614 2375 multis
639 2305 837 2396 exemplum
862 2303 996 2373 illustre
1021 2325 1090 2374 non
1117 2304 1212 2375 sileo.

137 2425 286 2497 Lambas
306 2424 351 2497 de
362 2425 485 2510 Auria,
500 2425 555 2497 vir
572 2424 763 2497 acerrimus
781 2436 886 2518 atque
902 2423 1126 2510 fortissimus,
1139 2423 1214 2496 dux

137 2547 357 2619 lanuensium
387 2547 497 2618 fuisse
522 2558 683 2619 narratur
707 2568 750 2618 eo
775 2546 946 2617 maritimo
971 2546 1089 2640 praelio
1120 2544 1215 2639 quod

136 2671 284 2765 primum
310 2693 390 2742 eum
410 2670 554 2741 Venetis
575 2668 787 2756 babuerunt,
810 2669 964 2742 omnium
984 2667 1213 2752 memorabili,

136 2813 217 2885 quae
235 2803 373 2885 patrum
392 2801 592 2863 nostrorum
613 2791 826 2885 temporibus
847 2801 948 2883 gesta
965 2801 1058 2861 sunt:
1076 2790 1138 2883 qui
1154 2791 1218 2863 bo

138 2915 206 2987 stili
225 2918 338 2986 elasse
360 2923 569 3005 eonspecta,
595 2912 656 2986 ubi
680 2913 858 3007 pugnandi
883 2913 1003 2985 horam
1029 2913 1217 2984 advenisse

138 3038 314 3130 cognovit,
333 3059 478 3109 numero
504 3036 584 3108 lieet
608 3036 762 3122 inferior,
790 3047 906 3107 tamen
933 3056 1017 3106 suos
1042 3057 1105 3127 pro
1130 3045 1218 3105 tem-

137 3182 221 3253 pore
253 3158 437 3252 magniflee
462 3181 504 3231 ao
527 3158 681 3230 breviter·
713 3158 939 3241 adhortatus,
973 3179 1112 3228 manum
1137 3179 1216 3229 cum

137 3281 445 3361 hosteoonseruit.
468 3283 625 3376 Cumque
644 3279 740 3352 ineo
756 3299 950 3372 congressu
968 3276 1060 3350 lilius
1078 3279 1125 3349 illi
1141 3278 1219 3350 uni-

139 3424 217 3487 cus,
239 3402 506 3475 florentissimus
527 3404 746 3489 adolescens,
767 3401 830 3496 qui
848 3413 1005 3496 palemae
1022 3400 1124 3473 navis
1140 3424 1220 3497 pro

139 3545 214 3593 ram
225 3522 410 3609 obtinebat
427 3525 554 3617 saffl'tta
567 3526 739 3611 traiectus
752 3525 886 3619 primus
899 3526 1054 3596 omnium
1068 3525 1219 3597 corruis·
1274 3526 1278 3536 '

140 3653 207 3730 sel,
230 3666 270 3716 ao
287 3644 379 3718 circa
398 3646 569 3718 iacentem
583 3649 695 3719 luotus
713 3647 910 3720 horrendus
929 3647 1088 3718 sublatus
1106 3654 1217 3727 esset,

139 3767 287 3839 aoeurrit
316 3779 428 3861 pater,
464 3780 499 3841 el
518 3770 596 3839 Noa
618 3771 782 3858 penendi,
810 3771 935 3863 inquit,
963 3766 1020 3837 sel
1042 3762 1221 3859 pugnandi

140 3899 265 3982 templu
278 3901 333 3959 est.
349 3889 480 3962 Deinde
493 3913 621 3963 versus
634 3893 680 3963 ad
697 3890 816 3977 lilium,
835 3901 1019 3984 postquam
1034 3888 1070 3957 in
1082 3908 1125 3958 eo
1142 3888 1220 3957 nul-

139 4011 207 4080 lam
218 4010 303 4082 vilae
317 4031 413 4103 spem
428 4010 539 4083 videt:
560 4011 608 4080 Tu
620 4034 715 4098 vero,
731 4012 856 4106 inquit,
873 4013 932 4104 fili,
955 4029 1127 4101 nunquam
1150 4017 1218 4075 tam

137 4133 310 4224 pulchram
329 4134 493 4204 habuisses
511 4137 727 4228 sepulturam,
749 4135 781 4203 si
803 4131 974 4225 defunctus
999 4151 1081 4199 esses
1106 4130 1143 4198 ln
1159 4150 1222 4221 po-

140 4254 215 4323 trio.
237 4255 320 4326 Haec
341 4254 477 4342 dicens,
499 4267 654 4328 armatus
676 4263 846 4327 armatum
865 4263 1108 4346 tepentemque
1127 4272 1223 4323 eom-

139 4375 273 4466 plexus‚
294 4376 437 4468 proiecit
456 4378 490 4447 in
511 4376 646 4448 medios
663 4375 802 4458 fluetus,
821 4376 906 4466 ipsa,
925 4386 963 4446 ut
979 4372 1064 4444 mihi
1079 4373 1221 4468 quidem

141 4497 292 4582 videtur,
311 4499 505 4573 calamitate
520 4497 757 4581 felicissimus,
776 4496 832 4568 oui
850 4479 952 4569 talem
973 4518 1094 4569 rasum
1114 4494 1224 4569 eonti-
