2692 5024
524 570 791 624 momounon.
1146 580 1185 629 cv

137 710 185 784 Ep.
220 711 251 768 8.
270 710 371 768 1111111
387 724 452 768 suo.
463 714 582 770 -Rem
591 718 696 788 prima
707 721 814 790 fronte

294 801 369 875 Arp.
386 802 447 867 Quo
460 818 490 858 sa
501 803 573 861 ferat
584 806 723 863 incertum
737 808 844 863 herere
857 808 966 864 animo:
982 809 1079 867 Romae
1093 819 1185 867 tumen

331 891 470 949 desiderio
482 911 567 966 quam
581 897 702 952 maxime
716 898 819 952 teneri:
836 914 925 970 eaque
938 899 972 953 de
986 917 1016 953 re
1030 900 1110 955 amici
1124 917 1187 956 con-

330 981 427 1037 silium
439 984 520 1038 enixe
534 985 665 1056 postulat.

139 1068 185 1140 Ep.
222 1069 250 1125 9.
270 1069 791 1130 Laurosuo.-1amoaleoiaeeram.

293 1159 368 1230 Arp.
383 1158 487 1215 Urbem
502 1160 622 1217 Romam
636 1178 781 1234 perperam
794 1180 858 1218 cum
867 1163 1006 1236 Babylone
1020 1171 1184 1239 comparari,

327 1265 381 1304 nec
393 1265 456 1305 eam
469 1249 533 1305 odio
546 1251 671 1306 numinis
684 1252 823 1308 laborare:
840 1261 1009 1327 quapropter
1028 1258 1116 1328 magis
1129 1276 1186 1313 ma-

329 1339 427 1411 ssisque
441 1338 480 1394 ihi
494 1356 524 1394 se
537 1356 703 1396 mansurum
716 1359 828 1414 cupere.

134 1426 184 1500 Ep.
203 1427 248 1484 10.
268 1427 381 1484 Ponno
407 1428 533 1484 Sunsoru
557 1429 692 1486 Psaros.
716 1430 954 1488 cucumeru-
967 1435 1097 1491 Accensa
1118 1438 1185 1492 cha·

330 1517 416 1572 ritca.

293 1604 366 1683 ⁸2⁸9·
383 1604 516 1660 Oblatum
529 1605 633 1677 aliquid
647 1613 757 1679 gratum
778 1608 878 1680 habet,
899 1627 985 1684 seque
1003 1629 1069 1668 eum
1088 1630 1184 1686 quam·

327 1695 452 1767 primum
466 1696 622 1751 invisurum
636 1698 763 1770 spondet.

133 1782 184 1856 Ep.
202 1783 247 1838 11.
268 1783 409 1839 Pnnrrro
423 1784 501 1840 Eris.
518 1784 734 1842 Gavmucunsr.
745 1788 903 1843 -Mirum
916 1790 1008 1843 valde.

291 1873 364 1944 Arq.
379 1872 518 1928 Incertum
533 1890 589 1946 quo
610 1890 740 1929 mansum
761 1881 805 1930 eat
818 1875 959 1931 Avenione
979 1877 1135 1948 digressum
1153 1896 1183 1935 sc

327 1961 358 2016 in
371 1961 547 2017 solitudinem
559 1963 635 2018 ruris
648 1964 794 2036 recepisse.

133 2049 183 2124 Ep.
203 2049 248 2105 12.
270 2051 411 2106 Pmmrro
424 2050 519 2107 Emsc.
535 2051 725 2106 Cavauurusn.
736 2083 772 2093 -
785 2053 855 2108 Tria
868 2053 1060 2111 tibi-veniunt.

293 2142 366 2212 Ara.
381 2141 503 2210 Piscem,
519 2157 598 2195 avem
612 2145 640 2194 et
653 2141 797 2210 epistolam
811 2142 845 2194 ad
860 2159 923 2195 eum
938 2145 1029 2198 mittit.

131 2228 182 2302 Ep.
201 2228 246 2284 13.
267 2227 408 2283 Pnnmro
423 2226 518 2281 Errsc.
535 2225 724 2281 (1111111111.
734 2227 882 2281 -Tribus
897 2228 1048 2283 secernis.

288 2316 363 2388 A'rp.
378 2316 530 2388 Epistolam
543 2333 608 2388 quae
621 2332 695 2388 pone
716 2321 757 2371 est
777 2316 811 2370 ad
826 2316 907 2370 illum
920 2317 1005 2371 mittit
1024 2318 1178 2388 legendam.

132 2405 181 2479 Ep.
200 2406 246 2461 14.
267 2404 365 2460 Giano
379 2404 527 2460 Eccuuslm
541 2404 706 2460 Psrnvrn'm.
721 2404 883 2459 Amisimus
895 2407 1014 2474 fratrea.

289 2496 363 2566 Arp.
383 2492 573 2548 lldebrandini
591 2492 719 2564 Episcopi
737 2493 860 2547 Patavini
878 2498 997 2549 mortem
1016 2495 1113 2564 deflet,
1128 2496 1181 2551 vir·

324 2588 398 2640 tutes
411 2582 590 2654 amplissimis
603 2582 733 2637 laudibus
747 2586 870 2637 exornat.

552 2768 660 2833 LIBER
679 2769 751 2832 xvi.

131 2936 179 3010 Ep.
217 2936 246 2992 i.
265 2935 441 2992 Tusananuo
455 2932 506 2989 Eu.
522 2933 641 2989 Amano
660 2949 696 2990 111
715 2935 840 2989 Gumonr
855 2935 905 2988 Er.
921 2936 1086 2990 Ponrusnsr
1106 2933 1178 2989 Cun-

258 3092 262 3097 ,
323 3023 576 3079 mamlius-Si
592 3024 642 3077 ille
662 3023 951 3092 Carthapincnsium.

290 3115 362 3186 Arp.
377 3114 518 3169 Avenione
533 3130 562 3168 se
575 3112 692 3166 missum
701 3112 762 3165 lieri
776 3111 854 3180 petit,
864 3114 896 3163 ut
909 3109 945 3164 ad
960 3110 1065 3165 iontem
1075 3110 1178 3182 Sorgim

324 3201 409 3258 rebus
421 3202 479 3257 suis
493 3201 634 3269 consulat,
649 3199 684 3254 ob
702 3204 822 3253 mortem
841 3198 926 3254 villici
943 3199 986 3255 sui
1000 3200 1076 3255 omni
1089 3205 1179 3257 custo·

324 3292 370 3347 dia
383 3291 531 3347 destitutis.

130 3381 179 3454 Ep.
215 3382 244 3437 2
265 3380 405 3437 Gunanuo
419 3392 582 3435 11111111-
594 3377 750 3433 Goenobom
763 3380 849 3449 sorte.

289 3470 361 3541 Arp.
377 3468 473 3524 Refert
487 3485 549 3539 quae
563 3468 597 3522 de
617 3467 719 3522 virtuto
739 3467 800 3521 eius
819 3483 835 3521 a
855 3465 967 3522 duobus
988 3466 1178 3521 carthusianis

322 3557 466 3614 monachis
479 3557 593 3612 audivit.

128 3650 178 3724 Ep.
215 3649 243 3705 3.
263 3648 399 3705 socnam.
409 3647 548 3734 -liatlta
562 3647 615 3702 tibi
628 3645 734 3702 dicere.

285 3735 360 3808 Arp.
376 3734 433 3790 Sua
452 3750 482 3789 se
502 3740 577 3788 sorte
598 3738 760 3788 contentum
780 3733 820 3787 nil
840 3731 960 3803 amplius
981 3744 1123 3800 quaerero,
1138 3728 1178 3783 nil

324 3822 532 3895 concupiscere,
547 3827 574 3876 ct
587 3821 623 3876 ab
636 3821 732 3876 amicis
746 3820 825 3875 enixe
839 3824 932 3891 petere
955 3834 991 3871 ue
1014 3816 1048 3869 dc
1066 3815 1177 3869 lortuna

322 3913 383 3968 eius
396 3912 481 3967 velint
495 3928 525 3966 sc
538 3911 661 3983 praeherc
675 3911 815 3965 sollicitos.

124 4007 175 4081 Ep.
214 4005 243 4060 ⁴.
264 3993 307 4059 llo
321 4016 461 4058 ruuoruu.
472 4002 599 4057 —Mitto
612 4001 675 4055 alic
689 4001 724 4054 de
738 4001 850 4070 quibus.

288 4093 360 4164 Arp.
376 4091 448 4147 Vere
461 4090 589 4161 indignos
603 4089 730 4143 homines
744 4104 803 4141 esse
818 4084 920 4155 quibus
933 4087 974 4136 tot
987 4088 1117 4155 tantaque
1130 4083 1177 4140 be-

322 4182 420 4239 nelicia
434 4180 581 4237 contulerit
592 4179 668 4234 Deus
682 4183 750 4248 quot
768 4174 870 4229 Christi
890 4189 942 4228 nos
960 4171 1041 4228 docet
1060 4173 1174 4245 religio;

321 4289 378 4329 uon
391 4272 456 4329 inde
469 4277 562 4327 tamen
575 4270 605 4324 in
619 4267 735 4322 dubium
750 4264 886 4318 factorum
898 4263 1042 4319 veritatem
1059 4278 1120 4319 esse
1133 4280 1176 4318 rc·

322 4361 487 4430 vocandam,
503 4377 554 4416 nec
566 4354 750 4414 deliciandum
763 4355 793 4409 in
806 4353 870 4408 lide.
