2692 5024
458 724 609 773 crrsronr
631 726 671 774 in
693 726 862 775 rosrnnos.
1176 714 1192 774 7

126 867 187 938 sed
207 866 242 936 in
261 865 381 957 primis
399 865 489 935 illins
507 865 764 938 taediosissimae
784 868 881 938 urbis
899 869 1074 940 fastidium
1092 878 1194 961 atque

124 990 239 1060 odium
264 987 464 1057 naturaliter
489 987 604 1059 animo
628 1012 704 1060 meo
729 990 869 1060 insitum
899 994 988 1061 terre
1016 1012 1085 1061 non
1114 1012 1194 1083 pos-

125 1132 210 1196 sem,
238 1110 479 1181 diverticulum
505 1110 644 1203 aliquod
668 1112 769 1203 qnasi
788 1123 924 1204 portum
944 1134 1120 1207 quaerenS‚
1140 1135 1195 1183 re-

125 1235 208 1328 perii
237 1234 370 1303 Vallem
400 1232 624 1324 perexiguam
655 1234 717 1305 sed
747 1235 932 1306 solitariam
959 1246 1062 1328 atque
1086 1256 1194 1306 amre

126 1376 216 1439 nam,
237 1374 320 1447 quae
340 1356 467 1424 Clausa
486 1354 619 1439 dicitur,
641 1357 836 1448 quindecim
856 1378 1022 1450 passuum
1043 1355 1193 1427 millibus

126 1477 172 1547 ab
186 1476 355 1548 Arinione
371 1477 570 1562 distantem,
589 1478 649 1547 ubi
668 1479 810 1550 fontium
831 1502 895 1551 rex
915 1479 1067 1550 omnium
1084 1480 1194 1569 Sorga

125 1598 243 1669 oritur.
261 1599 390 1691 Captus
413 1599 476 1669 loci
494 1598 685 1685 dulcedine,
703 1600 835 1672 libellos
852 1620 948 1671 meos
968 1610 1004 1670 et
1023 1601 1193 1693 meipsum

125 1719 202 1791 illuc
226 1722 396 1791 transtuli.
422 1722 542 1813 Longa
570 1724 636 1794 erit
663 1724 806 1796 historia
836 1725 866 1795 si
895 1746 1037 1818 pergam
1066 1722 1192 1817 exequi

124 1844 207 1935 quid
226 1842 273 1913 ibi
293 1844 419 1914 multos
441 1865 482 1914 ac
502 1847 627 1917 multos
651 1847 780 1937 egerim
804 1869 866 1940 por
891 1868 1010 1917 annos.
1032 1848 1115 1916 llaec
1138 1854 1193 1917 est

127 1984 273 2047 summa,
294 1965 388 2058 qnod
407 1965 576 2058 quidquid
595 1970 665 2039 lere
684 1972 928 2061 opusculorum
949 1968 1031 2038 mihi
1048 1967 1191 2052 excidit,

125 2086 172 2157 ibi
187 2088 242 2159 vel
259 2097 384 2171 actum,
400 2090 456 2160 vel
472 2101 636 2182 coeptum,
656 2092 710 2162 vel
727 2100 929 2182 conceptum
946 2099 1012 2174 est,
1028 2110 1109 2183 quae
1121 2099 1193 2161 tam

126 2212 230 2281 multa
242 2213 381 2282 luerunt
396 2219 435 2281 ut
451 2211 621 2304 usquead
635 2213 874 2283 hancaetatem
888 2234 943 2282 me
954 2223 1140 2283 exerceant
1152 2234 1193 2284 ac

126 2333 275 2423 fatigent.
291 2334 369 2404 Fuit
392 2333 482 2404 enirn
508 2333 591 2403 mihi
609 2344 650 2404 ut
667 2355 793 2427 corpus
816 2334 866 2406 sic
884 2335 1058 2425 ingenium
1079 2335 1192 2425 magis

125 2456 253 2547 pollens
283 2455 489 2526 dexteritate
518 2478 622 2549 qnam
651 2455 796 2527 viribus.
827 2457 945 2549 ltaque
974 2457 1081 2528 multa
1110 2456 1192 2527 mihi

123 2577 231 2648 lucilia
258 2577 424 2669 cogitatu,
453 2599 534 2670 quae
564 2578 767 2649 executione
795 2579 944 2650 difficilia
973 2576 1191 2670 pretermisi.

124 2700 183 2770 llic
202 2700 287 2770 mihi
312 2701 388 2793 ipsa
416 2702 568 2771 locorum
593 2700 698 2772 facies
728 2703 905 2794 suggessit
934 2712 973 2772 ut
994 2701 1192 2773 Bucolicum

124 2822 282 2907 Carmen,
305 2822 465 2893 silvestre
483 2844 587 2916 opus,
611 2824 832 2915 aggrederer,
854 2835 889 2895 et
908 2824 998 2895 Vitae
1023 2824 1192 2896 Solitariae

123 2944 227 3016 libros
251 2945 341 3016 duos
366 2946 410 3017 ad
430 2946 623 3039 Philippum
644 2968 780 3040 semper
803 2969 968 3037 magnum
991 2948 1105 3018 virum
1131 2947 1193 3016 sed

124 3089 266 3159 parvum
287 3079 370 3140 tunc
388 3068 597 3163 Episcopum
615 3071 898 3154 Cavallicensem‚
917 3092 1008 3140 nunc
1027 3089 1191 3159 magnum

124 3191 346 3263 Sabinensem
363 3191 572 3284 Episcopum
590 3192 814 3275 Cardinalem,
834 3192 893 3283 qui
909 3191 992 3260 mihi
1011 3191 1079 3260 iam
1097 3192 1191 3262 solus

123 3317 274 3387 omnium
303 3324 459 3386 veterum
485 3324 676 3407 superstes,
703 3336 772 3386 non
796 3328 852 3385 me
875 3314 1127 3409 episcopaliter,
1154 3325 1193 3386 nt

124 3434 328 3506 Ambrosius
348 3434 589 3527 Augustinum,
613 3436 674 3507 sed
698 3438 849 3506 fraterne
870 3435 991 3506 dilexit
1010 3456 1050 3507 ae
1070 3428 1190 3525 diligit.

124 3556 193 3626 lllis
218 3556 254 3625 in
278 3558 451 3628 montibus
476 3558 616 3648 vaganti
642 3567 743 3627 sexta
768 3557 916 3649 quadam
943 3557 1027 3628 teria
1052 3556 1190 3626 maioris

125 3677 351 3751 hebdomadae
375 3679 534 3770 cogitatio
560 3678 685 3763 incidit,
705 3689 741 3749 et
759 3680 883 3765 valida,
905 3688 944 3749 ut
963 3679 1007 3749 de
1036 3676 1191 3768 Scipione

124 3797 282 3872 Africano
298 3801 356 3871 illo
372 3801 496 3893 primo,
514 3801 613 3871 cuius
631 3823 767 3887 nomen,
783 3802 907 3872 mirum
925 3772 1029 3883 unde,
1044 3820 1065 3868 a
1081 3797 1191 3890 prima

126 3922 207 3991 mihi
230 3933 333 3994 aetate
356 3945 474 3994 carum
497 3924 574 4006 tuit,
601 3925 769 4016 poeticum
795 3922 923 4015 aliquid
948 3921 1083 3992 heroico
1113 3940 1191 3989 car-

125 4044 214 4114 mine
238 4045 434 4117 scriberem.
465 4046 566 4128 Quod
598 4057 679 4119 tune
709 4067 836 4136 magno
865 4056 1015 4136 coeptum
1044 4043 1187 4133 impetu,

125 4166 229 4237 variis
249 4188 334 4237 mox
354 4166 540 4237 distraetus
565 4167 658 4237 curis
679 4165 860 4247 intermisi,
884 4164 960 4247 sed,
983 4161 1127 4232 subiecti
1145 4161 1190 4233 de

123 4290 265 4373 nomine,
284 4289 411 4361 Atrieae
431 4312 554 4361 nomen
571 4289 658 4360 libro
678 4288 773 4370 dedi,
795 4287 888 4378 operi
909 4283 1025 4355 neseio
1043 4306 1114 4378 qua
1133 4286 1189 4356 vel

124 4434 186 4483 sua
211 4416 267 4484 vel
291 4435 369 4484 mea
393 4416 529 4485 fortuna
549 4414 673 4485 dilecto
697 4411 814 4481 multis
835 4418 1018 4500 antequam
1041 4409 1187 4500 cognito.

123 4534 191 4607 lllis
216 4536 252 4606 in
275 4536 359 4608 locis
383 4556 515 4608 moram
540 4535 704 4619 trahenti,
730 4532 823 4606 dictu
848 4531 1017 4617 mirabile,
1038 4554 1108 4605 uno
1133 4531 1188 4603 die
