2692 5024
167 664 227 731 106
505 676 549 727 nn
567 674 671 727 amus
690 672 915 727 ammanus

166 819 304 909 asserit,
332 841 400 914 ego
428 830 546 893 autern
566 818 757 904 adversor,
782 840 847 891 neo
867 828 982 891 mmen
1003 819 1092 907 ideo,
1114 820 1253 917 siquid

168 965 281 1039 usque
305 950 457 1015 vetustae
481 941 607 1015 indolis
632 941 814 1027 remansit,
842 943 919 1014 viro
943 942 1053 1035 dignu
1077 944 1253 1037 querime

167 1066 246 1151 nia,
267 1064 422 1139 oblatum
442 1064 509 1137 sibi
530 1072 655 1158 sponte
673 1063 898 1157 deplorantis,
921 1066 1016 1158 quod
1043 1067 1120 1139 aliis
1140 1066 1252 1141 ambi-

168 1200 234 1263 tur.
254 1189 370 1261 Locus
385 1189 450 1275 bic,
464 1211 568 1282 quem
582 1187 644 1260 tibi
656 1187 883 1280 magistratus
900 1187 1091 1276 ordinavit,
1109 1192 1252 1284 provin-

164 1311 220 1383 cia
243 1320 304 1383 tua
326 1320 393 1381 est.
419 1309 495 1381 Non
520 1319 669 1404 possunt
691 1330 813 1383 omnes
837 1332 919 1382 oum
938 1309 1069 1401 ingenti
1093 1314 1249 1386 exercita

165 1433 203 1505 in
213 1431 366 1507 Africum
385 1433 546 1517 transire,
565 1432 788 1527 detractoque
798 1454 848 1505 ex
863 1432 962 1505 ltalia
978 1432 1183 1521 Hannibale,
1198 1435 1252 1507 in-

166 1553 291 1627 festam
310 1572 512 1646 oppugnare
535 1552 792 1645 Carthaginem.
817 1553 892 1625 No'n
913 1560 1073 1645 possunt,
1094 1553 1182 1624 alias
1201 1576 1251 1626 ex

167 1674 246 1747 aliis
263 1674 489 1769 propagando
508 1675 683 1761 victorias,
705 1696 798 1747 nunc
817 1672 1023 1747 rebellantes
1043 1673 1247 1768 Hispanias,

168 1818 262 1869 nunc
285 1796 433 1871 obsessa
456 1794 682 1891 praedonibus
707 1796 831 1882 maria,
857 1818 949 1869 nunc
980 1792 1183 1867 Armeniam
1208 1814 1251 1867 ac

167 1916 338 2007 Iudaeam,
359 1929 396 1991 et
415 1918 521 1992 totius
540 1918 692 1992 Orientis
709 1937 818 2010 regna
834 1926 1027 2009 penetrare.
1042 1918 1121 1990 Non
1137 1919 1250 1991 omni-

167 2039 236 2111 bus
255 2041 377 2113 datum
396 2051 465 2127 est,
493 2050 553 2113 aut
576 2040 694 2114 tractis
720 2038 894 2111 Numidiae
918 2038 1055 2113 viribus
1078 2047 1116 2111 et
1139 2039 1251 2112 conti-

167 2163 284 2234 nuatis
313 2161 468 2257 imperiis
491 2184 513 2235 a
537 2163 681 2236 meridie
700 2162 736 2233 in
756 2160 901 2233 boream
922 2183 1021 2233 arma
1045 2164 1248 2247 transferre,

168 2283 448 2377 brevissimoque
473 2294 630 2378 tempore
655 2283 801 2357 tinctum
827 2281 960 2379 Libyco
987 2283 1158 2387 sanguine
1176 2286 1252 2375 glu-

166 2405 265 2480 dium
286 2406 481 2478 Teutonicis
499 2428 541 2478 ac
562 2405 743 2478 Cimbricis
764 2426 920 2477 mersare
944 2406 1147 2489 cruoribus;
1174 2416 1247 2490 aut,

165 2527 272 2602 Gallis
293 2529 362 2599 late
382 2525 611 2619 praedomitis,
631 2536 668 2598 et
685 2525 827 2618 regibus
847 2527 894 2600 ad
911 2527 1098 2601 violentam
1114 2528 1251 2599 confes-

169 2650 302 2722 sionem
336 2650 505 2721 Romanae
536 2647 676 2719 virtutis
705 2649 881 2736 adductis,
907 2650 988 2722 hinc
1007 2650 1142 2735 Rheni,
1159 2650 1252 2722 illinc

168 2771 295 2842 Oceani
313 2773 470 2842 claustra
490 2792 732 2863 perrumpere,
753 2784 790 2844 et
808 2773 1028 2844 Germaniam
1048 2782 1154 2865 atque
1173 2771 1249 2842 Bri-

168 2891 319 2966 tanniam
336 2914 405 2965 uno
417 2893 549 2987 impetu
559 2896 709 2977 calcare,
722 2918 787 2968 nec
799 2895 962 2967 omnibus
974 2894 1154 2987 contingit,
1170 2905 1251 2967 ante

168 3040 310 3090 currum
332 3038 436 3109 reges
457 3017 612 3110 captivos
639 3040 754 3110 agere.
781 3019 865 3090 llaec
889 3018 982 3089 enim
1008 3015 1248 3112 Scipionibus,

168 3141 350 3234 Pompeiis,
366 3141 497 3221 Mariis,
511 3139 712 3213 Caesaribus
732 3139 950 3233 AEmiliisque
962 3149 1144 3212 reservata
1157 3146 1249 3211 sunt.

168 3263 229 3334 llis
246 3273 282 3333 et
300 3263 471 3335 similibus
490 3264 576 3334 viris
593 3262 798 3335 absentibus
816 3273 993 3335 certamen
1009 3262 1074 3335 luit
1091 3284 1170 3334 cum
1188 3261 1252 3333 bo

168 3393 222 3455 ste
234 3385 437 3477 longinque,
453 3385 513 3457 tibi
530 3408 611 3457 cum
631 3386 737 3457 exilio
750 3408 868 3478 pugna
883 3394 953 3456 est:
969 3384 1070 3457 cuius
1083 3385 1251 3478 impetum

167 3529 237 3580 non
269 3508 361 3576 leres
394 3507 510 3590 modo,
547 3507 612 3578 sed
637 3512 786 3602 repelles
811 3519 847 3580 et
870 3518 1047 3593 conteres,
1076 3507 1105 3579 si
1130 3506 1252 3599 cupias

166 3628 414 3724 quodcumque
430 3652 577 3702 necesse
594 3641 665 3717 est,
686 3632 714 3703 si
728 3632 843 3703 animo
857 3642 916 3704 tuo
929 3631 1159 3724 persuaseris,
1175 3629 1254 3701 uni-

167 3775 246 3825 cum
268 3752 443 3825 adversus
464 3774 590 3846 aspera
610 3755 770 3849 clypeum
790 3776 873 3827 esse
893 3753 1081 3847 patientiae,
1104 3764 1141 3824 et
1160 3752 1252 3823 illam

168 3875 433 3948 saluberrimam
447 3876 624 3948 Cleanthis
638 3899 773 3963 vocem,
782 3878 817 3948 in
829 3878 973 3950 latinum
987 3877 1032 3949 ab
1041 3875 1176 3948 Annaeo
1191 3874 1254 3944 Se-

167 4021 253 4072 neca
274 4002 491 4084 translatam,
507 3999 542 4071 in
557 4012 653 4073 tuum
667 4012 790 4094 pectus
812 4003 879 4073 alte
896 3999 1098 4075 demiseris:
1118 3997 1253 4069 Ducant

167 4125 331 4194 volentem
344 4126 432 4214 sata,
451 4125 617 4196 nolentem
639 4125 783 4196 trabunt.
805 4124 901 4197 Vale.
