2692 5024
539 716 579 763 nr
601 715 701 764 nunus
723 714 948 763 annullamus
1070 776 1074 781 Ι

602 979 781 1044 urlsroll
803 978 873 1041 xvl.

322 1173 516 1224 r'ltanclscus
534 1171 702 1220 Pertinaci
721 1170 851 1220 dumont
874 1170 1011 1220 serrato
1034 1172 1060 1220 S.
1082 1174 1112 1223 Ρ.
1135 1174 1168 1223 D.

373 1350 515 1418 Queritnr,
530 1350 636 1404 litteras
649 1349 684 1404 ad
696 1349 777 1403 illum
792 1349 908 1421 scriptas
921 1365 951 1405 se
964 1350 1101 1406 amisisse.

293 1583 484 1678 Epistulam
502 1579 569 1653 sub
587 1592 646 1653 tun
659 1583 800 1654 nomine
820 1583 1034 1678 descriptam
1052 1582 1202 1676 perdidi.
1216 1586 1287 1659 Hoc

196 1707 282 1778 mihi
297 1717 334 1778 et
349 1704 459 1776 nuntii
477 1705 612 1797 longior
631 1705 841 1800 expectatio,
869 1714 905 1777 et
929 1705 1103 1778 sociorum
1123 1727 1286 1802 praeceps

195 1831 294 1900 favor
314 1829 441 1911 attulit;
464 1829 535 1921 qui,
552 1826 637 1898 dum
654 1827 800 1900 assiduo
820 1848 991 1899 novarum
1005 1850 1124 1901 rerum
1145 1829 1286 1902 deside-

198 1951 248 2022 rio
269 1962 305 2023 ct
321 1950 373 2045 (ut
394 1949 501 2022 Solini
522 1950 633 2021 verbo
655 1948 744 2043 utar)
773 1949 1008 2045 impatientius
1032 1950 1152 2045 ponus
1180 1974 1285 2046 quam

198 2072 391 2145 studiosius
412 2095 475 2166 per
499 2071 744 2143 bibliothecam
766 2093 880 2142 meam
901 2093 998 2142 more
1025 2074 1126 2144 solito
1152 2096 1285 2166 vagan-

198 2208 251 2268 tes
269 2196 303 2267 iu
322 2197 413 2268 illam
434 2194 653 2278 incidissent,
681 2196 842 2285 legerunt
861 2203 897 2264 et
917 2195 1078 2277 tulerunt,
1099 2195 1283 2286 ignorante

198 2341 269 2404 me,
288 2317 402 2402 veriti,
422 2326 461 2387 ut
481 2327 659 2402 asserunt,
682 2339 727 2387 ue
749 2316 852 2402 sicut,
872 2315 992 2387 amicis
1019 2316 1282 2408 indignantibus

197 2451 232 2511 et
252 2438 525 2511 incuriositatem
553 2458 667 2507 meam
694 2435 949 2521 damnantibus,
972 2434 1057 2506 mibi
1079 2439 1282 2532 plerumque

198 2562 406 2651 contigerat,
428 2560 520 2629 illius
541 2559 645 2630 etiam
668 2559 797 2652 periret
814 2561 1025 2652 exemplum.
1047 2560 1136 2652 Ego,
1165 2583 1205 2633 re
1229 2585 1281 2634 oe

198 2682 307 2773 gnita,
324 2691 362 2751 ut
382 2681 466 2751 mihi
489 2680 695 2751 redderetur
720 2680 905 2752 instabam.
932 2682 982 2751 llli
1003 2691 1119 2752 autem
1142 2686 1282 2756 festina·

198 2802 291 2874 bant.
307 2804 396 2888 Quid
411 2813 444 2873 te
464 2807 604 2873 moror?
623 2804 754 2874 Verum
775 2805 942 2896 estquod
959 2804 1179 2897 aitquidam,
1200 2811 1281 2877 mule

197 2938 317 2996 cuncta
333 2929 500 2996 ministret
520 2928 669 3018 impetus.
696 2928 785 2996 Dum
813 2927 905 2996 enim
932 2949 1053 2999 omnes
1074 2927 1208 3000 habere
1225 2953 1282 3002 cu-

197 3049 306 3140 piunt,
341 3049 458 3118 nullus
484 3045 619 3129 habuit;
650 3046 805 3138 dumque
835 3047 989 3117 omnium
1017 3052 1281 3122 consensuum

197 3168 381 3240 scribenda
411 3169 571 3253 traditur,
606 3169 662 3240 ille
683 3190 761 3241 eam
782 3171 935 3240 omnium
966 3194 1045 3242 cum
1078 3171 1204 3245 dolore
1229 3176 1281 3245 vel

196 3291 326 3375 amisit,
341 3293 398 3361 vel
412 3292 573 3362 amisisse
588 3290 777 3375 simulavit;
794 3292 944 3385 qualiter
956 3294 1088 3378 nescio,
1104 3297 1174 3366 nisi
1189 3297 1283 3390 quod

198 3412 243 3483 ad
263 3413 382 3482 oculos
405 3434 502 3484 meos
528 3416 617 3484 ultra
642 3435 711 3483 non
744 3413 855 3484 rediit.
888 3416 1000 3487 Unum
1034 3416 1184 3503 fatebor,
1221 3442 1282 3492 nec

196 3532 401 3605 erubescam
430 3535 662 3606 testimonium
691 3546 798 3607 tuum.
833 3537 1016 3630 Nunquam
1050 3540 1283 3615 credidissem

196 3656 291 3750 quod
312 3680 367 3727 res
389 3659 457 3728 ulla
479 3667 549 3728 tam
570 3681 693 3753 parva,
723 3668 792 3729 tam
824 3682 962 3752 maguae
988 3661 1074 3733 mihi
1097 3664 1190 3735 soret
1208 3688 1284 3760 per·

197 3777 402 3850 turbationis
416 3802 534 3852 eausa.
555 3781 645 3852 Raro
661 3805 813 3874 unquam
829 3784 914 3854 alias
932 3784 1151 3875 fragilitatem
1167 3810 1282 3861 meam

196 3902 247 3973 sic
266 3901 446 3975 evidenter
478 3905 617 3996 agnovi.
647 3905 849 3997 Torquebar
881 3906 983 3992 enim,
1005 3917 1040 3978 et
1067 3914 1282 4002 permultos

195 4023 271 4096 dies
289 4036 480 4119 noctesque
499 4025 670 4120 perditam
693 4028 894 4120 quaerebam
917 4029 1021 4100 simul
1041 4040 1076 4099 et
1095 4032 1281 4122 querebar,

196 4159 232 4218 et
251 4171 344 4219 nuno
365 4151 583 4222 temerariam
607 4148 781 4221 sociorum
805 4149 975 4235 fiduciam,
991 4173 1083 4223 nunc
1099 4154 1283 4228 levitatem

195 4291 307 4340 meam
322 4272 558 4364 increpabam:
574 4273 640 4344 illis
655 4272 876 4366 exprobrans
894 4273 997 4366 quud,
1006 4278 1084 4366 plus
1097 4297 1210 4371 aequo
1224 4282 1284 4352 sti-

195 4393 266 4461 lum
288 4394 380 4465 hunc
399 4395 574 4480 mirantes,
598 4398 794 4491 importune
820 4409 983 4489 agereut;
996 4397 1080 4467 mihi
1097 4403 1200 4492 quod
1220 4406 1286 4478 im-

196 4524 364 4587 maturam
380 4516 524 4606 gloriam
542 4541 562 4587 e
580 4518 740 4612 primitiis
755 4520 948 4592 studiorum
963 4541 1141 4612 quaercnS,
1157 4530 1286 4603 amicis
