2768 4980
141 636 201 703 Ἀθ
478 656 520 707 ur
541 656 641 708 annus
662 656 884 708 rrurruarnns

142 800 364 873 serenissima
384 802 495 873 fronte
515 814 551 873 et
570 800 773 895 aequissimo
792 801 907 895 animo
924 803 1099 887 transivit
1116 803 1164 876 ita
1181 815 1223 877 ut

140 921 293 996 adventu
313 922 390 995 eius
409 946 480 996 non
506 935 575 996 tam
601 945 678 1009 sua,
704 946 809 1018 quam
835 925 988 997 locorum
1013 925 1118 999 iacies
1142 950 1223 1000 mu·

140 1055 225 1128 tatn;
243 1056 394 1119 nectam
412 1047 538 1141 ipsein
555 1046 893 1142 Vasconiam,quam
913 1047 1085 1120 Vasconia
1105 1050 1222 1122 omnis

139 1168 173 1240 in
206 1170 337 1279 ltaliam
365 1150 547 1242 transiisse
571 1171 760 1242 videretur.
788 1169 888 1255 Quod
913 1169 980 1242 iter
1004 1192 1071 1263 ego
1097 1194 1221 1245 secum

137 1293 209 1387 egi3
231 1304 268 1366 ct
291 1317 347 1366 mc
370 1294 504 1366 felicem
529 1293 722 1366 recordatio
748 1296 822 1367 sola
845 1294 939 1379 lacit,
965 1293 1050 1366 dum
1076 1295 1222 1367 memini

137 1431 174 1493 et
192 1417 494 1492 mansuetudinem
514 1420 549 1490 in
568 1440 611 1491 ea
630 1421 778 1502 fortuna,
800 1417 1079 1492 etbumilitatem
1097 1418 1221 1491 inillis

139 1553 188 1616 tot
207 1554 340 1616 naturae
359 1542 513 1628 dotibus,
532 1552 569 1615 et
582 1542 801 1618 honestatem
817 1543 855 1614 in
870 1564 912 1616 ea
930 1544 1046 1637 specie
1062 1544 1221 1638 corporis

137 1666 391 1738 admirandam:
412 1668 563 1762 denique
582 1667 666 1741 dum
687 1667 723 1738 in
742 1668 897 1741 animum
917 1668 1008 1740 redit
1027 1669 1084 1739 illa
1103 1688 1216 1741 caere-

137 1788 330 1861 moniarum
350 1792 505 1862 omnium
525 1791 617 1884 iugis
643 1791 838 1884 integritas,
864 1803 969 1885 atque
994 1791 1052 1862 illa
1077 1790 1220 1865 iuvenis

135 1910 311 1985 Pontificis
332 1916 481 2008 optanda
501 1915 615 2011 potius
641 1912 783 1987 senibus
808 1936 914 2009 quarn
939 1914 1112 2009 speranda
1136 1938 1221 2008 gra-

135 2036 239 2110 vitas.
261 2037 378 2110 Sicubi
397 2049 569 2110 errantem
590 2037 755 2124 audieris,
782 2039 1003 2132 interrumpe.
1030 2040 1115 2111 Toto
1140 2039 1220 2133 qui-

136 2158 216 2232 dem
234 2161 291 2233 illo
308 2170 463 2254 tempore
480 2184 685 2255 germanum
701 2162 979 2234 amantissimum
997 2185 1067 2235 non
1083 2161 1216 2235 vidisti.

98 2313 102 2322 ·
136 2282 181 2355 At
200 2283 281 2357 inde
298 2285 437 2357 rediens
456 2285 611 2377 substitit
626 2287 782 2369 sortasse,
797 2305 928 2357 usurus
945 2287 1130 2379 aliquando
1148 2288 1219 2358 sra-

136 2406 199 2478 tris
225 2407 443 2500 optatissimo
471 2408 642 2479 convictu.
676 2409 845 2501 Sperasse
876 2407 1018 2499 quidem
1050 2406 1087 2478 id
1120 2407 1217 2494 illum

134 2549 224 2611 reor;
247 2549 325 2599 nam
346 2537 486 2620 optasse
506 2537 623 2599 certus
646 2548 747 2598 sum:
770 2527 834 2598 sed
852 2549 906 2612 ea,
929 2548 1010 2620 quae
1030 2535 1129 2597 actus
1151 2526 1215 2597 bo-

134 2649 267 2719 minum
292 2647 487 2740 dispensat,
509 2648 649 2719 domina
668 2648 843 2741 probibuit
862 2650 1008 2720 fortuna.
1036 2646 1216 2739 Siquidem

133 2780 170 2842 et
188 2771 314 2842 domus
333 2781 368 2842 et
388 2769 509 2865 patriae
528 2768 705 2842 laboribus
726 2793 767 2843 ac
786 2770 931 2843 vocibus
949 2771 1132 2853 excitatus,
1147 2771 1218 2841 Ro-

136 2914 226 2965 mam
258 2903 398 2966 coactus
430 2902 486 2965 est
516 2902 647 2987 petere3
673 2914 743 2987 quo
767 2902 803 2964 et
826 2914 901 2986 ogo,
924 2893 985 2987 qui
1006 2902 1088 2965 tunc
1113 2894 1217 2985 longe

135 3016 287 3102 aberam,
304 3015 419 3111 ipsum
434 3015 485 3112 (ut
505 3015 586 3110 scis)
607 3015 755 3088 dulciter
771 3026 988 3101 evocantem,
1009 3026 1042 3088 te
1059 3015 1122 3086 vix
1141 3026 1219 3086 tan-

134 3140 213 3213 dem
234 3141 465 3235 permittente,
495 3151 635 3214 secutus
662 3162 751 3212 snm.
778 3140 902 3222 Credo,
924 3140 960 3213 id
980 3149 1106 3232 agente
1127 3139 1216 3220 Deo,

135 3273 174 3334 ut
186 3264 336 3356 geminae
349 3264 488 3336 virtutis
501 3266 644 3337 mirator
657 3286 698 3337 ac
712 3264 823 3349 testis,
838 3286 924 3361 paco
937 3264 1106 3356 belloque,
1123 3260 1217 3333 illius

135 3386 428 3480 providentissimi
449 3389 597 3483 pectoris
618 3387 771 3460 consiliis
792 3388 1008 3459 interessem.
1031 3372 1232 3477 Septennio'

135 3508 171 3579 in
196 3509 307 3601 patria
330 3521 454 3582 exacto
473 3532 515 3582 ea
536 3511 676 3605 pietate,
698 3532 810 3603 eaque
830 3509 935 3580 animi
952 3505 1159 3591 constantia,
1178 3515 1218 3578 ut

136 3633 360 3728 reliquiarum
394 3655 536 3705 suarum
567 3634 662 3703 illum
694 3631 835 3704 unicum
865 3642 1080 3703 servatorem
1106 3631 1217 3702 Roma

137 3768 373 3852 recognoscat,
392 3767 427 3828 et
445 3758 539 3852 quod
555 3755 590 3826 in
608 3756 743 3828 cineres
761 3776 830 3826 non
843 3764 914 3827 tota
927 3753 1105 3834 corruerit,
1124 3751 1217 3824 illius

136 3883 243 3954 etiam
260 3903 352 3954 nunc
364 3880 537 3953 cineribus
556 3901 595 3950 se
612 3878 739 3950 debere
751 3880 912 3955 fateatur,
932 3875 976 3948 ad
992 3883 1217 3969 conspectum

138 4016 235 4079 tuum
250 4005 439 4078 novissime
453 4002 629 4075 remeavit.
643 4001 764 4094 Neque
776 4001 925 4096 amplius
940 3996 1103 4082 substitit,
1111 4016 1216 4091 quarn

136 4143 175 4203 ut
196 4131 257 4202 tibi
280 4153 482 4225 supremum
502 4150 570 4201 ave
590 4127 693 4199 simul
710 4136 745 4197 et
761 4128 839 4197 vale
859 4124 998 4197 diceret.
1016 4122 1108 4193 lllioo
1124 4117 1216 4192 enim

136 4265 172 4325 et
202 4254 353 4326 doscrtm
381 4254 473 4326 sedis
503 4253 706 4324 viduitatem
732 4249 932 4332 miseratus,
960 4257 995 4318 et
1022 4240 1217 4318 solitudinis

138 4375 277 4461 aviduS,
313 4400 416 4471 quam
443 4375 617 4449 diuturnis
642 4377 847 4471 populorum
872 4367 1099 4445 concursibus
1123 4387 1219 4439 com-

139 4519 286 4592 pensare
318 4500 535 4582 decreverat,
563 4496 748 4590 aliquando
775 4493 840 4567 sibi
866 4493 932 4589 ipsi
958 4491 1130 4575 victurus,
1156 4485 1220 4582 qui
