2692 5024
177 666 236 731 ala
305 668 308 673 '
514 675 558 725 nn
576 674 680 725 mans
700 672 924 725 susurramus

60 804 64 811 ’
176 834 257 893 tam.
274 814 367 901 Quid
385 814 478 889 enim
498 814 580 887 huie
598 814 729 887 facias?
753 813 846 901 Quid
876 814 1057 910 loquaris?
1084 816 1189 890 Delio
1215 820 1269 892 lo

175 942 307 1039 queris,
330 936 528 1034 etquidem
552 939 670 1034 pleno,
702 946 740 1009 et
769 936 819 1009 nil
850 937 989 1035 penitus
1022 960 1263 1035 responsum,

175 1065 225 1137 nil
243 1064 472 1146 intellectum,
492 1059 541 1133 nil
559 1040 665 1133 etiam
685 1059 858 1135 audituro.
877 1061 1087 1159 Porproprie
1110 1062 1150 1135 in
1168 1063 1266 1138 hene

175 1187 313 1263 dixisse
347 1184 501 1262 Licinius
541 1185 692 1257 Crassus
732 1182 929 1270 videretur,
967 1186 1074 1259 modo
1113 1186 1300 1261 barbam·

175 1332 309 1385 oeneam
329 1308 493 1392 haberet3
512 1318 640 1382 oaetera
663 1306 757 1381 enim
780 1306 924 1409 adsunt,
945 1330 987 1382 os
1006 1292 1175 1396 ferreum,
1204 1332 1268 1384 eor

174 1432 391 1529 plumbeum,
410 1431 531 1525 utique
546 1432 694 1505 oalosas
710 1451 829 1517 aures,
847 1431 1087 1525 onllosumque
1103 1432 1267 1507 animum

176 1555 293 1629 habet.
313 1554 448 1627 Callum
467 1552 658 1627 mendaciis
678 1552 928 1651 superductum
948 1574 1035 1627 vera
1058 1554 1172 1627 verbu
1195 1577 1267 1629 non

175 1685 367 1777 penetrant
386 1675 513 1749 Nescio
531 1698 577 1749 an
591 1696 640 1750 ox
658 1675 727 1749 illis
747 1675 810 1761 sis,
831 1674 961 1773 quibus
984 1674 1132 1771 perdere
1152 1679 1265 1755 verba

175 1800 254 1871 leve
272 1806 338 1869 est.
358 1796 447 1871 lllnd
466 1805 562 1869 certe
582 1795 675 1882 soio;
704 1816 787 1892 quan
813 1796 850 1869 in
869 1796 1010 1871 homine
1042 1797 1156 1871 verba
1183 1823 1265 1897 pcr-

174 1919 318 2007 duntur,
343 1918 531 1995 tolerabilis
554 1922 644 1994 lorle
671 1919 824 2004 iaeturn3
845 1918 914 2017 nisi
930 1910 1155 2017 contemptus
1183 1921 1265 1997 hinc

175 2042 280 2117 simul
297 2051 404 2139 atque
422 2043 543 2119 odium
563 2053 816 2139 quaererentur.
837 2044 935 2116 Vale.

317 2190 469 2261 numiano,
483 2189 524 2247 ΙΙΙ
539 2189 602 2247 Kal.
618 2190 713 2247 Malao

590 2573 766 2639 eplslonl
792 2575 846 2639 Vll.

405 2759 598 2809 salnclscus
620 2759 789 2809 PETRARCA
813 2762 854 2811 ln
872 2763 1023 2814 lenonum

298 2936 505 3010 loquacitatem
518 2936 553 2992 ab
567 2937 724 3009 eloquentia
736 2956 823 3011 quam
836 2940 997 3012 longissime
1011 2943 1136 3000 dillerre.

272 3156 372 3240 Quod
392 3158 438 3229 ad
456 3154 609 3228 studium
624 3157 672 3228 rei
689 3157 867 3231 familiaris
887 3157 1023 3246 attinet,
1043 3183 1260 3240 coacervan-

174 3278 307 3371 dasque
325 3277 478 3364 divitias,
507 3275 850 3372 providentissimum
874 3281 1048 3353 hominem
1082 3287 1260 3361 omnium-

174 3423 243 3494 que
275 3421 364 3493 quos
395 3423 462 3493 ego
498 3401 638 3495 quidem
672 3401 829 3474 noverim
865 3404 1258 3500 circumspectissimum

175 3543 243 3594 non
262 3543 374 3614 nego;
396 3522 525 3615 quique
545 3544 614 3594 non
634 3522 669 3592 in
688 3525 789 3595 vultu
810 3518 958 3609 mutum,
989 3525 1081 3612 sed,.
1096 3538 1136 3600 ut
1154 3530 1259 3605 Plau-

48 3668 52 3675 ·
174 3644 245 3716 tina
264 3666 367 3731 anuo,
398 3647 434 3715 in
456 3645 613 3737 occipitio
634 3667 773 3740 qnoque
793 3649 912 3720 oculos
939 3647 1055 3720 habet.
1079 3650 1256 3726 Caeterum

172 3766 208 3838 in
228 3788 271 3839 eo
291 3767 385 3861 quod
403 3765 448 3838 de
467 3767 665 3860 eloquentia
683 3768 833 3841 hominis
860 3770 1036 3856 addidisti,
1058 3776 1162 3868 longe
1182 3777 1259 3849 dis-

174 3891 296 3963 sentio.
318 3892 411 3962 lnter
430 3890 615 3962 facundum
635 3890 728 3963 enim
757 3915 798 3966 ac
820 3895 999 3990 loquacem
1032 3897 1176 3989 largiter
1201 3923 1258 3972 re-

173 4015 248 4084 fert.
278 4012 436 4085 Alterum
468 4013 644 4106 qualitatis
664 4024 733 4101 est,
761 4018 964 4109 quantitatis
991 4022 1161 4105 alterum3
1188 4022 1259 4096 hoc

173 4133 349 4226 ingenium
369 4146 405 4207 et
428 4158 487 4208 ars
507 4145 543 4206 ct
562 4137 765 4210 exercitatio
786 4141 966 4226 modesta,
989 4141 1073 4214 illud
1094 4163 1258 4240 praeceps

173 4253 322 4348 impetus
339 4268 374 4328 et
389 4258 598 4354 impudentia
618 4259 843 4356 praestabunt.
869 4262 1048 4335 Contraria
1065 4275 1150 4336 sunt
1163 4268 1257 4340 haec:

173 4379 326 4471 plerique
360 4382 535 4453 tamenin
559 4382 789 4457 discernendo
821 4386 996 4458 falluntur.
1027 4387 1092 4471 Tu,
1119 4387 1180 4462 illo
1206 4393 1259 4463 lo

173 4508 313 4592 quanto,
332 4502 362 4573 si
378 4503 579 4596 diligentius
599 4507 752 4581 animum
779 4507 986 4593 adverteris,
1008 4508 1197 4601 fateberis,
1220 4527 1260 4587 ut
