2692 5024
356 687 449 737 tisun
471 687 827 739 userius-uplsrotn
848 688 900 738 XX.
1106 674 1165 741 485

88 834 239 908 habilem
272 854 414 906 causam
447 843 552 905 tantae
585 833 786 905 mutationis
809 835 989 929 expedias.
1015 833 1165 909 Nuntius

87 960 176 1031 alter
186 957 329 1030 alterius
341 956 490 1049 vestigia
502 955 649 1049 urgebit.
657 958 864 1030 Litterarum
877 979 1034 1030 mearum
1047 959 1164 1031 acervi

87 1092 168 1153 anm
188 1082 308 1152 oculos
328 1089 407 1151 tuos
430 1089 544 1151 erunt.
571 1079 680 1152 Amici
704 1080 850 1172 digitum
874 1091 910 1152 et
932 1085 1074 1154 anulum
1101 1104 1165 1154 no

88 1205 148 1277 sti:
173 1204 320 1276 intactas
345 1201 494 1275 abiicere
520 1225 617 1275 amor
641 1212 677 1275 et
700 1205 911 1277 verecundia
935 1227 1005 1277 non
1035 1207 1159 1279 sinent.

86 1328 248 1422 Aperies,
271 1326 350 1398 licet
368 1327 473 1398 nolis:
494 1327 582 1423 ipsae
603 1326 663 1399 tibi
685 1327 917 1412 blandientur,
937 1338 975 1402 ut
991 1333 1161 1423 perlegas,

87 1453 140 1524 lta
156 1450 217 1544 qui
238 1449 356 1522 brevis
378 1451 559 1544 scripturae
579 1428 730 1522 laborem
749 1452 855 1544 iugis,
873 1454 989 1546 longae
1006 1453 1163 1526 lectionis

85 1574 264 1649 festidium
285 1597 354 1647 non
373 1572 515 1646 evades.
538 1574 574 1644 Si
593 1574 679 1669 quid
698 1574 803 1666 igitur
826 1574 912 1663 mibi
930 1575 1053 1663 credis,
1081 1599 1163 1650 ocu-
1182 1607 1184 1611 ·

86 1701 140 1770 los
161 1708 239 1769 tuos
256 1696 444 1789 digitorum
461 1696 592 1769 auxilio
608 1697 730 1783 libera,
749 1707 785 1770 et
802 1697 1024 1792 ignobiliores
1041 1722 1164 1794 corpo-
1248 1770 1255 1782 ,

86 1818 136 1889 ris
152 1816 200 1889 tui
215 1815 569 1912 partesnobilioribus
583 1818 714 1890 servire
727 1819 823 1892 doce.
838 1819 962 1916 Arripe
975 1823 1162 1907 calamum;

85 1963 155 2013 non
176 1942 312 2013 insueta
333 1940 480 2025 suadeo;
505 1943 660 2013 calanms
684 1942 730 2013 ab
754 1942 896 2014 infantia
921 1944 1058 2035 gladius
1080 1955 1161 2016 tuu's

84 2075 152 2137 est.
173 2062 300 2137 Adulta
321 2076 425 2150 aetas,
445 2073 482 2135 et
500 2064 624 2161 patriae
645 2074 758 2137 status
780 2065 824 2137 ad
851 2065 916 2138 alia
936 2076 970 2137 te
994 2066 1161 2159 deinceps

84 2210 183 2262 arma
215 2198 413 2281 rapuerunt.
447 2191 594 2261 Demum
627 2190 674 2262 ad
706 2191 938 2261 Romanorum
958 2190 1161 2263 Pontificum

84 2311 275 2407 quietiores
295 2315 403 2398 aulas,
432 2312 629 2385 retrahente
652 2313 735 2395 sato,
762 2323 798 2384 et
822 2312 868 2384 ad
883 2315 1025 2408 antiqua
1045 2314 1160 2402 studia

85 2433 231 2507 rediisti.
265 2433 357 2517 Quid
388 2434 495 2526 igitur
525 2437 627 2529 peto‘l
658 2437 728 2506 Fac
758 2435 852 2529 quod
883 2435 1038 2530 quotidie
1061 2437 1157 2520 lacis;

84 2556 199 2630 scribe
221 2555 361 2649 aliquid:
387 2558 440 2628 lac
460 2557 577 2629 itidem
599 2558 694 2651 quod
717 2581 893 2652 nunquam
921 2558 1020 2642 iacis3
1047 2559 1160 2631 scribe

84 2681 180 2756 mibi.
198 2681 281 2752 Mox
297 2701 420 2772 nempe
434 2681 637 2765 subsistam,
657 2693 693 2753 et
711 2685 766 2753 vel
778 2682 892 2754 rarius
909 2662 1056 2755 scribam
1075 2684 1158 2777 ipse,

83 2805 143 2877 vel
163 2803 317 2874 brevius.
340 2803 489 2887 Vicisse‚
508 2816 542 2875 et
559 2806 604 2878 dc
621 2806 687 2877 ista
707 2807 833 2878 silentii
851 2809 900 2878 tui
917 2830 998 2878 arce
1015 2816 1049 2879 te
1064 2808 1161 2880 deie-

83 2927 176 2999 cisse
201 2925 358 2997 sufficiet.
385 2927 448 2998 Hic
474 2937 588 2999 tamen
615 2928 699 3022 (scio
724 2930 780 3001 cui
805 2930 939 3023 loquor)
966 2929 1076 3000 veteri
1102 2931 1159 2999 illo

83 3058 121 3122 et
137 3051 272 3140 vulgari
288 3052 411 3146 clypeo
429 3060 539 3121 tectus
556 3073 731 3122 occurres:
746 3053 836 3136 Quid
848 3053 1014 3142 quereris,
1033 3054 1160 3121 frater?

84 3172 169 3246 nibil
189 3173 302 3245 babeo
322 3173 417 3265 quod
438 3173 597 3244 scribam.
619 3175 695 3265 Ego
713 3195 814 3256 vero,
835 3172 901 3243 etsi
928 3172 962 3243 in
985 3181 1079 3244 tauta
1105 3193 1160 3243 re-

82 3320 161 3368 rum
170 3297 278 3392 copia,
294 3295 420 3367 talibus
433 3295 572 3387 ingenio
582 3296 763 3388 eloquiove
774 3317 950 3389 nunquam
962 3296 1159 3369 defuturam

82 3420 258 3492 scribendi
276 3420 455 3492 materiam
473 3420 668 3492 crediturus
685 3419 823 3506 luerim,
842 3418 939 3493 facile
956 3418 1159 3514 persuaderi

84 3543 169 3614 mibi
190 3543 302 3637 patiar
322 3543 513 3638 quamlibet
534 3564 597 3617 seu
618 3564 738 3616 voram
764 3564 828 3615 seu
853 3541 966 3615 fictam
993 3563 1155 3625 causam,

82 3666 199 3762 potius
219 3688 336 3760 quam,
354 3667 541 3740 oblivionis
561 3666 723 3739 nebulam
739 3665 799 3737 tibi
815 3664 986 3737 silentium
999 3662 1158 3734 induxis-

85 3813 133 3863 se.
156 3792 229 3863 Hoc
248 3792 354 3885 igitur
375 3795 511 3879 saltem,
534 3793 628 3887 quod
648 3792 746 3865 multi
767 3790 812 3862 ab
832 3787 951 3861 amicis
972 3785 1156 3879 petierunt,

83 3914 147 3987 sed
167 3936 289 3986 eorum
309 3938 398 4010 quos
419 3937 486 4008 ego
509 3916 652 4008 legerim
679 3916 812 4010 primns
836 3912 990 3983 omnium
1017 3909 1156 3991 Cicero,

82 4016 207 4123 scribe,
228 4047 263 4108 te
297 4039 380 4108 nihil
414 4038 581 4110 babuisse
614 4038 709 4131 quod
738 4034 921 4108 scriberes.
948 4034 1020 4103 Hoc
1045 4031 1159 4126 ipsum

82 4162 214 4246 scribe,
242 4163 305 4235 sed
329 4162 405 4233 aliis
433 4173 548 4233 tamen
573 4160 703 4231 verbis.
729 4156 890 4250 Alioquin
917 4155 1023 4249 (quod
1047 4154 1159 4224 inten-

83 4283 186 4357 tionis
208 4307 297 4356 meae
318 4308 386 4357 non
407 4283 482 4379 luit)
506 4282 615 4354 breve
632 4280 735 4351 nimis
751 4288 786 4352 et
805 4287 963 4372 apertum
985 4274 1158 4350 evadendi

82 4407 145 4479 tibi
165 4407 231 4481 iter
255 4406 407 4481 ostendi:
429 4405 561 4478 evades
583 4403 627 4499 (si
648 4412 682 4473 te
702 4402 798 4497 novi)
821 4403 913 4473 saltu
933 4399 1049 4487 unico,
1069 4409 1105 4473 et
1125 4408 1158 4471 te

82 4552 152 4603 uno
178 4531 289 4605 verbo
308 4528 473 4615 redimes,
494 4535 634 4604 auctore
656 4547 723 4599 me.
741 4525 799 4599 Sic
813 4546 895 4619 ogo,
920 4524 1015 4621 quod
1039 4524 1157 4599 multis
