2692 5024
391 650 483 698 nrnnn
506 648 875 724 cernuus—snrsrom
897 651 947 698 vn.
1146 637 1202 699 lll

125 816 206 886 spes
228 816 267 864 ac
289 793 504 865 desiderium
524 803 757 889 oppresserat.
779 794 941 864 Naturale
961 804 1016 864 cst
1038 804 1075 865 ut
1096 795 1206 865 mino-

125 939 198 986 rem
220 916 421 1009 passionem
448 916 557 987 maior
582 914 779 987 absorbeat.
806 914 962 987 Ardebat
987 917 1125 987 animus
1151 940 1207 988 me

124 1060 241 1109 coram
266 1060 424 1121 cernere,
459 1048 494 1107 et
519 1059 656 1107 mecum
682 1039 726 1108 do
752 1038 835 1108 vitae
861 1038 965 1108 totius
991 1039 1206 1110 ordinatione

125 1160 311 1231 disserere.
334 1161 417 1232 lude
438 1168 638 1252 susceptum
661 1158 866 1250 derogare,
888 1171 935 1243 et,
959 1160 1065 1231 rebus
1092 1161 1126 1230 in
1147 1184 1207 1256 pa-

128 1282 191 1351 tria
213 1281 408 1375 dispositis,
431 1281 500 1351 huc
519 1282 661 1352 reverti.
683 1283 756 1353 Hoc
772 1282 824 1353 eis
846 1304 972 1375 nempe
992 1284 1207 1376 propositum

125 1417 214 1486 erat,
247 1402 293 1473 mi
318 1406 425 1472 frater
454 1424 495 1473 ac
520 1423 674 1473 meorum
700 1403 859 1476 dolorum
885 1426 1003 1476 comes
1031 1407 1142 1491 unice,
1171 1416 1209 1476 ut

128 1536 161 1597 te
186 1527 265 1596 illuc
286 1527 470 1607 accersito,
500 1525 602 1594 simul
629 1548 741 1618 usque
767 1526 814 1598 ad
837 1528 971 1598 exitum
994 1528 1207 1600 viveremus.

126 1648 225 1733 Quod
253 1648 359 1717 sime
384 1649 520 1718 Parmae
545 1649 773 1741 reperissent,
795 1660 932 1744 poterat
958 1672 1055 1722 mora
1076 1650 1209 1743 longior

126 1771 273 1839 fortunae
298 1766 459 1838 duritiem
493 1769 652 1840 fortassis
679 1769 875 1840 inllectere:
902 1783 1098 1843 mutassent
1122 1775 1209 1843 sorte

127 1890 323 1973 consilium,
347 1901 382 1961 et
403 1912 462 1982 per
479 1891 625 1963 nuncios
643 1891 729 1962 actis
747 1912 828 1984 quae
850 1893 960 1963 actori
977 1905 1078 1965 erant
1094 1895 1127 1965 iu
1149 1915 1211 1987 pa-

128 2013 208 2099 tria,
231 2013 296 2106 ipsi
320 2015 449 2085 amoris
476 2013 659 2085 dulcedine
685 2013 881 2108 compediti,
910 2038 1046 2087 mecum
1073 2017 1211 2109 insepa-

128 2135 279 2208 rabiliter
305 2136 530 2208 resedissent.
557 2138 601 2206 llt
625 2159 717 2207 nunc
741 2138 826 2230 quid
852 2136 1050 2230 prohiberet
1074 2138 1211 2229 quomi-

128 2282 194 2331 nus
217 2261 318 2330 simul
339 2280 464 2329 omnes
485 2281 647 2331 essemus
667 2259 701 2329 in
723 2261 839 2354 quiete
865 2262 921 2332 illa
948 2259 1052 2330 animi
1078 2261 1210 2332 diutins

128 2385 316 2473 exoptata?
328 2382 396 2453 Sed
409 2380 641 2453 adamantinis
658 2385 807 2454 latorum
823 2383 971 2455 vinculis
989 2383 1208 2467 tenebamur,

129 2513 164 2573 et
189 2513 227 2573 ut
259 2503 422 2574 abessem
456 2506 555 2574 ferox
580 2506 717 2576 lortuna
742 2505 953 2598 providerat.
985 2506 1106 2599 ltaque
1127 2527 1209 2607 cum

129 2627 288 2697 Parmam
314 2626 496 2698 venissent
527 2627 777 2719 percontando
813 2651 875 2722 per
900 2626 1025 2700 obvios
1055 2649 1092 2698 re
1118 2611 1213 2698 com-

128 2758 241 2843 perta,
268 2748 386 2820 tristes
413 2750 457 2821 ad
483 2750 626 2821 domum
654 2762 809 2822 nostram
844 2749 989 2823 deiectis
1022 2750 1146 2820 animis
1172 2770 1212 2820 ac

130 2870 286 2941 vultibus
299 2871 568 2942 descenderunt.
583 2872 673 2954 Quid
688 2873 824 2964 singula
838 2876 1053 2966 prosequar?
1067 2873 1210 2944 Omnem

130 2993 255 3064 domus
277 3000 381 3084 alque
403 2991 493 3061 horti
514 2995 694 3084 angulum,
714 3014 835 3064 omnes
860 2994 1029 3066 herbosos
1050 2995 1211 3088 caespiles

132 3118 307 3210 (coeperat
333 3117 425 3186 enim
452 3115 521 3186 iam
542 3117 586 3188 ad
607 3114 735 3186 Arietis
757 3115 946 3187 adventurn
969 3117 1090 3188 bruma
1113 3116 1212 3188 mite-

131 3239 244 3331 scere)
270 3237 361 3309 dulci
388 3237 548 3309 accubitu
574 3248 870 3330 compresserunt,
890 3238 1071 3333 implentes
1088 3248 1212 3313 cuncta

132 3359 301 3454 suspiriis.
324 3360 456 3432 Deinde
477 3382 557 3431 cum
579 3369 724 3453 possent
743 3361 836 3443 alibi,
860 3361 964 3434 ambo
988 3384 1051 3456 per
1076 3374 1212 3435 noctem

131 3482 166 3553 iu
186 3485 312 3553 lectulo
338 3505 418 3554 meo
443 3484 639 3565 iacuerunt;
666 3482 770 3554 credo
797 3494 835 3554 ut
859 3505 962 3577 quern
991 3483 1036 3555 ad
1060 3485 1212 3576 quietem

133 3606 368 3675 necessariam
391 3604 542 3676 humana
568 3604 736 3695 fragilitas
762 3605 927 3677 meditata
952 3613 1020 3688 est,
1046 3605 1092 3676 ad
1117 3604 1213 3676 labo·

132 3748 204 3796 rem
221 3726 304 3796 mihi
318 3735 524 3820 perpetuum
540 3737 796 3797 consecrarent.
814 3728 958 3799 Postero
974 3734 1102 3810 autem,
1121 3726 1212 3798 circa

133 3848 253 3918 horam
276 3848 346 3919 diei
367 3858 504 3919 sextam
526 3848 698 3933 abierunt,
722 3849 845 3920 litteris
858 3849 951 3920 dorni
970 3847 1112 3931 relictis,
1134 3847 1213 3939 qni-

132 3969 199 4041 bus
224 3972 308 4040 mihi
333 3981 512 4042 eteorum
542 3971 678 4043 tristitia
710 3980 746 4041 et
780 3970 946 4042 redeundi
980 3969 1209 4062 propositum,

133 4095 308 4187 multaque
330 4106 457 4187 praeter
478 4096 554 4165 haec
574 4094 640 4165 alia
660 4101 742 4162 uota
763 4101 853 4163 sunt.
876 4093 971 4176 Quas
992 4112 1060 4183 ego
1080 4091 1211 4162 litteras

131 4216 215 4286 dnm
243 4219 360 4288 vivam
395 4216 484 4288 inter
510 4215 652 4287 delicias
682 4213 832 4295 habebo,
861 4214 1018 4284 dolorum
1053 4214 1211 4283 stimulos

131 4361 172 4411 ac
195 4341 416 4410 lacrimarum
441 4337 620 4407 materiam
656 4333 895 4404 immortalem.
923 4333 1055 4404 Mensis
1086 4330 1212 4404 abhinc

133 4459 267 4552 integer
288 4462 407 4550 lapsus
428 4468 517 4543 erat,
540 4479 620 4528 cum
645 4478 712 4547 ego
738 4456 881 4547 ignarus
907 4455 1031 4526 horum
1057 4451 1209 4525 omnium
