<?xml version="1.0" encoding="UTF-8"?>
<!DOCTYPE html PUBLIC "-//W3C//DTD XHTML 1.0 Transitional//EN"
    "http://www.w3.org/TR/xhtml1/DTD/xhtml1-transitional.dtd">
<html xmlns="http://www.w3.org/1999/xhtml" xml:lang="en" lang="en">
 <head>
  <title>
</title>
<meta http-equiv="Content-Type" content="text/html;charset=utf-8" />
  <meta name='ocr-system' content='tesseract 3.04.00' />
  <meta name='ocr-capabilities' content='ocr_page ocr_carea ocr_par ocr_line ocrx_word'/>
</head>
<body>
  <div class='ocr_page' id='page_1' title='image "./epistolaederebu00fracgoog_0399.png"; bbox 0 0 2692 5024; ppageno 0'>
   <div class='ocr_carea' id='block_1_1' title="bbox 177 671 918 736">
    <p class='ocr_par' dir='ltr' id='par_1_1' title="bbox 177 671 918 736">
     <span class='ocr_line' id='line_1_1' title="bbox 177 671 918 736; baseline 0 -3"><span class='ocrx_word' id='word_1_1' title='bbox 177 671 237 735; x_wconf 76' lang='lat'><strong>236</strong></span> <span class='ocrx_word' id='word_1_2' title='bbox 365 684 369 695; x_wconf 87' lang='grc'>’</span> <span class='ocrx_word' id='word_1_3' title='bbox 516 682 559 735; x_wconf 82' lang='lat' dir='ltr'><strong>nn</strong></span> <span class='ocrx_word' id='word_1_4' title='bbox 574 684 676 736; x_wconf 84' lang='lat' dir='ltr'><strong>asans</strong></span> <span class='ocrx_word' id='word_1_5' title='bbox 695 682 918 735; x_wconf 72' lang='lat' dir='ltr'><strong>remittamus</strong></span> 
     </span>
    </p>
   </div>
   <div class='ocr_carea' id='block_1_2' title="bbox 176 828 1263 1169">
    <p class='ocr_par' dir='ltr' id='par_1_2' title="bbox 176 828 1263 1169">
     <span class='ocr_line' id='line_1_2' title="bbox 176 828 1263 924; baseline -0.005 -21"><span class='ocrx_word' id='word_1_6' title='bbox 176 831 245 903; x_wconf 88' lang='lat' dir='ltr'><strong>linc</strong></span> <span class='ocrx_word' id='word_1_7' title='bbox 269 828 409 924; x_wconf 79' lang='lat' dir='ltr'>superbi</span> <span class='ocrx_word' id='word_1_8' title='bbox 433 828 606 924; x_wconf 87' lang='lat' dir='ltr'><strong>pontilicis</strong></span> <span class='ocrx_word' id='word_1_9' title='bbox 630 829 831 903; x_wconf 85' lang='lat' dir='ltr'><strong>barbaricas</strong></span> <span class='ocrx_word' id='word_1_10' title='bbox 853 828 1067 903; x_wconf 86' lang='lat' dir='ltr'><strong>deosculeris</strong></span> <span class='ocrx_word' id='word_1_11' title='bbox 1099 830 1263 901; x_wconf 76' lang='lat' dir='ltr'><strong>manns?</strong></span> 
     </span>
     <span class='ocr_line' id='line_1_3' title="bbox 178 950 1260 1039; baseline -0.001 -15"><span class='ocrx_word' id='word_1_12' title='bbox 178 952 234 1025; x_wconf 90' lang='lat' dir='ltr'><strong>Sic</strong></span> <span class='ocrx_word' id='word_1_13' title='bbox 253 971 345 1039; x_wconf 81' lang='lat' dir='ltr'><strong>snm,</strong></span> <span class='ocrx_word' id='word_1_14' title='bbox 362 950 475 1025; x_wconf 88' lang='lat' dir='ltr'><strong>donec</strong></span> <span class='ocrx_word' id='word_1_15' title='bbox 498 963 537 1025; x_wconf 93' lang='lat' dir='ltr'><strong>tu</strong></span> <span class='ocrx_word' id='word_1_16' title='bbox 552 951 676 1026; x_wconf 89' lang='lat' dir='ltr'><strong>litteris</strong></span> <span class='ocrx_word' id='word_1_17' title='bbox 700 963 737 1025; x_wconf 88' lang='lat' dir='ltr'><strong>et</strong></span> <span class='ocrx_word' id='word_1_18' title='bbox 759 950 897 1025; x_wconf 79' lang='lat' dir='ltr'><strong>affectui</strong></span> <span class='ocrx_word' id='word_1_19' title='bbox 915 972 996 1025; x_wconf 86' lang='lat' dir='ltr'><strong>men</strong></span> <span class='ocrx_word' id='word_1_20' title='bbox 1020 952 1101 1024; x_wconf 84' lang='lat' dir='ltr'><strong>vela</strong></span> <span class='ocrx_word' id='word_1_21' title='bbox 1120 950 1260 1037; x_wconf 81' lang='lat' dir='ltr'><strong>leceris,</strong></span> 
     </span>
     <span class='ocr_line' id='line_1_4' title="bbox 177 1074 880 1169; baseline -0.003 -22"><span class='ocrx_word' id='word_1_22' title='bbox 177 1085 214 1148; x_wconf 92' lang='lat' dir='ltr'><strong>et</strong></span> <span class='ocrx_word' id='word_1_23' title='bbox 237 1074 371 1149; x_wconf 86' lang='lat' dir='ltr'><strong>consilii</strong></span> <span class='ocrx_word' id='word_1_24' title='bbox 395 1096 526 1169; x_wconf 79' lang='lat' dir='ltr'><strong>vagum</strong></span> <span class='ocrx_word' id='word_1_25' title='bbox 551 1074 759 1149; x_wconf 79' lang='lat' dir='ltr'><strong>firmareris.</strong></span> <span class='ocrx_word' id='word_1_26' title='bbox 784 1076 880 1147; x_wconf 82' lang='lat' dir='ltr'><strong>Vale.</strong></span> 
     </span>
    </p>
   </div>
   <div class='ocr_carea' id='block_1_3' title="bbox 675 1330 756 1341">
    <p class='ocr_par' dir='ltr' id='par_1_3' title="bbox 675 1330 756 1341">
     <span class='ocr_line' id='line_1_5' title="bbox 675 1330 756 1341; baseline 0.025 -2"><span class='ocrx_word' id='word_1_27' title='bbox 675 1330 756 1341; x_wconf 69' lang='lat' dir='ltr'>nnn-—</span> 
     </span>
    </p>
   </div>
   <div class='ocr_carea' id='block_1_4' title="bbox 241 1548 1190 1823">
    <p class='ocr_par' dir='ltr' id='par_1_4' title="bbox 241 1548 1190 1823">
     <span class='ocr_line' id='line_1_6' title="bbox 578 1548 847 1615; baseline -0.007 0"><span class='ocrx_word' id='word_1_28' title='bbox 578 1548 755 1615; x_wconf 78' lang='lat' dir='ltr'><strong>nalsrols</strong></span> <span class='ocrx_word' id='word_1_29' title='bbox 778 1549 847 1615; x_wconf 80' lang='lat' dir='ltr'><strong>xlv.</strong></span> 
     </span>
     <span class='ocr_line' id='line_1_7' title="bbox 241 1742 1190 1823; baseline 0.001 -12"><span class='ocrx_word' id='word_1_30' title='bbox 241 1758 435 1823; x_wconf 76' lang='lat' dir='ltr'><strong>ralrcrscns</strong></span> <span class='ocrx_word' id='word_1_31' title='bbox 455 1757 623 1809; x_wconf 79' lang='lat' dir='ltr'><strong>ruranaca</strong></span> <span class='ocrx_word' id='word_1_32' title='bbox 644 1757 822 1810; x_wconf 85' lang='lat' dir='ltr'><strong>sannnccro</strong></span> <span class='ocrx_word' id='word_1_33' title='bbox 841 1742 1044 1811; x_wconf 79' lang='lat' dir='ltr'><strong>monsnrnro</strong></span> <span class='ocrx_word' id='word_1_34' title='bbox 1064 1760 1091 1811; x_wconf 91' lang='lat' dir='ltr'><strong>s.</strong></span> <span class='ocrx_word' id='word_1_35' title='bbox 1109 1762 1138 1812; x_wconf 88' lang='lat' dir='ltr'><strong>r.</strong></span> <span class='ocrx_word' id='word_1_36' title='bbox 1157 1762 1190 1813; x_wconf 92' lang='lat' dir='ltr'><strong>u.</strong></span> 
     </span>
    </p>
   </div>
   <div class='ocr_carea' id='block_1_5' title="bbox 425 1947 998 2021">
    <p class='ocr_par' dir='ltr' id='par_1_5' title="bbox 425 1947 998 2021">
     <span class='ocr_line' id='line_1_8' title="bbox 425 1947 998 2021; baseline -0.005 -15"><span class='ocrx_word' id='word_1_37' title='bbox 425 1948 462 2006; x_wconf 83' lang='lat' dir='ltr'><strong>nt</strong></span> <span class='ocrx_word' id='word_1_38' title='bbox 474 1964 586 2006; x_wconf 85' lang='lat' dir='ltr'><strong>servum</strong></span> <span class='ocrx_word' id='word_1_39' title='bbox 597 1948 651 2005; x_wconf 90' lang='lat' dir='ltr'><strong>sibi</strong></span> <span class='ocrx_word' id='word_1_40' title='bbox 663 1952 805 2021; x_wconf 68' lang='lat' dir='ltr'><strong>comparet</strong></span> <span class='ocrx_word' id='word_1_41' title='bbox 817 1951 897 2020; x_wconf 74' lang='lat' dir='ltr'><strong>rogat</strong></span> <span class='ocrx_word' id='word_1_42' title='bbox 908 1947 998 2005; x_wconf 68' lang='lat' dir='ltr'><strong>snus.</strong></span> 
     </span>
    </p>
   </div>
   <div class='ocr_carea' id='block_1_6' title="bbox 175 2194 1260 2534">
    <p class='ocr_par' dir='ltr' id='par_1_6' title="bbox 175 2194 1260 2534">
     <span class='ocr_line' id='line_1_9' title="bbox 299 2194 1258 2289; baseline 0.001 -20"><span class='ocrx_word' id='word_1_43' title='bbox 299 2198 378 2270; x_wconf 89' lang='lat' dir='ltr'><strong>Tria</strong></span> <span class='ocrx_word' id='word_1_44' title='bbox 391 2194 486 2268; x_wconf 86' lang='lat' dir='ltr'><strong>&#39;mibi</strong></span> <span class='ocrx_word' id='word_1_45' title='bbox 517 2216 699 2269; x_wconf 90' lang='lat' dir='ltr'><strong>servorum</strong></span> <span class='ocrx_word' id='word_1_46' title='bbox 727 2195 845 2289; x_wconf 89' lang='lat' dir='ltr'><strong>paria,</strong></span> <span class='ocrx_word' id='word_1_47' title='bbox 872 2196 966 2280; x_wconf 88' lang='lat' dir='ltr'><strong>sive,</strong></span> <span class='ocrx_word' id='word_1_48' title='bbox 993 2206 1031 2267; x_wconf 92' lang='lat' dir='ltr'><strong>ut</strong></span> <span class='ocrx_word' id='word_1_49' title='bbox 1059 2196 1258 2270; x_wconf 82' lang='lat' dir='ltr'><strong>modestius</strong></span> 
     </span>
     <span class='ocr_line' id='line_1_10' title="bbox 175 2317 1260 2415; baseline 0.001 -24"><span class='ocrx_word' id='word_1_50' title='bbox 175 2322 311 2415; x_wconf 90' lang='lat' dir='ltr'><strong>loquar,</strong></span> <span class='ocrx_word' id='word_1_51' title='bbox 333 2319 514 2392; x_wconf 80' lang='lat' dir='ltr'><strong>humilium</strong></span> <span class='ocrx_word' id='word_1_52' title='bbox 536 2318 741 2402; x_wconf 89' lang='lat' dir='ltr'><strong>amicorum,</strong></span> <span class='ocrx_word' id='word_1_53' title='bbox 770 2317 857 2401; x_wconf 87' lang='lat' dir='ltr'><strong>sive,</strong></span> <span class='ocrx_word' id='word_1_54' title='bbox 884 2326 923 2388; x_wconf 93' lang='lat' dir='ltr'><strong>ut</strong></span> <span class='ocrx_word' id='word_1_55' title='bbox 947 2318 1082 2403; x_wconf 85' lang='lat' dir='ltr'><strong>verius,</strong></span> <span class='ocrx_word' id='word_1_56' title='bbox 1107 2318 1260 2392; x_wconf 87' lang='lat' dir='ltr'><strong>familia·</strong></span> 
     </span>
     <span class='ocr_line' id='line_1_11' title="bbox 176 2419 1254 2534; baseline -0.002 -18"><span class='ocrx_word' id='word_1_57' title='bbox 176 2426 265 2516; x_wconf 90' lang='lat' dir='ltr'><strong>rium</strong></span> <span class='ocrx_word' id='word_1_58' title='bbox 283 2443 434 2516; x_wconf 90' lang='lat' dir='ltr'><strong>bostium</strong></span> <span class='ocrx_word' id='word_1_59' title='bbox 451 2441 545 2513; x_wconf 90' lang='lat' dir='ltr'><strong>domi</strong></span> <span class='ocrx_word' id='word_1_60' title='bbox 566 2449 657 2512; x_wconf 90' lang='lat' dir='ltr'><strong>sunt.</strong></span> <span class='ocrx_word' id='word_1_61' title='bbox 678 2439 830 2511; x_wconf 90' lang='lat' dir='ltr'><strong>Primum</strong></span> <span class='ocrx_word' id='word_1_62' title='bbox 848 2439 987 2534; x_wconf 90' lang='lat' dir='ltr'><strong>quidem</strong></span> <span class='ocrx_word' id='word_1_63' title='bbox 1011 2441 1062 2512; x_wconf 92' lang='lat' dir='ltr'><strong>sic</strong></span> <span class='ocrx_word' id='word_1_64' title='bbox 1081 2419 1254 2529; x_wconf 81' lang='lat' dir='ltr'><strong>allectum,</strong></span> 
     </span>
    </p>
   </div>
   <div class='ocr_carea' id='block_1_7' title="bbox 170 2561 1258 4624">
    <p class='ocr_par' dir='ltr' id='par_1_7' title="bbox 170 2561 1258 4624">
     <span class='ocr_line' id='line_1_12' title="bbox 174 2561 1258 2657; baseline 0.001 -21"><span class='ocrx_word' id='word_1_65' title='bbox 174 2577 214 2636; x_wconf 93' lang='lat' dir='ltr'><strong>ut</strong></span> <span class='ocrx_word' id='word_1_66' title='bbox 237 2565 380 2637; x_wconf 89' lang='lat' dir='ltr'><strong>alterius</strong></span> <span class='ocrx_word' id='word_1_67' title='bbox 410 2563 516 2634; x_wconf 89' lang='lat' dir='ltr'><strong>nimia</strong></span> <span class='ocrx_word' id='word_1_68' title='bbox 548 2561 766 2656; x_wconf 55' lang='lat' dir='ltr'><strong>simplicitas</strong></span> <span class='ocrx_word' id='word_1_69' title='bbox 805 2563 948 2635; x_wconf 90' lang='lat' dir='ltr'><strong>alterius</strong></span> <span class='ocrx_word' id='word_1_70' title='bbox 983 2562 1029 2634; x_wconf 89' lang='lat' dir='ltr'><strong>sit</strong></span> <span class='ocrx_word' id='word_1_71' title='bbox 1059 2564 1258 2657; x_wconf 87' lang='lat' dir='ltr'><strong>periculosa</strong></span> 
     </span>
     <span class='ocr_line' id='line_1_13' title="bbox 174 2683 1258 2779; baseline 0.002 -21"><span class='ocrx_word' id='word_1_72' title='bbox 174 2687 353 2758; x_wconf 79' lang='lat' dir='ltr'><strong>calliditas.</strong></span> <span class='ocrx_word' id='word_1_73' title='bbox 376 2684 573 2756; x_wconf 88' lang='lat' dir='ltr'><strong>Secundum</strong></span> <span class='ocrx_word' id='word_1_74' title='bbox 601 2683 659 2766; x_wconf 92' lang='lat' dir='ltr'><strong>sic,</strong></span> <span class='ocrx_word' id='word_1_75' title='bbox 687 2692 725 2754; x_wconf 92' lang='lat' dir='ltr'><strong>ut</strong></span> <span class='ocrx_word' id='word_1_76' title='bbox 757 2684 850 2757; x_wconf 89' lang='lat' dir='ltr'><strong>bunc</strong></span> <span class='ocrx_word' id='word_1_77' title='bbox 883 2685 1045 2779; x_wconf 87' lang='lat' dir='ltr'><strong>puerilia,</strong></span> <span class='ocrx_word' id='word_1_78' title='bbox 1072 2686 1165 2758; x_wconf 92' lang='lat' dir='ltr'><strong>bunc</strong></span> <span class='ocrx_word' id='word_1_79' title='bbox 1200 2710 1258 2760; x_wconf 88' lang='lat' dir='ltr'><strong>se-</strong></span> 
     </span>
     <span class='ocr_line' id='line_1_14' title="bbox 174 2806 1257 2895; baseline 0.006 -18"><span class='ocrx_word' id='word_1_80' title='bbox 174 2816 296 2879; x_wconf 85' lang='lat' dir='ltr'><strong>nectus</strong></span> <span class='ocrx_word' id='word_1_81' title='bbox 318 2806 440 2879; x_wconf 87' lang='lat' dir='ltr'><strong>reddat</strong></span> <span class='ocrx_word' id='word_1_82' title='bbox 459 2807 625 2877; x_wconf 88' lang='lat' dir='ltr'><strong>inutilem.</strong></span> <span class='ocrx_word' id='word_1_83' title='bbox 647 2806 799 2879; x_wconf 89' lang='lat' dir='ltr'><strong>Tertium</strong></span> <span class='ocrx_word' id='word_1_84' title='bbox 817 2828 904 2878; x_wconf 88' lang='lat' dir='ltr'><strong>vero</strong></span> <span class='ocrx_word' id='word_1_85' title='bbox 924 2809 987 2895; x_wconf 84' lang='lat' dir='ltr'><strong>sic,</strong></span> <span class='ocrx_word' id='word_1_86' title='bbox 1014 2819 1053 2880; x_wconf 90' lang='lat' dir='ltr'><strong>ut</strong></span> <span class='ocrx_word' id='word_1_87' title='bbox 1072 2808 1179 2881; x_wconf 92' lang='lat' dir='ltr'><strong>buius</strong></span> <span class='ocrx_word' id='word_1_88' title='bbox 1200 2813 1257 2883; x_wconf 87' lang='lat' dir='ltr'><strong>in·</strong></span> 
     </span>
     <span class='ocr_line' id='line_1_15' title="bbox 173 2929 1257 3037; baseline 0.004 -35"><span class='ocrx_word' id='word_1_89' title='bbox 173 2952 244 3014; x_wconf 88' lang='lat' dir='ltr'><strong>ror,</strong></span> <span class='ocrx_word' id='word_1_90' title='bbox 266 2929 358 3002; x_wconf 91' lang='lat' dir='ltr'><strong>illius</strong></span> <span class='ocrx_word' id='word_1_91' title='bbox 379 2937 496 3024; x_wconf 88' lang='lat' dir='ltr'><strong>torpor</strong></span> <span class='ocrx_word' id='word_1_92' title='bbox 515 2929 659 3002; x_wconf 89' lang='lat' dir='ltr'><strong>odiosus</strong></span> <span class='ocrx_word' id='word_1_93' title='bbox 677 2929 743 3001; x_wconf 91' lang='lat' dir='ltr'><strong>sit:</strong></span> <span class='ocrx_word' id='word_1_94' title='bbox 765 2939 801 3002; x_wconf 89' lang='lat' dir='ltr'><strong>et</strong></span> <span class='ocrx_word' id='word_1_95' title='bbox 817 2930 915 3037; x_wconf 77' lang='lat' dir='ltr'><strong>iuxta</strong></span> <span class='ocrx_word' id='word_1_96' title='bbox 935 2930 1019 3003; x_wconf 91' lang='lat' dir='ltr'><strong>iliud</strong></span> <span class='ocrx_word' id='word_1_97' title='bbox 1040 2933 1257 3006; x_wconf 90' lang='lat' dir='ltr'><strong>Socraticum</strong></span> 
     </span>
     <span class='ocr_line' id='line_1_16' title="bbox 174 3052 1258 3148; baseline 0.002 -22"><span class='ocrx_word' id='word_1_98' title='bbox 174 3076 194 3126; x_wconf 91' lang='lat' dir='ltr'><strong>a</strong></span> <span class='ocrx_word' id='word_1_99' title='bbox 212 3053 375 3126; x_wconf 85' lang='lat' dir='ltr'><strong>Cicerone</strong></span> <span class='ocrx_word' id='word_1_100' title='bbox 391 3055 538 3126; x_wconf 83' lang='lat' dir='ltr'><strong>relatum</strong></span> <span class='ocrx_word' id='word_1_101' title='bbox 554 3053 590 3123; x_wconf 92' lang='lat' dir='ltr'><strong>iu</strong></span> <span class='ocrx_word' id='word_1_102' title='bbox 609 3052 779 3148; x_wconf 88' lang='lat' dir='ltr'><strong>epistolis,</strong></span> <span class='ocrx_word' id='word_1_103' title='bbox 804 3055 890 3124; x_wconf 87' lang='lat' dir='ltr'><strong>alter</strong></span> <span class='ocrx_word' id='word_1_104' title='bbox 909 3054 1016 3126; x_wconf 84' lang='lat' dir='ltr'><strong>irenis</strong></span> <span class='ocrx_word' id='word_1_105' title='bbox 1034 3056 1123 3126; x_wconf 88' lang='lat' dir='ltr'><strong>alter</strong></span> <span class='ocrx_word' id='word_1_106' title='bbox 1141 3058 1258 3128; x_wconf 91' lang='lat' dir='ltr'><strong>calca-</strong></span> 
     </span>
     <span class='ocr_line' id='line_1_17' title="bbox 173 3175 1258 3268; baseline 0.003 -22"><span class='ocrx_word' id='word_1_107' title='bbox 173 3175 271 3247; x_wconf 92' lang='lat' dir='ltr'><strong>ribus</strong></span> <span class='ocrx_word' id='word_1_108' title='bbox 288 3186 400 3268; x_wconf 81' lang='lat' dir='ltr'>egeat.</span> <span class='ocrx_word' id='word_1_109' title='bbox 438 3176 515 3267; x_wconf 79' lang='lat' dir='ltr'><strong>Ego</strong></span> <span class='ocrx_word' id='word_1_110' title='bbox 531 3186 646 3247; x_wconf 85' lang='lat' dir='ltr'><strong>autern</strong></span> <span class='ocrx_word' id='word_1_111' title='bbox 670 3177 734 3247; x_wconf 89' lang='lat' dir='ltr'><strong>bas</strong></span> <span class='ocrx_word' id='word_1_112' title='bbox 758 3175 848 3246; x_wconf 81' lang='lat' dir='ltr'><strong>iuter</strong></span> <span class='ocrx_word' id='word_1_113' title='bbox 867 3176 1128 3248; x_wconf 79' lang='lat' dir='ltr'><strong>contrarietates</strong></span> <span class='ocrx_word' id='word_1_114' title='bbox 1148 3180 1258 3250; x_wconf 89' lang='lat' dir='ltr'><strong>casti-</strong></span> 
     </span>
     <span class='ocr_line' id='line_1_18' title="bbox 174 3296 1255 3400; baseline 0.004 -32"><span class='ocrx_word' id='word_1_115' title='bbox 174 3306 272 3388; x_wconf 81' lang='lat' dir='ltr'><strong>gator</strong></span> <span class='ocrx_word' id='word_1_116' title='bbox 304 3299 398 3384; x_wconf 87' lang='lat' dir='ltr'><strong>olim,</strong></span> <span class='ocrx_word' id='word_1_117' title='bbox 424 3321 518 3370; x_wconf 90' lang='lat' dir='ltr'><strong>nunc</strong></span> <span class='ocrx_word' id='word_1_118' title='bbox 544 3306 718 3400; x_wconf 87' lang='lat' dir='ltr'><strong>spectator</strong></span> <span class='ocrx_word' id='word_1_119' title='bbox 738 3296 854 3369; x_wconf 85' lang='lat' dir='ltr'><strong>sedeo.</strong></span> <span class='ocrx_word' id='word_1_120' title='bbox 880 3299 952 3370; x_wconf 87' lang='lat' dir='ltr'><strong>Nec</strong></span> <span class='ocrx_word' id='word_1_121' title='bbox 975 3319 1097 3371; x_wconf 87' lang='lat' dir='ltr'><strong>eorum</strong></span> <span class='ocrx_word' id='word_1_122' title='bbox 1126 3322 1255 3394; x_wconf 77' lang='lat' dir='ltr'><strong>propo</strong></span> 
     </span>
     <span class='ocr_line' id='line_1_19' title="bbox 174 3420 1255 3515; baseline 0.005 -24"><span class='ocrx_word' id='word_1_123' title='bbox 174 3422 278 3492; x_wconf 92' lang='lat' dir='ltr'><strong>situm</strong></span> <span class='ocrx_word' id='word_1_124' title='bbox 308 3420 425 3490; x_wconf 90' lang='lat' dir='ltr'><strong>mirari</strong></span> <span class='ocrx_word' id='word_1_125' title='bbox 447 3421 531 3492; x_wconf 90' lang='lat' dir='ltr'><strong>satis</strong></span> <span class='ocrx_word' id='word_1_126' title='bbox 557 3441 721 3512; x_wconf 87' lang='lat' dir='ltr'><strong>possum,</strong></span> <span class='ocrx_word' id='word_1_127' title='bbox 747 3421 808 3515; x_wconf 89' lang='lat' dir='ltr'><strong>qui</strong></span> <span class='ocrx_word' id='word_1_128' title='bbox 835 3442 1018 3492; x_wconf 89' lang='lat' dir='ltr'><strong>servornm</strong></span> <span class='ocrx_word' id='word_1_129' title='bbox 1039 3421 1160 3513; x_wconf 84' lang='lat' dir='ltr'><strong>turbas</strong></span> <span class='ocrx_word' id='word_1_130' title='bbox 1185 3446 1255 3496; x_wconf 88' lang='lat' dir='ltr'><strong>ocu</strong></span> 
     </span>
     <span class='ocr_line' id='line_1_20' title="bbox 172 3542 1255 3639; baseline 0.003 -23"><span class='ocrx_word' id='word_1_131' title='bbox 172 3545 361 3639; x_wconf 82' lang='lat' dir='ltr'><strong>gloriosum</strong></span> <span class='ocrx_word' id='word_1_132' title='bbox 380 3543 510 3637; x_wconf 89' lang='lat' dir='ltr'><strong>aliquid</strong></span> <span class='ocrx_word' id='word_1_133' title='bbox 527 3542 717 3634; x_wconf 90' lang='lat' dir='ltr'><strong>aspiciunt,</strong></span> <span class='ocrx_word' id='word_1_134' title='bbox 739 3552 776 3613; x_wconf 89' lang='lat' dir='ltr'><strong>et</strong></span> <span class='ocrx_word' id='word_1_135' title='bbox 794 3543 946 3615; x_wconf 87' lang='lat' dir='ltr'><strong>obsideri</strong></span> <span class='ocrx_word' id='word_1_136' title='bbox 968 3566 1106 3638; x_wconf 90' lang='lat' dir='ltr'><strong>semper</strong></span> <span class='ocrx_word' id='word_1_137' title='bbox 1124 3546 1171 3617; x_wconf 93' lang='lat' dir='ltr'><strong>ab</strong></span> <span class='ocrx_word' id='word_1_138' title='bbox 1193 3545 1255 3620; x_wconf 83' lang='lat' dir='ltr'><strong>iris</strong></span> 
     </span>
     <span class='ocr_line' id='line_1_21' title="bbox 172 3664 1256 3762; baseline 0.002 -22"><span class='ocrx_word' id='word_1_139' title='bbox 172 3682 260 3762; x_wconf 83' lang='lat' dir='ltr'><strong>quos</strong></span> <span class='ocrx_word' id='word_1_140' title='bbox 282 3675 440 3761; x_wconf 91' lang='lat' dir='ltr'><strong>pascunt,</strong></span> <span class='ocrx_word' id='word_1_141' title='bbox 469 3664 534 3736; x_wconf 90' lang='lat' dir='ltr'><strong>huc</strong></span> <span class='ocrx_word' id='word_1_142' title='bbox 558 3676 614 3735; x_wconf 89' lang='lat' dir='ltr'><strong>est</strong></span> <span class='ocrx_word' id='word_1_143' title='bbox 638 3687 659 3735; x_wconf 91' lang='lat' dir='ltr'><strong>a</strong></span> <span class='ocrx_word' id='word_1_144' title='bbox 684 3664 883 3737; x_wconf 85' lang='lat' dir='ltr'><strong>domesticis</strong></span> <span class='ocrx_word' id='word_1_145' title='bbox 905 3666 1167 3753; x_wconf 84' lang='lat' dir='ltr'><strong>suffossoribus‚</strong></span> <span class='ocrx_word' id='word_1_146' title='bbox 1191 3669 1256 3742; x_wconf 86' lang='lat' dir='ltr'><strong>de-</strong></span> 
     </span>
     <span class='ocr_line' id='line_1_22' title="bbox 172 3787 1254 3880; baseline 0.005 -21"><span class='ocrx_word' id='word_1_147' title='bbox 172 3793 350 3864; x_wconf 87' lang='lat' dir='ltr'><strong>lectantur.</strong></span> <span class='ocrx_word' id='word_1_148' title='bbox 385 3787 611 3880; x_wconf 82' lang='lat' dir='ltr'><strong>indigentiam</strong></span> <span class='ocrx_word' id='word_1_149' title='bbox 649 3787 711 3857; x_wconf 89' lang='lat' dir='ltr'><strong>tibi</strong></span> <span class='ocrx_word' id='word_1_150' title='bbox 747 3810 859 3859; x_wconf 88' lang='lat' dir='ltr'><strong>meam</strong></span> <span class='ocrx_word' id='word_1_151' title='bbox 893 3790 1085 3862; x_wconf 87' lang='lat' dir='ltr'><strong>innotuisse</strong></span> <span class='ocrx_word' id='word_1_152' title='bbox 1114 3792 1254 3864; x_wconf 87' lang='lat' dir='ltr'><strong>sufficit.</strong></span> 
     </span>
     <span class='ocr_line' id='line_1_23' title="bbox 170 3913 1256 4010; baseline 0.003 -24"><span class='ocrx_word' id='word_1_153' title='bbox 170 3918 258 3987; x_wconf 91' lang='lat' dir='ltr'><strong>Puto</strong></span> <span class='ocrx_word' id='word_1_154' title='bbox 275 3936 345 3985; x_wconf 94' lang='lat' dir='ltr'><strong>non</strong></span> <span class='ocrx_word' id='word_1_155' title='bbox 361 3924 528 4010; x_wconf 82' lang='lat' dir='ltr'><strong>expectas</strong></span> <span class='ocrx_word' id='word_1_156' title='bbox 556 3924 592 3984; x_wconf 91' lang='lat' dir='ltr'><strong>ut</strong></span> <span class='ocrx_word' id='word_1_157' title='bbox 608 3914 784 4006; x_wconf 88' lang='lat' dir='ltr'><strong>deprecer.</strong></span> <span class='ocrx_word' id='word_1_158' title='bbox 807 3913 924 3986; x_wconf 89' lang='lat' dir='ltr'><strong>Sicubi</strong></span> <span class='ocrx_word' id='word_1_159' title='bbox 948 3918 1064 3986; x_wconf 81' lang='lat' dir='ltr'><strong>forsan</strong></span> <span class='ocrx_word' id='word_1_160' title='bbox 1083 3915 1118 3985; x_wconf 95' lang='lat' dir='ltr'><strong>in</strong></span> <span class='ocrx_word' id='word_1_161' title='bbox 1136 3915 1256 3989; x_wconf 90' lang='lat' dir='ltr'><strong>humi-</strong></span> 
     </span>
     <span class='ocr_line' id='line_1_24' title="bbox 172 4035 1256 4125; baseline 0.006 -18"><span class='ocrx_word' id='word_1_162' title='bbox 172 4038 247 4110; x_wconf 91' lang='lat' dir='ltr'><strong>liori</strong></span> <span class='ocrx_word' id='word_1_163' title='bbox 268 4041 405 4109; x_wconf 86' lang='lat' dir='ltr'><strong>fortuna</strong></span> <span class='ocrx_word' id='word_1_164' title='bbox 429 4059 467 4108; x_wconf 90' lang='lat' dir='ltr'><strong>se</strong></span> <span class='ocrx_word' id='word_1_165' title='bbox 492 4037 716 4109; x_wconf 87' lang='lat' dir='ltr'><strong>ostenderent</strong></span> <span class='ocrx_word' id='word_1_166' title='bbox 748 4035 897 4122; x_wconf 72' lang='lat' dir='ltr'><strong>animus</strong></span> <span class='ocrx_word' id='word_1_167' title='bbox 925 4048 1028 4125; x_wconf 85' lang='lat' dir='ltr'><strong>aetas,</strong></span> <span class='ocrx_word' id='word_1_168' title='bbox 1064 4062 1179 4112; x_wconf 87' lang='lat' dir='ltr'><strong>mures</strong></span> <span class='ocrx_word' id='word_1_169' title='bbox 1207 4042 1256 4114; x_wconf 91' lang='lat' dir='ltr'><strong>ab</strong></span> 
     </span>
     <span class='ocr_line' id='line_1_25' title="bbox 170 4160 1254 4255; baseline 0.004 -25"><span class='ocrx_word' id='word_1_170' title='bbox 170 4162 337 4232; x_wconf 89' lang='lat' dir='ltr'><strong>extremis</strong></span> <span class='ocrx_word' id='word_1_171' title='bbox 363 4181 466 4255; x_wconf 76' lang='lat' dir='ltr'><strong>aequo</strong></span> <span class='ocrx_word' id='word_1_172' title='bbox 492 4160 602 4254; x_wconf 90' lang='lat' dir='ltr'><strong>spatio</strong></span> <span class='ocrx_word' id='word_1_173' title='bbox 627 4160 820 4245; x_wconf 87' lang='lat' dir='ltr'><strong>distantes,</strong></span> <span class='ocrx_word' id='word_1_174' title='bbox 849 4161 949 4244; x_wconf 88' lang='lat' dir='ltr'><strong>scito,</strong></span> <span class='ocrx_word' id='word_1_175' title='bbox 977 4160 1153 4233; x_wconf 91' lang='lat' dir='ltr'><strong>bominem</strong></span> <span class='ocrx_word' id='word_1_176' title='bbox 1193 4165 1254 4236; x_wconf 90' lang='lat' dir='ltr'><strong>cui</strong></span> 
     </span>
     <span class='ocr_line' id='line_1_26' title="bbox 172 4282 1256 4368; baseline 0.005 -18"><span class='ocrx_word' id='word_1_177' title='bbox 172 4304 241 4352; x_wconf 91' lang='lat' dir='ltr'><strong>non</strong></span> <span class='ocrx_word' id='word_1_178' title='bbox 278 4283 390 4355; x_wconf 90' lang='lat' dir='ltr'><strong>dicam</strong></span> <span class='ocrx_word' id='word_1_179' title='bbox 427 4285 651 4368; x_wconf 81' lang='lat' dir='ltr'><strong>excellenter,</strong></span> <span class='ocrx_word' id='word_1_180' title='bbox 691 4282 755 4355; x_wconf 87' lang='lat' dir='ltr'><strong>sed</strong></span> <span class='ocrx_word' id='word_1_181' title='bbox 793 4283 1015 4355; x_wconf 81' lang='lat' dir='ltr'><strong>tolerabiliter</strong></span> <span class='ocrx_word' id='word_1_182' title='bbox 1046 4283 1114 4354; x_wconf 89' lang='lat' dir='ltr'><strong>isla</strong></span> <span class='ocrx_word' id='word_1_183' title='bbox 1139 4285 1256 4356; x_wconf 88' lang='lat' dir='ltr'><strong>conti-</strong></span> 
     </span>
     <span class='ocr_line' id='line_1_27' title="bbox 172 4404 1256 4502; baseline 0.009 -31"><span class='ocrx_word' id='word_1_184' title='bbox 172 4404 285 4494; x_wconf 79' lang='lat' dir='ltr'><strong>gerint</strong></span> <span class='ocrx_word' id='word_1_185' title='bbox 310 4427 378 4475; x_wconf 88' lang='lat' dir='ltr'><strong>non</strong></span> <span class='ocrx_word' id='word_1_186' title='bbox 403 4407 488 4477; x_wconf 92' lang='lat' dir='ltr'><strong>mibi</strong></span> <span class='ocrx_word' id='word_1_187' title='bbox 515 4429 657 4478; x_wconf 87' lang='lat' dir='ltr'><strong>servum</strong></span> <span class='ocrx_word' id='word_1_188' title='bbox 672 4428 753 4479; x_wconf 88' lang='lat' dir='ltr'><strong>esse</strong></span> <span class='ocrx_word' id='word_1_189' title='bbox 777 4430 895 4502; x_wconf 86' lang='lat' dir='ltr'><strong>posse,</strong></span> <span class='ocrx_word' id='word_1_190' title='bbox 924 4406 987 4479; x_wconf 88' lang='lat' dir='ltr'><strong>sed</strong></span> <span class='ocrx_word' id='word_1_191' title='bbox 1014 4407 1161 4491; x_wconf 91' lang='lat' dir='ltr'><strong>socium,</strong></span> <span class='ocrx_word' id='word_1_192' title='bbox 1187 4409 1256 4481; x_wconf 85' lang='lat' dir='ltr'><strong>sod</strong></span> 
     </span>
     <span class='ocr_line' id='line_1_28' title="bbox 171 4523 1254 4624; baseline 0.005 -28"><span class='ocrx_word' id='word_1_193' title='bbox 171 4523 339 4608; x_wconf 90' lang='lat' dir='ltr'><strong>amicum,</strong></span> <span class='ocrx_word' id='word_1_194' title='bbox 375 4527 437 4597; x_wconf 90' lang='lat' dir='ltr'><strong>sed</strong></span> <span class='ocrx_word' id='word_1_195' title='bbox 475 4528 663 4599; x_wconf 92' lang='lat' dir='ltr'><strong>dominum.</strong></span> <span class='ocrx_word' id='word_1_196' title='bbox 702 4530 835 4600; x_wconf 88' lang='lat' dir='ltr'><strong>Vereor</strong></span> <span class='ocrx_word' id='word_1_197' title='bbox 860 4540 975 4601; x_wconf 88' lang='lat' dir='ltr'><strong>tamen</strong></span> <span class='ocrx_word' id='word_1_198' title='bbox 1006 4551 1051 4601; x_wconf 89' lang='lat' dir='ltr'><strong>ne</strong></span> <span class='ocrx_word' id='word_1_199' title='bbox 1076 4529 1254 4624; x_wconf 85' lang='lat' dir='ltr'><strong>pboenicis</strong></span> 
     </span>
    </p>
   </div>
   <div class='ocr_carea' id='block_1_8' title="bbox 0 0 1350 5024">
    <p class='ocr_par' dir='ltr' id='par_1_8' title="bbox 0 0 1350 5024">
     <span class='ocr_line' id='line_1_29' title="bbox 0 0 1350 5024; baseline 0 1"><span class='ocrx_word' id='word_1_200' title='bbox 0 0 1350 5024; x_wconf 95' lang='lat' dir='ltr'><strong> </strong></span> 
     </span>
    </p>
   </div>
  </div>
 </body>
</html>
