2692 5024
510 662 553 713 brt
572 660 675 713 nunus
694 662 918 715 fluminibus

540 1030 550 1055 ἱ
583 936 764 1005 eristum
783 938 840 1004 vll.

278 1144 472 1233 {amedeus
492 1144 817 1197 autumationum
837 1144 996 1197 COLUUNAE
1016 1144 1044 1199 S.
1065 1146 1094 1196 P.
1115 1147 1146 1196 n.

408 1334 450 1391 De
463 1333 565 1391 suturis
577 1332 796 1406 expectationem
809 1331 1017 1407 amputandam.

270 1554 553 1633 Molestissimam
588 1578 722 1630 moram
754 1556 907 1629 traxisse
935 1565 970 1628 te
1004 1555 1134 1631 Nicaeae
1167 1558 1258 1632 indi-

175 1683 315 1776 gnando
339 1678 526 1764 describis,
551 1700 613 1773 per
637 1701 795 1751 mensem
817 1679 991 1773 integrum
1015 1690 1257 1774 expectantem

175 1803 327 1897 aliquam
346 1822 483 1887 navem,
506 1822 588 1895 quae
608 1810 643 1872 te
670 1801 705 1872 in
724 1801 858 1875 ltaliam
881 1804 1062 1895 perferret.
1089 1800 1196 1897 Atqui
1221 1804 1258 1877 in

175 1924 273 1999 ltalia
293 1934 375 1997 tunc
397 1944 492 2009 eras,
513 1922 597 1997 dum
624 1922 670 1997 ad
695 1921 828 1995 ltaliam
854 1922 1071 2019 suspirabas:
1095 1924 1145 1997 ita
1162 1924 1257 2013 dico,

176 2048 221 2135 si,
235 2047 330 2142 quod
348 2046 459 2139 poetis
476 2054 582 2139 atque
597 2046 861 2139 cosmographis
878 2048 1000 2139 placet,
1017 2046 1126 2119 ltaliae
1141 2046 1261 2120 termi-

176 2192 244 2241 nus
264 2170 380 2241 Varus
400 2176 469 2255 est,
495 2166 586 2240 intra
608 2190 730 2262 quem,
752 2178 892 2260 aparte
916 2167 1037 2254 ltaliae,
1057 2169 1182 2242 civitas
1201 2171 1260 2245 illa

178 2290 289 2365 sedet.
311 2290 381 2363 Sed
400 2290 522 2383 utique
540 2290 586 2363 de
606 2311 646 2361 re
668 2299 820 2362 constat:
846 2289 1044 2362 interiorem
1070 2291 1203 2363 Italiam
1223 2293 1259 2363 in

180 2416 296 2488 animo
315 2414 488 2497 habebas,
509 2425 560 2497 et,
587 2435 651 2506 pro
671 2413 781 2498 ltalia,
807 2414 954 2485 Romam
970 2412 1087 2485 dicere
1105 2415 1258 2487 voluisti.

177 2537 296 2608 Sentio
311 2536 379 2608 iam
397 2534 510 2606 morbi
529 2533 634 2605 huius
651 2534 834 2625 originem:
851 2536 1151 2627 expectationibus
1167 2537 1259 2610 enim

178 2658 305 2731 talibus
322 2658 423 2751 plena
443 2678 524 2728 esse
545 2660 633 2729 solet
653 2657 897 2743 adolescentia,
919 2680 1068 2751 quarum
1093 2658 1141 2729 illi
1166 2660 1261 2731 aetati

178 2779 290 2873 qualis
303 2778 417 2871 qualis
432 2780 533 2851 venia
546 2778 704 2850 debetur.
719 2780 892 2851 Senectuti
904 2790 1030 2866 autem,
1046 2801 1128 2874 quae
1139 2803 1261 2854 omnes

178 2922 262 2996 spes
283 2924 366 2975 suas
384 2904 453 2974 iam
470 2913 549 2995 post
569 2913 705 2994 tergum
722 2912 880 2997 spectare
896 2902 1014 2991 debet,
1029 2904 1142 2976 omnis
1158 2907 1263 2996 longa

178 3027 262 3099 vitae
279 3026 386 3098 huius
406 3036 442 3097 et
461 3025 568 3099 anxia
582 3025 776 3118 expectatio
796 3026 889 3099 loeda
907 3036 973 3098 est.
995 3026 1181 3119 Tullaque
1207 3049 1262 3099 se-

178 3152 264 3236 nior,
279 3152 324 3223 de
342 3162 375 3223 te
393 3151 540 3224 videris:
562 3171 630 3243 ego
650 3148 764 3222 iunior
779 3148 824 3222 de
843 3170 901 3220 me
925 3152 1059 3242 loquor,
1081 3148 1156 3242 qui,
1177 3148 1263 3222 ado-

178 3273 343 3343 lescentia
360 3272 429 3343 iam
446 3284 590 3358 exacta,
608 3282 745 3344 aetatem
764 3282 856 3345 luam
871 3271 985 3343 adhuc
997 3274 1111 3365 longe,
1131 3271 1264 3364 siquid

179 3394 236 3465 hio
262 3396 404 3484 longum
431 3405 499 3478 est,
524 3406 604 3466 ante
624 3417 679 3466 me
699 3395 812 3467 video.
841 3395 1029 3480 Caeterum,
1055 3418 1125 3487 quo
1149 3395 1263 3466 rarius

179 3514 352 3609 passionis
372 3515 575 3587 huiusmodi
595 3515 771 3587 molestias
788 3517 963 3611 experior,
982 3538 1025 3590 eo
1044 3517 1263 3610 frequentius

179 3639 310 3713 veteris
330 3639 412 3711 mali
432 3639 597 3733 reliquias
615 3641 749 3726 incuso,
762 3664 874 3734 eoque
887 3642 1016 3714 certius
1029 3642 1192 3734 intelligo,
1211 3640 1266 3713 vi-

180 3786 257 3835 rum
290 3772 492 3856 provectum
518 3784 581 3834 nec
612 3763 845 3853 praesentibus
878 3764 1006 3857 frangi,
1041 3787 1106 3836 nec
1135 3762 1263 3834 futuris

180 3886 273 3978 angi,
296 3885 361 3956 sed
378 3894 564 3976 utrumque
585 3894 721 3975 tempus
746 3904 848 3977 aequa
872 3886 984 3957 fronte
1010 3884 1203 3977 despicere,
1230 3892 1266 3953 et

179 4006 351 4100 quidquid
372 4028 490 4078 secum
508 4009 564 4078 vel
582 4006 705 4091 attulit,
726 4009 782 4078 vel
799 4007 979 4100 praemisit,
999 4006 1264 4100 parvipendere.

180 4129 369 4203 Praesentia
397 4139 505 4215 taceo,
533 4128 696 4222 quoniam
721 4150 918 4202 sermonem
945 4128 1141 4202 defuturis
1167 4126 1267 4199 insti-

181 4252 243 4335 tui,
266 4273 346 4344 quae
372 4264 506 4325 mentes
527 4251 705 4323 hominum
730 4252 832 4323 vanis
858 4250 1160 4347 expectationibus
1187 4270 1267 4322 sus·

183 4372 350 4461 pendunt,
382 4385 418 4446 et
448 4375 483 4444 in
514 4372 658 4467 quibus,
696 4374 763 4445 nisi
801 4376 914 4460 lallor,
952 4373 1174 4447 ridiculosius
1210 4393 1267 4443 er-

182 4502 288 4563 ratur.
325 4496 526 4586 Expectans
563 4494 653 4567 alius
689 4496 885 4587 peregrinae
920 4497 1022 4569 navis
1059 4495 1264 4575 adventum,
