<?xml version="1.0" encoding="UTF-8"?>
<!DOCTYPE html PUBLIC "-//W3C//DTD XHTML 1.0 Transitional//EN"
    "http://www.w3.org/TR/xhtml1/DTD/xhtml1-transitional.dtd">
<html xmlns="http://www.w3.org/1999/xhtml" xml:lang="en" lang="en">
 <head>
  <title>
</title>
<meta http-equiv="Content-Type" content="text/html;charset=utf-8" />
  <meta name='ocr-system' content='tesseract 3.04.00' />
  <meta name='ocr-capabilities' content='ocr_page ocr_carea ocr_par ocr_line ocrx_word'/>
</head>
<body>
  <div class='ocr_page' id='page_1' title='image "./epistolaederebu00fracgoog_0272.png"; bbox 0 0 2692 5024; ppageno 0'>
   <div class='ocr_carea' id='block_1_1' title="bbox 410 156 1226 218">
    <p class='ocr_par' dir='ltr' id='par_1_1' title="bbox 410 156 1226 218">
     <span class='ocr_line' id='line_1_1' title="bbox 410 156 1226 218; baseline 0.006 -5"><span class='ocrx_word' id='word_1_1' title='bbox 410 173 414 213; x_wconf 83' lang='grc' dir='ltr'>ι</span> <span class='ocrx_word' id='word_1_2' title='bbox 430 171 497 215; x_wconf 75' lang='lat' dir='ltr'>nur:</span> <span class='ocrx_word' id='word_1_3' title='bbox 522 170 691 214; x_wconf 58' lang='lat' dir='ltr'>secururs.</span> <span class='ocrx_word' id='word_1_4' title='bbox 704 186 742 196; x_wconf 92' lang='lat'><em>-</em></span> <span class='ocrx_word' id='word_1_5' title='bbox 757 168 908 214; x_wconf 70' lang='lat' dir='ltr'>lxursronn</span> <span class='ocrx_word' id='word_1_6' title='bbox 932 169 970 215; x_wconf 80' lang='lat' dir='ltr'>u.</span> <span class='ocrx_word' id='word_1_7' title='bbox 1167 156 1226 218; x_wconf 80' lang='grc'>109</span> 
     </span>
    </p>
   </div>
   <div class='ocr_carea' id='block_1_2' title="bbox 562 433 810 502">
    <p class='ocr_par' dir='ltr' id='par_1_2' title="bbox 562 433 810 502">
     <span class='ocr_line' id='line_1_2' title="bbox 562 433 810 502; baseline -0.008 0"><span class='ocrx_word' id='word_1_8' title='bbox 562 433 743 502; x_wconf 70' lang='lat' dir='ltr'>uersuum</span> <span class='ocrx_word' id='word_1_9' title='bbox 765 435 810 501; x_wconf 84' lang='lat' dir='ltr'>vt.</span> 
     </span>
    </p>
   </div>
   <div class='ocr_carea' id='block_1_3' title="bbox 251 647 1118 701">
    <p class='ocr_par' dir='ltr' id='par_1_3' title="bbox 251 647 1118 701">
     <span class='ocr_line' id='line_1_3' title="bbox 251 647 1118 701; baseline 0.001 -3"><span class='ocrx_word' id='word_1_10' title='bbox 251 647 446 700; x_wconf 77' lang='lat' dir='ltr'>ruluctscus</span> <span class='ocrx_word' id='word_1_11' title='bbox 467 648 636 700; x_wconf 70' lang='lat' dir='ltr'>remanet</span> <span class='ocrx_word' id='word_1_12' title='bbox 656 648 791 701; x_wconf 75' lang='lat' dir='ltr'>tontum</span> <span class='ocrx_word' id='word_1_13' title='bbox 810 647 969 700; x_wconf 65' lang='lat' dir='ltr'>COLUHNAE</span> <span class='ocrx_word' id='word_1_14' title='bbox 989 649 1016 699; x_wconf 88' lang='lat' dir='ltr'>S.</span> <span class='ocrx_word' id='word_1_15' title='bbox 1038 650 1067 700; x_wconf 85' lang='lat' dir='ltr'>P.</span> <span class='ocrx_word' id='word_1_16' title='bbox 1087 650 1118 699; x_wconf 86' lang='lat' dir='ltr'>n.</span> 
     </span>
    </p>
   </div>
   <div class='ocr_carea' id='block_1_4' title="bbox 422 834 949 894">
    <p class='ocr_par' dir='ltr' id='par_1_4' title="bbox 422 834 949 894">
     <span class='ocr_line' id='line_1_4' title="bbox 422 834 949 894; baseline 0.006 -3"><span class='ocrx_word' id='word_1_17' title='bbox 422 834 558 891; x_wconf 81' lang='lat' dir='ltr'>Amicitiae</span> <span class='ocrx_word' id='word_1_18' title='bbox 571 834 647 892; x_wconf 86' lang='lat' dir='ltr'>baud</span> <span class='ocrx_word' id='word_1_19' title='bbox 661 835 815 893; x_wconf 72' lang='lat' dir='ltr'><strong>absentiam</strong></span> <span class='ocrx_word' id='word_1_20' title='bbox 829 836 949 894; x_wconf 86' lang='lat' dir='ltr'>officere.</span> 
     </span>
    </p>
   </div>
   <div class='ocr_carea' id='block_1_5' title="bbox 148 1051 1259 4076">
    <p class='ocr_par' dir='ltr' id='par_1_5' title="bbox 148 1051 1259 4076">
     <span class='ocr_line' id='line_1_5' title="bbox 247 1051 1259 1147; baseline 0.005 -26"><span class='ocrx_word' id='word_1_21' title='bbox 247 1051 434 1144; x_wconf 79' lang='lat' dir='ltr'>Sperabam</span> <span class='ocrx_word' id='word_1_22' title='bbox 466 1073 513 1122; x_wconf 80' lang='lat' dir='ltr'>ex</span> <span class='ocrx_word' id='word_1_23' title='bbox 541 1063 575 1122; x_wconf 87' lang='lat' dir='ltr'>te</span> <span class='ocrx_word' id='word_1_24' title='bbox 605 1051 830 1143; x_wconf 85' lang='lat' dir='ltr'>magnifieum</span> <span class='ocrx_word' id='word_1_25' title='bbox 857 1052 988 1147; x_wconf 88' lang='lat' dir='ltr'>aliquid</span> <span class='ocrx_word' id='word_1_26' title='bbox 1014 1053 1145 1127; x_wconf 77' lang='lat' dir='ltr'>audire.</span> <span class='ocrx_word' id='word_1_27' title='bbox 1166 1055 1259 1126; x_wconf 90' lang='lat' dir='ltr'>Sa-·</span> 
     </span>
     <span class='ocr_line' id='line_1_6' title="bbox 148 1172 1230 1270; baseline 0.003 -26"><span class='ocrx_word' id='word_1_28' title='bbox 148 1174 275 1269; x_wconf 90' lang='lat' dir='ltr'>pientia</span> <span class='ocrx_word' id='word_1_29' title='bbox 286 1172 379 1244; x_wconf 92' lang='lat' dir='ltr'>enim</span> <span class='ocrx_word' id='word_1_30' title='bbox 397 1182 457 1246; x_wconf 90' lang='lat' dir='ltr'>tua</span> <span class='ocrx_word' id='word_1_31' title='bbox 474 1172 690 1266; x_wconf 88' lang='lat' dir='ltr'>iampridem</span> <span class='ocrx_word' id='word_1_32' title='bbox 707 1173 792 1244; x_wconf 89' lang='lat' dir='ltr'>mihi</span> <span class='ocrx_word' id='word_1_33' title='bbox 804 1172 989 1247; x_wconf 89' lang='lat' dir='ltr'>videbatur</span> <span class='ocrx_word' id='word_1_34' title='bbox 1000 1174 1107 1248; x_wconf 87' lang='lat' dir='ltr'><strong>finem</strong></span> <span class='ocrx_word' id='word_1_35' title='bbox 1120 1177 1230 1270; x_wconf 93' lang='lat' dir='ltr'>impo-</span> 
     </span>
     <span class='ocr_line' id='line_1_7' title="bbox 148 1286 1228 1388; baseline 0.002 -22"><span class='ocrx_word' id='word_1_36' title='bbox 148 1296 258 1366; x_wconf 88' lang='lat' dir='ltr'>situra</span> <span class='ocrx_word' id='word_1_37' title='bbox 270 1286 510 1387; x_wconf 85' lang='lat' dir='ltr'>querimoniis,</span> <span class='ocrx_word' id='word_1_38' title='bbox 525 1292 655 1386; x_wconf 90' lang='lat' dir='ltr'>quibus</span> <span class='ocrx_word' id='word_1_39' title='bbox 677 1292 841 1366; x_wconf 89' lang='lat' dir='ltr'>stolidum</span> <span class='ocrx_word' id='word_1_40' title='bbox 858 1297 988 1387; x_wconf 88' lang='lat' dir='ltr'>vulgus</span> <span class='ocrx_word' id='word_1_41' title='bbox 1004 1309 1040 1368; x_wconf 92' lang='lat' dir='ltr'>et</span> <span class='ocrx_word' id='word_1_42' title='bbox 1056 1297 1228 1388; x_wconf 89' lang='lat' dir='ltr'>ingratum</span> 
     </span>
     <span class='ocr_line' id='line_1_8' title="bbox 149 1415 1229 1511; baseline 0 -23"><span class='ocrx_word' id='word_1_43' title='bbox 149 1427 323 1511; x_wconf 87' lang='lat' dir='ltr'>personat.</span> <span class='ocrx_word' id='word_1_44' title='bbox 349 1417 469 1507; x_wconf 89' lang='lat' dir='ltr'>Longe</span> <span class='ocrx_word' id='word_1_45' title='bbox 489 1436 575 1489; x_wconf 87' lang='lat' dir='ltr'>vero</span> <span class='ocrx_word' id='word_1_46' title='bbox 594 1415 751 1500; x_wconf 82' lang='lat' dir='ltr'>fallebar,</span> <span class='ocrx_word' id='word_1_47' title='bbox 773 1426 813 1487; x_wconf 90' lang='lat' dir='ltr'>ut</span> <span class='ocrx_word' id='word_1_48' title='bbox 832 1418 953 1501; x_wconf 76' lang='lat' dir='ltr'>video,</span> <span class='ocrx_word' id='word_1_49' title='bbox 974 1428 1079 1511; x_wconf 87' lang='lat' dir='ltr'>atque</span> <span class='ocrx_word' id='word_1_50' title='bbox 1098 1418 1229 1490; x_wconf 87' lang='lat' dir='ltr'>utinam</span> 
     </span>
     <span class='ocr_line' id='line_1_9' title="bbox 148 1536 1231 1633; baseline 0.002 -23"><span class='ocrx_word' id='word_1_51' title='bbox 148 1539 365 1610; x_wconf 85' lang='lat' dir='ltr'>submissum</span> <span class='ocrx_word' id='word_1_52' title='bbox 397 1539 516 1610; x_wconf 91' lang='lat' dir='ltr'>liceret</span> <span class='ocrx_word' id='word_1_53' title='bbox 545 1536 591 1608; x_wconf 88' lang='lat' dir='ltr'>ab</span> <span class='ocrx_word' id='word_1_54' title='bbox 620 1538 688 1609; x_wconf 87' lang='lat' dir='ltr'>alio</span> <span class='ocrx_word' id='word_1_55' title='bbox 714 1538 897 1630; x_wconf 84' lang='lat' dir='ltr'>suspicari,</span> <span class='ocrx_word' id='word_1_56' title='bbox 928 1549 964 1611; x_wconf 90' lang='lat' dir='ltr'>et</span> <span class='ocrx_word' id='word_1_57' title='bbox 987 1560 1057 1610; x_wconf 95' lang='lat' dir='ltr'>non</span> <span class='ocrx_word' id='word_1_58' title='bbox 1082 1538 1231 1633; x_wconf 83' lang='lat' dir='ltr'>propriis</span> 
     </span>
     <span class='ocr_line' id='line_1_10' title="bbox 148 1660 1230 1754; baseline -0.004 -20"><span class='ocrx_word' id='word_1_59' title='bbox 148 1662 217 1735; x_wconf 91' lang='lat' dir='ltr'>tuis</span> <span class='ocrx_word' id='word_1_60' title='bbox 237 1661 357 1754; x_wconf 79' lang='lat' dir='ltr'>digitis</span> <span class='ocrx_word' id='word_1_61' title='bbox 378 1663 562 1754; x_wconf 87' lang='lat' dir='ltr'>querulum</span> <span class='ocrx_word' id='word_1_62' title='bbox 582 1660 668 1731; x_wconf 91' lang='lat' dir='ltr'>illud</span> <span class='ocrx_word' id='word_1_63' title='bbox 687 1660 958 1753; x_wconf 80' lang='lat' dir='ltr'>chirographum</span> <span class='ocrx_word' id='word_1_64' title='bbox 977 1671 1171 1746; x_wconf 82' lang='lat' dir='ltr'>constaret,</span> <span class='ocrx_word' id='word_1_65' title='bbox 1194 1661 1230 1730; x_wconf 91' lang='lat' dir='ltr'>in</span> 
     </span>
     <span class='ocr_line' id='line_1_11' title="bbox 148 1781 1230 1878; baseline -0.003 -22"><span class='ocrx_word' id='word_1_66' title='bbox 148 1806 219 1878; x_wconf 91' lang='lat' dir='ltr'>quo</span> <span class='ocrx_word' id='word_1_67' title='bbox 236 1805 310 1854; x_wconf 92' lang='lat' dir='ltr'>rem</span> <span class='ocrx_word' id='word_1_68' title='bbox 329 1805 435 1854; x_wconf 91' lang='lat' dir='ltr'>unam</span> <span class='ocrx_word' id='word_1_69' title='bbox 452 1782 619 1874; x_wconf 86' lang='lat' dir='ltr'>exiguam</span> <span class='ocrx_word' id='word_1_70' title='bbox 636 1781 754 1853; x_wconf 91' lang='lat' dir='ltr'>multis</span> <span class='ocrx_word' id='word_1_71' title='bbox 771 1781 891 1853; x_wconf 83' lang='lat' dir='ltr'>verbis</span> <span class='ocrx_word' id='word_1_72' title='bbox 909 1803 999 1875; x_wconf 90' lang='lat' dir='ltr'>pene</span> <span class='ocrx_word' id='word_1_73' title='bbox 1015 1782 1230 1854; x_wconf 84' lang='lat' dir='ltr'>muliebriter</span> 
     </span>
     <span class='ocr_line' id='line_1_12' title="bbox 149 1903 1230 2000; baseline 0 -24"><span class='ocrx_word' id='word_1_74' title='bbox 149 1905 350 2000; x_wconf 86' lang='lat' dir='ltr'>deplorasti,</span> <span class='ocrx_word' id='word_1_75' title='bbox 371 1904 472 1978; x_wconf 90' lang='lat' dir='ltr'>cuius</span> <span class='ocrx_word' id='word_1_76' title='bbox 488 1904 743 1976; x_wconf 78' lang='lat' dir='ltr'>lamentationis</span> <span class='ocrx_word' id='word_1_77' title='bbox 765 1926 903 1976; x_wconf 90' lang='lat' dir='ltr'>summa</span> <span class='ocrx_word' id='word_1_78' title='bbox 920 1913 992 1976; x_wconf 90' lang='lat' dir='ltr'>est:</span> <span class='ocrx_word' id='word_1_79' title='bbox 1011 1913 1045 1976; x_wconf 83' lang='lat' dir='ltr'>ta</span> <span class='ocrx_word' id='word_1_80' title='bbox 1061 1903 1230 1976; x_wconf 88' lang='lat' dir='ltr'>acerrime</span> 
     </span>
     <span class='ocr_line' id='line_1_13' title="bbox 150 2024 1231 2120; baseline -0.003 -21"><span class='ocrx_word' id='word_1_81' title='bbox 150 2036 253 2120; x_wconf 69' lang='lat' dir='ltr'>atque</span> <span class='ocrx_word' id='word_1_82' title='bbox 262 2025 556 2099; x_wconf 86' lang='lat' dir='ltr'>inconsolabiliter</span> <span class='ocrx_word' id='word_1_83' title='bbox 569 2024 732 2111; x_wconf 89' lang='lat' dir='ltr'>doluisse,</span> <span class='ocrx_word' id='word_1_84' title='bbox 746 2027 842 2120; x_wconf 91' lang='lat' dir='ltr'>quod</span> <span class='ocrx_word' id='word_1_85' title='bbox 854 2027 960 2099; x_wconf 90' lang='lat' dir='ltr'>huius</span> <span class='ocrx_word' id='word_1_86' title='bbox 974 2024 1231 2120; x_wconf 81' lang='lat' dir='ltr'>exoptatissimi</span> 
     </span>
     <span class='ocr_line' id='line_1_14' title="bbox 150 2146 1233 2243; baseline 0 -23"><span class='ocrx_word' id='word_1_87' title='bbox 150 2159 253 2242; x_wconf 72' lang='lat' dir='ltr'>atpue</span> <span class='ocrx_word' id='word_1_88' title='bbox 263 2147 384 2243; x_wconf 91' lang='lat' dir='ltr'>optimi</span> <span class='ocrx_word' id='word_1_89' title='bbox 396 2146 496 2221; x_wconf 85' lang='lat' dir='ltr'>ducis</span> <span class='ocrx_word' id='word_1_90' title='bbox 513 2147 637 2234; x_wconf 91' lang='lat' dir='ltr'>nostri,</span> <span class='ocrx_word' id='word_1_91' title='bbox 653 2170 836 2243; x_wconf 85' lang='lat' dir='ltr'>meamque</span> <span class='ocrx_word' id='word_1_92' title='bbox 852 2160 889 2222; x_wconf 88' lang='lat' dir='ltr'>et</span> <span class='ocrx_word' id='word_1_93' title='bbox 905 2149 1095 2222; x_wconf 89' lang='lat' dir='ltr'>amicorum</span> <span class='ocrx_word' id='word_1_94' title='bbox 1108 2147 1233 2222; x_wconf 81' lang='lat' dir='ltr'>faciem</span> 
     </span>
     <span class='ocr_line' id='line_1_15' title="bbox 150 2270 1235 2365; baseline 0.001 -22"><span class='ocrx_word' id='word_1_95' title='bbox 150 2270 270 2343; x_wconf 82' lang='lat' dir='ltr'>videre</span> <span class='ocrx_word' id='word_1_96' title='bbox 286 2271 445 2343; x_wconf 88' lang='lat' dir='ltr'>desieris.</span> <span class='ocrx_word' id='word_1_97' title='bbox 463 2272 595 2345; x_wconf 89' lang='lat' dir='ltr'>ltlotum</span> <span class='ocrx_word' id='word_1_98' title='bbox 612 2281 646 2342; x_wconf 83' lang='lat' dir='ltr'>te</span> <span class='ocrx_word' id='word_1_99' title='bbox 662 2272 708 2344; x_wconf 92' lang='lat' dir='ltr'>de</span> <span class='ocrx_word' id='word_1_100' title='bbox 724 2273 886 2365; x_wconf 84' lang='lat' dir='ltr'>digressu</span> <span class='ocrx_word' id='word_1_101' title='bbox 906 2271 1022 2344; x_wconf 90' lang='lat' dir='ltr'>subito</span> <span class='ocrx_word' id='word_1_102' title='bbox 1039 2271 1235 2344; x_wconf 89' lang='lat' dir='ltr'>turbatum·</span> 
     </span>
     <span class='ocr_line' id='line_1_16' title="bbox 152 2392 1234 2488; baseline 0.002 -24"><span class='ocrx_word' id='word_1_103' title='bbox 152 2415 222 2486; x_wconf 89' lang='lat' dir='ltr'>que</span> <span class='ocrx_word' id='word_1_104' title='bbox 238 2414 308 2464; x_wconf 95' lang='lat' dir='ltr'>non</span> <span class='ocrx_word' id='word_1_105' title='bbox 324 2392 460 2465; x_wconf 91' lang='lat' dir='ltr'>dubito:</span> <span class='ocrx_word' id='word_1_106' title='bbox 478 2396 783 2468; x_wconf 89' lang='lat' dir='ltr'>mansuetudinem</span> <span class='ocrx_word' id='word_1_107' title='bbox 799 2417 949 2488; x_wconf 90' lang='lat' dir='ltr'>namque</span> <span class='ocrx_word' id='word_1_108' title='bbox 967 2395 1084 2479; x_wconf 91' lang='lat' dir='ltr'>animi,</span> <span class='ocrx_word' id='word_1_109' title='bbox 1099 2405 1135 2466; x_wconf 87' lang='lat' dir='ltr'>et</span> <span class='ocrx_word' id='word_1_110' title='bbox 1152 2414 1234 2466; x_wconf 88' lang='lat' dir='ltr'>sua-</span> 
     </span>
     <span class='ocr_line' id='line_1_17' title="bbox 153 2515 1233 2609; baseline 0.002 -23"><span class='ocrx_word' id='word_1_111' title='bbox 153 2515 296 2587; x_wconf 86' lang='lat' dir='ltr'>vitatem</span> <span class='ocrx_word' id='word_1_112' title='bbox 308 2535 444 2586; x_wconf 89' lang='lat' dir='ltr'>morum</span> <span class='ocrx_word' id='word_1_113' title='bbox 464 2527 602 2587; x_wconf 91' lang='lat' dir='ltr'>tuorum</span> <span class='ocrx_word' id='word_1_114' title='bbox 620 2517 715 2602; x_wconf 86' lang='lat' dir='ltr'>novi,</span> <span class='ocrx_word' id='word_1_115' title='bbox 731 2518 790 2609; x_wconf 92' lang='lat' dir='ltr'>qui</span> <span class='ocrx_word' id='word_1_116' title='bbox 803 2518 943 2588; x_wconf 90' lang='lat' dir='ltr'>omnino</span> <span class='ocrx_word' id='word_1_117' title='bbox 955 2538 1034 2587; x_wconf 88' lang='lat' dir='ltr'>cum</span> <span class='ocrx_word' id='word_1_118' title='bbox 1047 2519 1117 2587; x_wconf 90' lang='lat' dir='ltr'>ulla</span> <span class='ocrx_word' id='word_1_119' title='bbox 1130 2537 1233 2588; x_wconf 87' lang='lat' dir='ltr'>sevo-</span> 
     </span>
     <span class='ocr_line' id='line_1_18' title="bbox 154 2635 1235 2732; baseline 0.002 -24"><span class='ocrx_word' id='word_1_120' title='bbox 154 2637 256 2717; x_wconf 84' lang='lat' dir='ltr'>ritata</span> <span class='ocrx_word' id='word_1_121' title='bbox 272 2646 333 2710; x_wconf 91' lang='lat' dir='ltr'>aut</span> <span class='ocrx_word' id='word_1_122' title='bbox 350 2635 472 2709; x_wconf 87' lang='lat' dir='ltr'>babitu</span> <span class='ocrx_word' id='word_1_123' title='bbox 486 2639 611 2710; x_wconf 90' lang='lat' dir='ltr'>mentis</span> <span class='ocrx_word' id='word_1_124' title='bbox 625 2638 804 2732; x_wconf 88' lang='lat' dir='ltr'>asperiore</span> <span class='ocrx_word' id='word_1_125' title='bbox 820 2660 889 2709; x_wconf 93' lang='lat' dir='ltr'>non</span> <span class='ocrx_word' id='word_1_126' title='bbox 901 2639 1121 2710; x_wconf 86' lang='lat' dir='ltr'>conveniunt.</span> <span class='ocrx_word' id='word_1_127' title='bbox 1136 2637 1235 2710; x_wconf 91' lang='lat' dir='ltr'>Unde</span> 
     </span>
     <span class='ocr_line' id='line_1_19' title="bbox 155 2759 1237 2853; baseline 0.004 -22"><span class='ocrx_word' id='word_1_128' title='bbox 155 2771 270 2833; x_wconf 90' lang='lat' dir='ltr'>tamen</span> <span class='ocrx_word' id='word_1_129' title='bbox 284 2759 341 2833; x_wconf 88' lang='lat' dir='ltr'>bio</span> <span class='ocrx_word' id='word_1_130' title='bbox 360 2771 429 2832; x_wconf 85' lang='lat' dir='ltr'>tam</span> <span class='ocrx_word' id='word_1_131' title='bbox 444 2760 651 2833; x_wconf 89' lang='lat' dir='ltr'>immodicus</span> <span class='ocrx_word' id='word_1_132' title='bbox 669 2761 780 2846; x_wconf 92' lang='lat' dir='ltr'>dolor,</span> <span class='ocrx_word' id='word_1_133' title='bbox 800 2782 870 2832; x_wconf 91' lang='lat' dir='ltr'>non</span> <span class='ocrx_word' id='word_1_134' title='bbox 887 2759 1051 2853; x_wconf 81' lang='lat' dir='ltr'>intelligo.</span> <span class='ocrx_word' id='word_1_135' title='bbox 1072 2761 1237 2835; x_wconf 87' lang='lat' dir='ltr'>Innume-</span> 
     </span>
     <span class='ocr_line' id='line_1_20' title="bbox 154 2882 1234 2975; baseline 0.003 -20"><span class='ocrx_word' id='word_1_136' title='bbox 154 2882 281 2957; x_wconf 91' lang='lat' dir='ltr'>rabiles</span> <span class='ocrx_word' id='word_1_137' title='bbox 294 2903 415 2956; x_wconf 83' lang='lat' dir='ltr'>causae</span> <span class='ocrx_word' id='word_1_138' title='bbox 429 2894 616 2975; x_wconf 89' lang='lat' dir='ltr'>segregant</span> <span class='ocrx_word' id='word_1_139' title='bbox 628 2883 772 2968; x_wconf 89' lang='lat' dir='ltr'>amicos,</span> <span class='ocrx_word' id='word_1_140' title='bbox 787 2882 971 2957; x_wconf 85' lang='lat' dir='ltr'>amicitiam</span> <span class='ocrx_word' id='word_1_141' title='bbox 986 2905 1106 2958; x_wconf 85' lang='lat' dir='ltr'>veram</span> <span class='ocrx_word' id='word_1_142' title='bbox 1119 2887 1234 2968; x_wconf 83' lang='lat' dir='ltr'>nullae,</span> 
     </span>
     <span class='ocr_line' id='line_1_21' title="bbox 153 3004 1235 3102; baseline -0.003 -24"><span class='ocrx_word' id='word_1_143' title='bbox 153 3029 223 3100; x_wconf 88' lang='lat' dir='ltr'>qua</span> <span class='ocrx_word' id='word_1_144' title='bbox 241 3013 429 3102; x_wconf 84' lang='lat' dir='ltr'>praesente,</span> <span class='ocrx_word' id='word_1_145' title='bbox 448 3005 581 3078; x_wconf 89' lang='lat' dir='ltr'>amicus</span> <span class='ocrx_word' id='word_1_146' title='bbox 595 3004 725 3079; x_wconf 90' lang='lat' dir='ltr'>absens</span> <span class='ocrx_word' id='word_1_147' title='bbox 737 3027 818 3079; x_wconf 88' lang='lat' dir='ltr'>esse</span> <span class='ocrx_word' id='word_1_148' title='bbox 830 3029 899 3079; x_wconf 94' lang='lat' dir='ltr'>non</span> <span class='ocrx_word' id='word_1_149' title='bbox 912 3007 1051 3100; x_wconf 90' lang='lat' dir='ltr'>poterit;</span> <span class='ocrx_word' id='word_1_150' title='bbox 1067 3019 1235 3099; x_wconf 90' lang='lat' dir='ltr'>quantum</span> 
     </span>
     <span class='ocr_line' id='line_1_22' title="bbox 154 3125 1237 3202; baseline -0.006 -1"><span class='ocrx_word' id='word_1_151' title='bbox 154 3129 246 3201; x_wconf 89' lang='lat' dir='ltr'>enim</span> <span class='ocrx_word' id='word_1_152' title='bbox 269 3132 424 3202; x_wconf 82' lang='lat' dir='ltr'>locorum</span> <span class='ocrx_word' id='word_1_153' title='bbox 448 3127 640 3202; x_wconf 88' lang='lat' dir='ltr'>intervallis</span> <span class='ocrx_word' id='word_1_154' title='bbox 670 3128 716 3201; x_wconf 91' lang='lat' dir='ltr'>ab</span> <span class='ocrx_word' id='word_1_155' title='bbox 749 3128 939 3201; x_wconf 88' lang='lat' dir='ltr'>amicorum</span> <span class='ocrx_word' id='word_1_156' title='bbox 971 3125 1237 3200; x_wconf 88' lang='lat' dir='ltr'>conversatione</span> 
     </span>
     <span class='ocr_line' id='line_1_23' title="bbox 154 3246 1237 3340; baseline -0.006 -18"><span class='ocrx_word' id='word_1_157' title='bbox 154 3249 400 3340; x_wconf 89' lang='lat' dir='ltr'>disiungimur,</span> <span class='ocrx_word' id='word_1_158' title='bbox 434 3258 568 3322; x_wconf 88' lang='lat' dir='ltr'>tantum</span> <span class='ocrx_word' id='word_1_159' title='bbox 602 3248 772 3323; x_wconf 77' lang='lat' dir='ltr'>absentiae</span> <span class='ocrx_word' id='word_1_160' title='bbox 810 3251 1053 3323; x_wconf 90' lang='lat' dir='ltr'>detrimentum</span> <span class='ocrx_word' id='word_1_161' title='bbox 1093 3246 1237 3318; x_wconf 88' lang='lat' dir='ltr'>assidua</span> 
     </span>
     <span class='ocr_line' id='line_1_24' title="bbox 155 3368 1235 3455; baseline -0.006 -11"><span class='ocrx_word' id='word_1_162' title='bbox 155 3372 481 3444; x_wconf 89' lang='lat' dir='ltr'>commemoratione</span> <span class='ocrx_word' id='word_1_163' title='bbox 500 3372 725 3455; x_wconf 58' lang='lat' dir='ltr'>discutimus</span> <span class='ocrx_word' id='word_1_164' title='bbox 746 3373 846 3444; x_wconf 88' lang='lat' dir='ltr'>cuius</span> <span class='ocrx_word' id='word_1_165' title='bbox 869 3371 899 3441; x_wconf 89' lang='lat' dir='ltr'>si</span> <span class='ocrx_word' id='word_1_166' title='bbox 920 3381 1016 3443; x_wconf 88' lang='lat' dir='ltr'>tanta</span> <span class='ocrx_word' id='word_1_167' title='bbox 1035 3368 1091 3440; x_wconf 87' lang='lat' dir='ltr'>vis</span> <span class='ocrx_word' id='word_1_168' title='bbox 1111 3375 1167 3438; x_wconf 90' lang='lat' dir='ltr'>est</span> <span class='ocrx_word' id='word_1_169' title='bbox 1182 3375 1235 3451; x_wconf 92' lang='lat' dir='ltr'>ut,</span> 
     </span>
     <span class='ocr_line' id='line_1_25' title="bbox 156 3488 1237 3588; baseline -0.003 -25"><span class='ocrx_word' id='word_1_170' title='bbox 156 3503 268 3565; x_wconf 89' lang='lat' dir='ltr'>morte</span> <span class='ocrx_word' id='word_1_171' title='bbox 288 3503 464 3588; x_wconf 87' lang='lat' dir='ltr'>superata,</span> <span class='ocrx_word' id='word_1_172' title='bbox 483 3495 664 3568; x_wconf 83' lang='lat' dir='ltr'>defunctos</span> <span class='ocrx_word' id='word_1_173' title='bbox 680 3494 784 3567; x_wconf 89' lang='lat' dir='ltr'>etiam</span> <span class='ocrx_word' id='word_1_174' title='bbox 806 3493 936 3564; x_wconf 88' lang='lat' dir='ltr'>amicos</span> <span class='ocrx_word' id='word_1_175' title='bbox 954 3513 1016 3586; x_wconf 83' lang='lat' dir='ltr'>pro</span> <span class='ocrx_word' id='word_1_176' title='bbox 1033 3488 1237 3561; x_wconf 83' lang='lat' dir='ltr'>viventibus</span> 
     </span>
     <span class='ocr_line' id='line_1_26' title="bbox 155 3610 1239 3711; baseline -0.003 -23"><span class='ocrx_word' id='word_1_177' title='bbox 155 3615 391 3701; x_wconf 82' lang='lat' dir='ltr'>celebremus3</span> <span class='ocrx_word' id='word_1_178' title='bbox 420 3616 515 3711; x_wconf 86' lang='lat' dir='ltr'>quod</span> <span class='ocrx_word' id='word_1_179' title='bbox 549 3628 629 3711; x_wconf 84' lang='lat' dir='ltr'>post</span> <span class='ocrx_word' id='word_1_180' title='bbox 660 3617 791 3689; x_wconf 91' lang='lat' dir='ltr'>obitum</span> <span class='ocrx_word' id='word_1_181' title='bbox 818 3615 962 3687; x_wconf 88' lang='lat' dir='ltr'>iunioris</span> <span class='ocrx_word' id='word_1_182' title='bbox 987 3610 1154 3698; x_wconf 79' lang='lat' dir='ltr'>Africani,</span> <span class='ocrx_word' id='word_1_183' title='bbox 1182 3633 1239 3685; x_wconf 83' lang='lat' dir='ltr'>sa-</span> 
     </span>
     <span class='ocr_line' id='line_1_27' title="bbox 155 3733 1240 3833; baseline -0.003 -22"><span class='ocrx_word' id='word_1_184' title='bbox 155 3738 376 3833; x_wconf 88' lang='lat' dir='ltr'>pientissimo</span> <span class='ocrx_word' id='word_1_185' title='bbox 393 3750 429 3812; x_wconf 91' lang='lat' dir='ltr'>et</span> <span class='ocrx_word' id='word_1_186' title='bbox 448 3739 604 3814; x_wconf 94' lang='lat' dir='ltr'>omnium</span> <span class='ocrx_word' id='word_1_187' title='bbox 624 3741 859 3811; x_wconf 87' lang='lat' dir='ltr'>Romanorum</span> <span class='ocrx_word' id='word_1_188' title='bbox 885 3738 921 3808; x_wconf 91' lang='lat' dir='ltr'>in</span> <span class='ocrx_word' id='word_1_189' title='bbox 942 3733 1091 3809; x_wconf 87' lang='lat' dir='ltr'>amicitia</span> <span class='ocrx_word' id='word_1_190' title='bbox 1112 3735 1240 3828; x_wconf 91' lang='lat' dir='ltr'>glorio-</span> 
     </span>
     <span class='ocr_line' id='line_1_28' title="bbox 157 3856 1238 3959; baseline -0.004 -29"><span class='ocrx_word' id='word_1_191' title='bbox 157 3858 300 3933; x_wconf 84' lang='lat' dir='ltr'>sissimo</span> <span class='ocrx_word' id='word_1_192' title='bbox 312 3861 506 3935; x_wconf 84' lang='lat' dir='ltr'>viroLaelio</span> <span class='ocrx_word' id='word_1_193' title='bbox 520 3863 675 3946; x_wconf 89' lang='lat' dir='ltr'>docente,</span> <span class='ocrx_word' id='word_1_194' title='bbox 689 3856 982 3959; x_wconf 84' lang='lat' dir='ltr'>didicimus3quid</span> <span class='ocrx_word' id='word_1_195' title='bbox 995 3867 1238 3949; x_wconf 89' lang='lat' dir='ltr'>tammagnum</span> 
     </span>
     <span class='ocr_line' id='line_1_29' title="bbox 155 3979 1239 4076; baseline -0.005 -24"><span class='ocrx_word' id='word_1_196' title='bbox 155 3991 224 4067; x_wconf 89' lang='lat' dir='ltr'>est,</span> <span class='ocrx_word' id='word_1_197' title='bbox 243 3983 284 4068; x_wconf 89' lang='lat' dir='ltr'>si,</span> <span class='ocrx_word' id='word_1_198' title='bbox 302 3982 462 4058; x_wconf 86' lang='lat' dir='ltr'>absentia</span> <span class='ocrx_word' id='word_1_199' title='bbox 483 3982 640 4058; x_wconf 88' lang='lat' dir='ltr'>similiter</span> <span class='ocrx_word' id='word_1_200' title='bbox 656 3981 764 4067; x_wconf 86' lang='lat' dir='ltr'>victa,</span> <span class='ocrx_word' id='word_1_201' title='bbox 782 3980 885 4074; x_wconf 91' lang='lat' dir='ltr'>longe</span> <span class='ocrx_word' id='word_1_202' title='bbox 901 3979 1034 4076; x_wconf 85' lang='lat' dir='ltr'>positos</span> <span class='ocrx_word' id='word_1_203' title='bbox 1051 3980 1239 4056; x_wconf 89' lang='lat' dir='ltr'>amicorum</span> 
     </span>
    </p>
   </div>
   <div class='ocr_carea' id='block_1_6' title="bbox 0 0 1367 5024">
    <p class='ocr_par' dir='ltr' id='par_1_6' title="bbox 0 0 1367 5024">
     <span class='ocr_line' id='line_1_30' title="bbox 0 0 1367 5024; baseline 0 0"><span class='ocrx_word' id='word_1_204' title='bbox 0 0 1367 5024; x_wconf 95' lang='lat' dir='ltr'> </span> 
     </span>
    </p>
   </div>
  </div>
 </body>
</html>
