2692 5024
361 730 454 779 umen
475 732 832 782 neurius—errsroun
855 736 916 783 xrr'.
1119 723 1177 784 lla

99 877 366 961 unico'delectu,
386 877 571 947 multorum
586 896 650 946 nos
663 896 846 946 munerum
868 899 1009 948 suorum
1028 877 1177 950 liberali·

97 1014 152 1073 tas
169 1000 320 1072 eoelestis
338 999 538 1083 admoneat,
550 1007 585 1071 et
602 998 701 1070 brevi
719 1008 825 1092 gustu
842 1001 1080 1073 amaritudinis
1097 1025 1176 1095 pro

97 1125 297 1220 speritatem
316 1132 472 1195 nostram
504 1123 606 1195 nobis
639 1123 766 1195 efficiat
799 1123 999 1196 dulciorem.
1020 1125 1121 1210 Quod
1147 1126 1176 1196 si

95 1251 218 1333 multa,
240 1246 334 1338 quod
356 1246 386 1317 si
406 1246 523 1319 omnia
543 1246 718 1331 deessent,
738 1247 804 1318 hoc
820 1246 935 1318 animo
948 1255 1064 1317 tamen
1086 1268 1173 1332 sum,

96 1383 135 1444 ut
154 1371 286 1444 felicius
306 1393 385 1443 rear
404 1368 622 1443 laudabiliter
642 1392 761 1463 egero,
781 1392 885 1465 quam
905 1371 1048 1465 turpiter
1064 1369 1176 1442 abun-

94 1496 195 1578 dare3
216 1517 279 1567 nec
299 1516 405 1567 nosse
434 1517 554 1566 veram
575 1496 785 1589 opulentiam
815 1518 889 1581 eos,
925 1495 983 1591 qui
1017 1495 1175 1568 honestae

94 1619 305 1693 mendicitati
326 1619 529 1691 inhonestas
550 1619 690 1691 divitias
711 1627 933 1713 anteponunt.
957 1619 1052 1690 Vale.

238 1766 264 1821 ll
277 1766 339 1822 Kal.
355 1766 486 1821 Ianuarii.

596 1923 673 1932 —n—-

510 2152 688 2217 epistota
705 2153 762 2216 xv.

323 2349 517 2399 Fnuufflscus
535 2349 703 2398 Pssrulucu
722 2349 764 2398 uo
787 2350 937 2400 IGNOTUll.

142 2537 231 2591 liaros
244 2552 303 2590 esse
317 2536 391 2590 viros
410 2535 508 2606 bonos,
522 2553 537 2591 e
552 2553 672 2608 quorum
687 2554 802 2593 numero
815 2537 934 2609 eligendi
948 2545 1013 2594 sunt
1028 2541 1125 2610 amici,

367 2632 504 2685 malorum
517 2633 645 2687 societate
659 2635 769 2704 penitus
787 2634 896 2689 reiecta.

188 2854 332 2927 Studeto
346 2852 446 2925 bouis
459 2855 621 2928 omuibus
635 2876 715 2928 esse
729 2857 964 2941 carissimum3
978 2881 1091 2952 neque
1109 2880 1173 2929 ve-

91 2977 237 3052 rendum
257 2989 375 3050 estne
395 2978 520 3051 nimios
540 2978 672 3052 habeas
694 2980 837 3064 amicos,
861 2990 922 3050 aut
946 2979 1087 3049 nimium
1110 2976 1171 3049 tibi

91 3101 225 3196 negocii
241 3102 409 3175 obiiciam.
433 3104 483 3173 lta
502 3102 596 3174 dico:
624 3103 654 3173 si
679 3124 800 3173 omnes
822 3101 1084 3173 bonusamicus
1110 3100 1171 3171 tibi

93 3227 231 3311 leceris,
253 3225 353 3320 pauci
374 3236 486 3296 erunt.

250 3419 322 3482 Ruri
338 3419 450 3498 quippe
466 3420 552 3483 boni:
572 3435 701 3482 numero
720 3420 773 3483 vix
790 3427 861 3484 sunt
876 3421 1017 3499 totidem,
1035 3429 1110 3501 quot

252 3518 424 3582 Thebarum
440 3525 551 3598 porte,
569 3519 618 3583 vel
635 3519 739 3585 divitis
756 3520 833 3584 ostia
850 3519 916 3583 Nili.

90 3709 192 3794 Quis,
215 3708 342 3801 inquis
365 3710 430 3782 hoc
450 3711 626 3803 loquitur?
643 3711 734 3795 Quid
751 3713 877 3784 relert‘l
893 3713 929 3781 Si
946 3710 1076 3781 dictum
1094 3732 1173 3804 pro-

90 3835 171 3918 bae,
193 3834 278 3928 quid
297 3834 427 3927 queris
448 3837 650 3906 auctorem?
666 3835 775 3906 Omne
802 3858 926 3906 verum
955 3834 1009 3927 (ut
1029 3833 1077 3903 ait
1101 3830 1173 3904 Au-

91 3957 273 4053 gustinus)
300 3980 321 4029 a
353 3958 499 4030 veritate
532 3979 655 4028 verum
675 3968 740 4029 est.
767 3959 843 4049 Ego
862 3956 938 4028 haec
959 3959 1095 4049 loquor;
1127 3977 1172 4026 an

93 4084 182 4153 forte
204 4091 239 4152 tu
260 4086 390 4174 negas?
409 4081 579 4174 Loquitur
595 4079 823 4175 experientia,
846 4100 926 4173 quae
943 4080 1081 4150 mentiri
1101 4100 1173 4150 non

91 4206 196 4288 solet;
215 4207 365 4299 loquitur
385 4203 531 4288 veritae,
554 4224 636 4296 quae
670 4201 805 4272 mentiri
826 4223 894 4271 non
915 4211 1040 4295 potest.
1072 4202 1174 4286 Quod

91 4328 122 4399 si
138 4330 320 4399 mortalem
338 4329 452 4420 poscis
466 4335 656 4407 auctorem,
672 4322 823 4417 loquitur
837 4323 925 4409 haee,
940 4322 1172 4419 peritissimus

90 4475 209 4525 rerum
230 4452 365 4536 talium,
387 4449 577 4534 luvenalis,
606 4446 735 4542 quique
758 4446 1030 4544 profundissime
1056 4469 1173 4521 mores

90 4574 270 4649 hominum
291 4573 398 4647 novit.
420 4573 456 4646 Si
477 4572 543 4646 sibi
563 4571 782 4660 conmodis,
809 4572 891 4648 audi
916 4572 1044 4659 alium,
1072 4572 1172 4645 cuius
