2692 5024
132 776 191 838 33l
469 787 509 832 ua
531 784 632 833 arcus
653 784 876 834 aaurmuusus

129 934 267 1026 dignior
297 915 453 1025 querela,
491 931 586 1025 quod
617 930 841 1026 praesentiam
875 941 987 1026 atque
1020 936 1229 1008 convictum

131 1080 246 1129 meum
280 1056 382 1128 valde
414 1055 568 1126 suaviter
601 1055 765 1149 requiris;
796 1065 833 1126 et
864 1056 899 1127 in
925 1079 1000 1151 quo
1029 1058 1141 1132 unice
1165 1061 1227 1134 tibi

129 1179 384 1275 complacebas,
412 1189 450 1249 ut
474 1177 574 1265 dicis,
609 1187 682 1249 tum
715 1201 795 1250 cum
822 1179 979 1251 maxime
1011 1181 1225 1271 delectaret,

129 1303 281 1375 ablatum
303 1306 414 1395 luges.
444 1300 632 1373 Enimvero
661 1301 747 1372 nibil
778 1302 909 1394 negotii
942 1315 1000 1375 est
1025 1304 1099 1377 hic.
1127 1307 1167 1378 Si
1186 1331 1227 1382 es

128 1429 272 1510 amicus,
307 1427 377 1497 imo
409 1448 495 1498 vero
520 1425 550 1496 si
575 1435 673 1518 pater
700 1424 825 1519 (neque
845 1425 940 1496 euim
960 1426 1074 1499 alium
1094 1440 1132 1503 te
1153 1431 1227 1524 pie-

128 1560 198 1622 tate
216 1550 346 1621 eximia
366 1559 402 1618 et
420 1547 574 1643 paternis
595 1570 734 1641 semper
750 1547 932 1621 affectibus
949 1553 1222 1652 comprobasti),

128 1676 243 1746 nullus
264 1671 324 1744 tibi
345 1696 401 1744 me
422 1675 533 1756 locus,
555 1673 687 1744 nullum
714 1682 853 1764 tempus
877 1672 1012 1766 eripiet.
1041 1676 1145 1748 Pone
1172 1701 1225 1753 me

129 1796 163 1867 in
185 1817 348 1887 supremo
371 1795 518 1866 Atlantis
544 1794 736 1867 Medusaeis
766 1794 956 1867 luminibus
980 1796 1119 1873 durato
1144 1825 1225 1876 ver·

111 1896 206 2003 tice,
235 1931 268 1990 te
287 1917 323 1989 in
342 1941 428 2012 rupe
450 1919 639 2004 Caucasea,
663 1917 722 1989 ubi
743 1919 880 1990 vinctus
909 1919 1157 1997 Prometheus
1181 1925 1224 1999 de

129 2043 210 2113 love
222 2043 458 2136 conqueritur;
473 2043 574 2112 simul
593 2040 807 2124 sedebimus
823 2040 926 2112 simul
938 2041 1220 2133 ambulabimus

129 2166 231 2237 simul
251 2165 481 2249 coenabimus,
504 2166 607 2236 simul
627 2163 870 2248 labulabimur,
891 2164 993 2236 simul
1024 2169 1128 2240 seria
1156 2180 1221 2245 tra

128 2289 307 2361 ctabimus
320 2288 412 2360 Nihil
425 2309 577 2381 uuquam
591 2287 903 2381 interveniet-quod
918 2288 1060 2362 viciuos
1074 2315 1219 2366 cernere

128 2425 162 2485 et
182 2412 301 2484 audire
321 2411 514 2507 probibeat.
537 2413 752 2482 Volucerest
768 2434 877 2493 amor;
905 2434 974 2483 non
1002 2423 1126 2488 terras
1149 2429 1218 2491 tau-

129 2547 215 2618 tum,
236 2536 298 2607 sed
319 2538 444 2606 coelum
466 2535 591 2605 transit
606 2547 641 2605 et
661 2534 783 2606 maria:
810 2556 874 2604 nec
899 2535 1100 2628 podagram
1125 2544 1217 2614 novit

129 2659 195 2741 ille,
227 2681 291 2728 nec
323 2658 530 2751 compedes;
561 2657 759 2728 liberrimus
792 2667 862 2741 est,
894 2670 930 2729 et
959 2661 1107 2736 fortuna
1142 2669 1214 2739 licet

128 2777 337 2862 obluctante,
354 2779 414 2848 ubi
432 2780 593 2861 voluerit,
617 2801 783 2874 praeseus.
806 2781 965 2852 llliraris?
982 2785 1115 2858 Mortis
1134 2811 1213 2882 quo

128 2923 195 2992 quc
217 2901 326 2971 nescit
347 2901 542 2994 imperium3
576 2913 610 2972 et
635 2903 727 2995 quod
750 2904 805 2975 illa
829 2904 970 2976 videtur
1000 2907 1209 2996 abstulisse,

128 3023 378 3115 complectitur.
402 3021 521 3117 ltaque
542 3047 665 3095 versos
688 3026 721 3095 in
735 3028 900 3106 cinerem,
923 3030 1020 3121 apud
1043 3032 1146 3106 illum
1166 3038 1210 3106 iu·

128 3156 243 3238 tegros
277 3148 443 3218 invenies
472 3148 515 3217 Et
536 3159 653 3219 natum
681 3149 834 3231 Octavia,
863 3150 979 3221 virum
1008 3152 1206 3239 Artemisia,

127 3271 273 3340 amicum
296 3269 433 3352 Laelius,
456 3270 563 3342 invita
582 3283 703 3356 morte,
730 3281 766 3342 et
777 3271 941 3358 effractis,
970 3285 1012 3344 ut
1038 3279 1091 3351 ita
1115 3283 1207 3354 dixe

128 3392 205 3475 rim,
231 3394 385 3476 tumulis
412 3396 514 3465 vivos
541 3396 670 3466 habeut
695 3419 735 3466 ac
752 3406 955 3487 praesentes.
982 3400 1088 3473 Habe
1111 3405 1207 3497 igitur

127 3536 198 3595 me;
217 3524 349 3587 namet
367 3538 432 3609 ego
450 3526 483 3587 te
506 3518 626 3589 babeo,
653 3519 751 3589 Nulla
773 3518 855 3588 milri
877 3519 953 3590 sine
975 3529 1011 3592 te
1034 3524 1119 3596 dies
1140 3526 1206 3618 agi-

128 3647 196 3720 tur,
219 3641 311 3709 nulla
328 3662 412 3724 nox,
436 3642 566 3710 nullum
583 3630 665 3725 iter,
689 3643 780 3710 nulla
798 3641 991 3718 consessio:
1014 3644 1154 3741 ubique
1166 3658 1206 3718 te·

126 3781 204 3829 cum
227 3783 316 3832 sum.
338 3763 438 3846 Quod
459 3762 488 3833 si
512 3765 598 3833 forte
617 3763 789 3856 (quoniam
811 3787 940 3857 negare
957 3789 1029 3838 non
1051 3792 1204 3864 possum,

125 3882 226 3954 dulce
247 3884 409 3976 quiddam
431 3899 465 3957 ot
494 3886 682 3958 iucundum
703 3888 737 3957 in
760 3911 797 3958 se
819 3887 947 3960 habere
981 3899 1205 3983 praesentiam

126 4007 330 4089 amicorum;
357 4009 458 4079 modo
483 4010 567 4081 illud
592 4010 674 4079 mihi
693 4033 762 4081 non
782 4023 938 4103 negetur,
959 4034 1058 4111 saepe
1080 4021 1207 4094 dulcio

127 4153 199 4200 rem
221 4153 300 4202 esse
322 4131 533 4216 memoriam,
553 4144 596 4215 et,
619 4134 712 4224 quod
738 4137 872 4217 nollem,
901 4157 997 4228 saepe
1023 4140 1206 4216 delicatam

125 4275 205 4323 esse
237 4253 483 4348 praesentiam),
516 4255 545 4326 si
579 4278 663 4348 ergo
683 4257 728 4328 ad
750 4257 908 4328 solatium
939 4260 1028 4335 vitae
1056 4274 1133 4339 tam
1156 4265 1206 4338 tibi

127 4376 243 4447 utilem
265 4379 483 4473 praesentiam
511 4402 623 4452 meam
650 4392 766 4476 putaS,
789 4381 919 4475 duplex
936 4382 980 4453 ad
1004 4384 1043 4459 id
1067 4390 1132 4464 via
1150 4401 1205 4464 est.

125 4498 210 4568 Nam
232 4510 267 4571 et
283 4525 349 4593 ogo
368 4524 472 4596 supra
493 4526 590 4598 spem
613 4515 705 4578 tuam
728 4506 773 4577 ad
795 4513 828 4575 te
841 4506 961 4579 venire
978 4517 1162 4611 tuumque
1179 4526 1207 4588 et

127 4620 252 4691 Horatii
278 4624 369 4693 vatis
396 4626 559 4696 aestivum
586 4627 820 4700 babitaculum
846 4628 980 4715 videre,
1020 4650 1208 4730 quantum-
