2692 5024
194 674 233 736 18
450 678 617 733 munemel
636 678 813 731 mmcd!
834 678 1011 731 summ.

193 834 352 919 Quonam
371 828 487 916 modo,
508 828 657 902 amicum
683 826 774 915 licet,
800 828 869 900 nisi
894 828 940 901 sit
962 826 1055 900 idem
1075 828 1161 901 alter
1183 850 1265 921 ego,

194 958 362 1029 lecturum
380 953 461 1025 baec
479 951 555 1024 sine
573 948 713 1023 fastidio
732 948 940 1023 arbitremur
958 948 1100 1023 diversa
1117 949 1267 1024 invicem

192 1090 229 1151 et
246 1076 426 1151 advorsa?
449 1074 486 1147 in
509 1072 638 1169 quibus
656 1094 728 1147 uon
746 1070 839 1145 idem
858 1072 971 1158 stilus,
997 1094 1069 1145 non
1088 1096 1159 1147 uua
1182 1072 1270 1147 sori·

105 1192 109 1200 ’
193 1199 307 1275 bends
327 1197 491 1271 intentio:
510 1196 639 1292 quippe
658 1216 738 1268 cum
757 1216 822 1291 pro
840 1193 1007 1267 varietate
1024 1216 1151 1281 rerum,
1172 1193 1269 1269 varie

195 1322 337 1399 allectus
353 1320 491 1395 animm
507 1321 565 1392 illa
580 1317 771 1405 dictaverit,
792 1338 873 1391 ram
887 1316 1028 1413 quidem
1044 1319 1164 1407 iactus,
1181 1340 1270 1393 mm-

195 1456 272 1519 stus
297 1464 404 1538 saepe.
428 1440 602 1536 Epicurus
626 1440 854 1537 philosophus
887 1442 996 1535 vulgo
1026 1439 1180 1528 infamis,-
1206 1440 1270 1515 'sed

195 1568 364 1641 maiorum
388 1564 518 1638 iudicio
541 1584 702 1657 magnus,
734 1562 898 1658 epistolas
928 1582 1012 1637 suas
1039 1562 1180 1636 duobus
1210 1574 1271 1637 aut
1306 1630 1310 1639 .

195 1690 308 1763 tribus
327 1687 516 1783 inscripsit,
538 1686 735 1773 Idomeneo,
755 1685 909 1772 Polione,
928 1696 965 1759 et
980 1684 1187 1759 Metrodoro.
1204 1686 1271 1759 'lo-

197 1809 302 1883 tidem
317 1832 409 1905 pene
428 1830 513 1883 suas
533 1808 674 1883 Cicero:
699 1810 821 1893 Bruto,
843 1806 971 1895 Attico,
991 1818 1028 1880 et
1047 1806 1270 1883 Ciceronibus

172 1933 286 2020 suis,
319 1931 417 2033 tratri
450 1931 579 2005 scilicet
602 1954 644 2007 ac
667 1930 748 2004 illio.
775 1931 905 2003 Seneca
928 1950 1118 2025 perpaucas
1143 1944 1271 2029 prater

196 2077 301 2148 mam
324 2053 458 2127 Lucilio
483 2075 549 2126 suo
573 2053 704 2127 scribit.
730 2054 932 2147 Promptum
959 2074 1062 2149 opus,
1088 2063 1125 2127 et
1146 2054 1272 2127 felicis-

197 2177 276 2250 simi
302 2196 489 2250 successus
515 2198 620 2251 nosse
644 2174 863 2249 collocutoris
888 2176 944 2247 sui
968 2177 1137 2261 murum,
1165 2174 1271 2249 unius

197 2301 400 2373 assuevisse
418 2299 572 2393 ingenio,
595 2299 684 2372 scire
703 2297 789 2393 quid
806 2297 903 2369 illum
925 2298 1045 2371 audire
1063 2282 1272 2395 iuvet,'quid

198 2436 231 2497 te
249 2423 344 2520 loqui
362 2423 491 2501 deceat.
512 2422 598 2495 Mihi
617 2431 731 2495 autem
750 2442 826 2493 sors
843 2422 945 2513 longe
961 2421 1049 2497 alia:
1074 2435 1199 2517 nempe
1217 2424 1273 2496 cui

198 2570 311 2642 usque
335 2545 380 2619 ad
406 2547 472 2617 boc
495 2555 632 2639 tempus
656 2543 730 2616 vita
753 2564 852 2638 paene
877 2543 990 2616 omnis
1016 2543 1052 2616 in
1077 2547 1274 2641 peregriua-

200 2671 289 2742 tione
319 2679 494 2740 transacta
524 2678 589 2739 est.
622 2670 788 2765 Ulyssecs
814 2690 950 2741 errores
982 2669 1160 2742 erroribus
1186 2670 1272 2744 meis

198 2794 336 2864 confer:
358 2793 509 2885 profecto
529 2791 560 2860 si
578 2789 728 2863 nominis
747 2801 783 2864 et
802 2813 918 2863 rerum
934 2792 1071 2864 claritas
1088 2815 1157 2866 una
1176 2796 1272 2881 foret

193 2936 264 2987 nec
281 2911 412 2987 diutius
431 2911 563 2985 errauit
581 2912 651 2996 ille,
672 2934 737 2984 nco
751 2912 866 2985 latius.
884 2914 943 2985 llle
959 2915 1088 3009 patrios
1105 2913 1193 2989 fines
1205 2916 1272 2989 iam

201 3038 314 3111 senior
346 3035 514 3109 excessit:
538 3058 619 3108 cum
652 3035 737 3106 nibil
769 3036 805 3107 in
829 3039 900 3108 ulla
924 3046 1026 3109 aetate
1045 3040 1187 3130 longum
1214 3039 1272 3126 sit,

200 3162 315 3233 omnia
336 3169 418 3231 sunt
437 3159 473 3229 in
494 3168 669 3233 senectute
687 3158 904 3232 brevissima.
918 3160 994 3252 Ego
1010 3159 1045 3229 in
1061 3159 1167 3231 exilio
1178 3162 1275 3252 geni-

201 3293 275 3366 tuS,
297 3270 332 3352 in
352 3283 459 3352 exilio
478 3292 580 3355 natus
603 3305 695 3367 sum,
717 3291 813 3354 tanto
832 3282 953 3355 matris
973 3281 1091 3355 labore
1114 3290 1276 3374 mumque

201 3401 476 3486 discriminent
500 3426 568 3475 non
593 3404 816 3476 obstetricum
841 3404 960 3488 modo,
981 3403 1044 3477 scd
1064 3402 1275 3476 medicorum

201 3522 327 3597 indicio
344 3524 405 3595 diu
421 3525 593 3596 exanimis
609 3526 805 3598 haberetur.
821 3528 870 3599 lta
884 3525 1067 3620 periclitari
1080 3527 1169 3619 ooepi
1180 3538 1276 3599 ante-

201 3671 305 3744 quam
326 3670 500 3733 nascerer‚
518 3658 553 3719 et
569 3647 613 3718 ad
630 3648 746 3740 ipsum
762 3649 846 3720 vitae
863 3650 966 3720 limen
983 3647 1138 3742 auspicio
1153 3649 1274 3721 mortis

201 3766 344 3838 accessi.
366 3764 520 3837 Meminit
539 3764 633 3836 haud
653 3764 814 3857 ignobilis
835 3766 941 3837 ltaliae
961 3766 1084 3838 civitas
1104 3765 1275 3849 Aretium;

200 3910 271 3980 qno
290 3892 412 3983 pulsus
432 3887 542 3983 patria
561 3899 657 3981 pater
677 3910 803 3979 magna
822 3909 900 3959 cum
920 3886 1089 3959 bonorum
1106 3887 1180 3960 acie
1194 3910 1276 3960 eon-

200 4012 345 4102 lugerat.
363 4009 445 4083 lndc
463 4032 584 4082 mense
605 4009 751 4105 septimo
772 4009 929 4083 sublatus
947 4032 1034 4098 sum,
1053 4019 1192 4105 totaque
1209 4011 1277 4082 'lu-

202 4133 272 4202 soia
292 4133 513 4206 circumlatus
532 4130 714 4226 praevalidi
734 4131 915 4203 cuiusdam
935 4130 1162 4206 adolescentis
1189 4131 1277 4205 dex-

204 4259 288 4335 tera,
310 4256 370 4345 qui
393 4256 544 4350 (quarmc
563 4257 660 4327 iuvat
678 4253 836 4326 laborum
856 4253 1164 4349 discriminumque
1183 4276 1278 4328 mco·

204 4393 280 4440 rum
301 4382 413 4447 tecum
438 4378 605 4471 primitias
632 4376 818 4473 recordari)
839 4377 943 4449 linteo
967 4377 1186 4461 obvolutum,
1215 4400 1278 4450 nec

202 4494 299 4566 aliter
317 4518 421 4587 quarn
442 4497 600 4569 Metabus
622 4498 810 4582 Camillam,
833 4498 965 4569 nodoso
990 4497 1035 4569 de
1060 4498 1173 4592 stipite
1194 4522 1278 4592 pen-
