2692 5024
152 651 210 714 116
488 655 531 705 nn
552 652 653 704 annus
674 650 896 703 rrunnnrnus

151 804 315 879 mulatins
346 810 527 898 expectes,
561 799 628 870 erit
659 794 855 890 expectatio
887 794 944 864 illa
979 790 1101 862 suavis
1121 800 1158 862 et
1181 793 1241 864 iu-

150 928 276 1001 cunda.
307 922 375 1010 Qui
411 922 457 995 ad
489 921 581 991 hanc
614 919 771 1009 regulam
807 937 846 987 se
878 911 1055 997 formabit,
1090 913 1241 985 laetuse

151 1047 285 1122 cunctis
301 1042 517 1131 mortalibus,
538 1039 709 1134 quotiens,
731 1047 858 1109 exacta
870 1039 956 1121 luce,
972 1034 1171 1107 cubiculum
1184 1035 1242 1106 in-

152 1170 270 1256 trabit,
292 1170 338 1242 dc
357 1165 533 1263 praeterito
555 1161 696 1257 quidem
715 1160 832 1233 dicere
852 1159 977 1254 poterit
997 1178 1142 1230 securus
1159 1157 1243 1230 Vir-

154 1294 320 1387 gilianurn
340 1289 425 1362 illud
445 1311 466 1360 a
485 1288 617 1358 Seneca
634 1287 797 1357 relatum:

313 1472 397 1549 Vixi,
415 1477 459 1547 et,
478 1485 571 1550 quem
587 1468 710 1532 dederat
726 1481 853 1530 cursum
869 1464 1006 1540 fortuna,
1023 1459 1129 1543 peregi
1134 1483 1143 1539 3

154 1671 191 1733 et
210 1662 256 1735 de
275 1661 392 1731 futuro
411 1655 496 1729 illud
517 1655 755 1728 Horatianum:

695 1845 762 1893 cras
780 1830 829 1893 vel
846 1836 910 1893 atra

315 1941 318 1948 '
440 1928 526 1992 Nube
542 1927 649 2008 polum
665 1934 751 2008 pater
767 1933 927 2006 occupato,

439 2027 492 2090 Vel
509 2027 574 2090 sole
590 2043 685 2107 puro:

158 2231 407 2303 necunquam,
430 2207 570 2281 venturi
592 2205 707 2279 studio
733 2203 921 2300 praesentia
939 2201 1077 2287 oblitus
1095 2210 1156 2273 aut
1176 2200 1244 2274 sibi

159 2337 220 2399 aut
239 2324 316 2399 aliis
336 2322 503 2395 inutiliter
523 2332 663 2395 aetatcm
685 2329 777 2412 aget.
800 2321 894 2392 Vale.

571 2769 751 2833 EPISTOLA
774 2769 841 2833 Vlll.

268 2958 463 3011 Fnlnclscus
483 2958 653 3010 PETRARCA
675 2957 809 3008 IOHANNI
832 2956 990 3006 COLUMNAE
1012 2957 1037 3006 S.
1060 2957 1088 3005 P.
1110 2957 1140 3005 ll.

502 3149 542 3204 De
558 3147 719 3204 fortitudine
731 3147 760 3202 in
775 3146 905 3217 adversis.

263 3368 491 3448 Querelarum
518 3377 655 3438 tuarum
676 3366 823 3439 vocibus
841 3369 964 3461 plenus
987 3386 1081 3436 sum:
1100 3365 1168 3435 iam
1189 3386 1248 3438 res

165 3491 211 3562 ad
223 3487 399 3560 fastidium
419 3489 571 3572 inclinat,
592 3490 660 3559 iam
679 3489 856 3561 mollitiem
876 3499 969 3560 tuam
990 3491 1080 3560 ferre
1099 3510 1168 3559 non
1184 3511 1250 3561 va-

164 3613 230 3684 leo.
252 3613 373 3704 Neque
398 3612 490 3680 enirn
517 3611 615 3681 aliter
640 3635 745 3704 quam
772 3612 802 3683 si
827 3612 862 3682 in
887 3613 977 3683 hanc
1002 3614 1111 3683 vitam
1137 3633 1249 3704 nuper

164 3736 351 3816 intrasseS,
374 3732 418 3803 ad
444 3754 628 3805 occursum
654 3737 703 3806 rei
724 3735 909 3807 cuiuslibet
932 3734 1154 3829 expavescis,
1180 3734 1251 3803 Pu-

165 3854 244 3927 deat
276 3854 365 3926 inter
397 3855 550 3925 lamenta
571 3877 769 3928 senescere:
796 3857 865 3928 imo
890 3879 976 3929 vcro
1001 3855 1131 3948 pudeat
1167 3855 1249 3926 clim

167 4000 285 4049 senem
319 3975 494 4070 pueriliter
528 3979 718 4049 lamentari.
753 3979 944 4050 Puerorum
975 3989 1030 4049 est
1059 3977 1250 4049 adomnia

166 4121 246 4191 quse
263 4099 415 4172 viderint
434 4098 699 4194 obstupescere;
722 4101 850 4194 quippe
870 4101 999 4195 quibus
1020 4123 1112 4172 nova
1133 4111 1168 4171 et
1188 4098 1252 4170 ad-

166 4220 324 4292 miranda
345 4232 427 4294 sunt
447 4222 572 4294 omnia.
588 4222 751 4309 SenibuS,
772 4223 969 4317 praesertinr
988 4223 1144 4307 eruditis,
1163 4221 1249 4291 nihil

166 4358 298 4409 novum
318 4353 377 4414 aut
398 4345 608 4438 inopinatum
632 4347 774 4418 evenire
796 4349 897 4430 solet;
923 4345 1009 4416 nibil
1034 4345 1150 4438 itaque
1177 4354 1252 4415 stu-

167 4458 332 4550 pendum,
367 4465 451 4534 nihil
487 4466 749 4560 deplorandum.
774 4469 873 4543 Unde
896 4469 1004 4559 igitur
1029 4477 1077 4540 tet
1094 4467 1250 4563 querelae
