2692 5024
212 667 273 729 ait
547 679 589 728 oa
610 680 711 729 nauus
732 638 952 729 inmunibus

212 822 350 893 animus
372 821 492 893 sensit.
511 822 567 892 Sic
583 823 629 894 ad
648 832 680 892 te
696 821 789 893 enim
808 831 900 893 totus
919 830 1058 914 totaque
1075 833 1193 894 mente
1211 845 1293 918 per-

212 944 350 1038 gebam,
374 955 422 1030 ut,
446 955 480 1015 te
500 969 607 1016 unum
627 945 792 1036 cogitans,
815 943 1005 1036 praesentia
1018 966 1088 1016 non
1107 944 1290 1031 viderem;

212 1077 245 1138 te
264 1068 413 1147 invento.
436 1071 530 1139 nulla
549 1067 632 1138 mihi
658 1069 773 1159 longae
789 1066 859 1137 viae
880 1066 1043 1139 memoria
1071 1079 1288 1160 superesset.

210 1190 300 1260 Ecce
319 1200 550 1265 autemmunc
568 1190 730 1262 eumdem
751 1188 808 1259 illa
828 1191 1000 1281 laqueum,
1016 1188 1184 1261 aliorsum
1198 1191 1286 1275 licet,

208 1310 370 1396 obvertit,
394 1320 432 1381 ut
452 1334 506 1382 me
528 1313 673 1382 Romam
690 1319 841 1405 petente,
864 1317 895 1379 te
913 1309 1083 1381 Vasconia
1099 1319 1136 1381 et
1151 1311 1288 1384 occidui

208 1435 319 1504 litoris
337 1443 494 1506 extrema
507 1435 725 1530 possideant:
739 1445 774 1506 et
787 1438 861 1505 turb
873 1433 1027 1504 maxime
1039 1433 1285 1520 distrahamur,

207 1557 290 1628 dum
312 1557 464 1627 maxime
486 1568 518 1628 te
538 1567 744 1650 praesentem
769 1578 942 1651 cuperem,
966 1555 1078 1626 omnis
1100 1577 1193 1628 meae
1215 1560 1287 1649 glo-

208 1680 277 1750 riae'
290 1701 466 1751 summum
487 1679 607 1752 decus.
631 1680 700 1751 Sed
720 1680 771 1751 sic
786 1688 872 1751 eunt
888 1679 961 1748 lere
978 1688 1061 1749 vota
1078 1680 1283 1764 mortalium,

208 1812 247 1873 ut
262 1802 358 1895 quod
374 1801 615 1875 vehementius
632 1804 785 1895 cupiunt,
804 1800 935 1893 aegrius
952 1808 1199 1892 assequantur.
1214 1800 1286 1872 Ca>-

207 1934 329 2009 terum,
346 1935 384 1997 ut
399 1925 541 1997 meliore
562 1925 611 1996 tui
629 1935 726 2018 parte
740 1924 808 1996 illio
824 1925 860 1994 in
879 1930 1031 2017 tempore
1048 1941 1209 2014 praesens
1227 1922 1282 2008 sis,

206 2048 292 2122 scito
309 2070 365 2118 me
381 2049 511 2119 laureae
530 2048 706 2140 Delphicae
722 2046 885 2142 cupidine
904 2043 997 2140 (quae
1013 2043 1095 2115 olim
1111 2046 1283 2117 clarorum

206 2172 385 2244 Caesarum
409 2178 445 2240 et
477 2192 656 2243 sacrorum
676 2182 796 2242 vatum
818 2169 995 2260 singulare
1015 2177 1050 2238 et
1070 2167 1283 2262 praecipuum

204 2305 324 2369 votum
345 2296 422 2379 luit,
445 2319 538 2367 nuno
554 2299 613 2367 vel
630 2295 818 2388 spernitur,
838 2295 895 2366 vel
910 2293 1077 2376 nescitur,
1096 2293 1185 2373 mibi
1202 2313 1283 2364 sane

204 2431 322 2491 noctes
343 2421 509 2514 plurimas
530 2420 708 2490 insomnes
731 2420 824 2505 lecit,
846 2419 944 2491 etde
967 2440 1037 2511 qua
1057 2438 1152 2510 saepe
1178 2421 1282 2489 multa

207 2552 319 2612 tecum
340 2543 407 2632 egi,
431 2564 619 2635 quamque,
642 2564 722 2613 oum
747 2567 802 2614 me
829 2542 999 2614 tantillum
1018 2541 1178 2613 certatim
1205 2542 1282 2614 duae

205 2665 369 2734 maximae
394 2665 500 2736 urbes
522 2676 762 2759 exposcerent,
781 2669 891 2739 Roma
910 2678 1013 2760 atque
1033 2666 1213 2752 Parisios,
1235 2668 1282 2738 al-

144 2867 148 2875 ,
206 2794 278 2856 tera
299 2787 417 2858 mundi
430 2800 581 2880 caputet
598 2788 735 2860 urbium
754 2791 889 2882 regina,
907 2789 1026 2860 nutrix
1045 2790 1156 2858 altera
1175 2789 1280 2861 nostri

205 2910 369 3005 temporis
392 2913 599 2996 studiorum,
623 2924 701 3006 post
726 2914 843 2986 varias
864 2912 1143 2997 deliberationes,
1159 2912 1206 2984 ad
1222 2936 1281 2985 ex·

203 3040 353 3103 tremum
368 3055 437 3105 non
450 3034 530 3105 alibi
543 3059 648 3129 quam
660 3037 787 3121 Romae,
808 3059 914 3131 super
930 3034 1105 3108 cineribus
1125 3037 1279 3130 antiqno

204 3180 278 3227 rum
303 3170 438 3244 vatum,
462 3160 565 3253 inque
586 3161 721 3232 illorum
743 3160 825 3231 sede
850 3160 1033 3253 percipere,
1053 3159 1189 3250 ingenti
1206 3169 1280 3231 ante

203 3279 289 3349 alios
306 3281 410 3351 fratre
431 3293 490 3352 tuo
504 3304 648 3354 suasore
660 3293 695 3353 et
711 3284 915 3366 consultore,
935 3280 1104 3374 disposui)
1125 3281 1193 3353 boo
1209 3284 1280 3377 ipso

203 3401 261 3473 die
281 3403 345 3473 iter
369 3405 525 3496 aggredi.
552 3405 590 3475 ln
614 3428 684 3499 quo
705 3407 899 3498 plusculum
925 3405 1089 3499 temporis
1115 3405 1278 3498 exigitur.

203 3522 395 3597 Adeundus
414 3528 507 3597 enim
525 3549 604 3611 rex,
623 3527 774 3599 videnda
791 3526 1018 3620 Parthenope,
1037 3526 1118 3598 inde
1137 3528 1203 3600 iter
1218 3527 1280 3599 erit

202 3648 359 3719 Romam.
393 3650 464 3720 lllic
493 3651 623 3743 aliquot
656 3653 792 3723 dierum
812 3673 945 3723 moram
966 3649 1080 3721 video.
1100 3652 1276 3745 Denique,

204 3771 270 3840 nisi
283 3773 365 3843 lallit
379 3772 577 3859 aestimatio,
596 3776 752 3846 Pasobali
770 3775 827 3846 die
845 3798 874 3846 a.
886 3774 920 3846 d.
936 3776 981 3844 Vl
999 3775 1081 3845 ldus
1099 3772 1231 3868 Aprilis
1246 3774 1279 3844 in

204 3892 368 3985 Capitolio
382 3915 438 3964 res
452 3908 585 3986 agetur.
600 3897 738 3979 Quaeris
752 3921 820 3990 quo
834 3897 890 3967 bic
908 3895 1017 3982 labor,
1033 3897 1100 3968 boc
1113 3900 1277 3981 studium,

203 4014 279 4085 baeo
298 4021 406 4087 oura‘l
426 4016 479 4088 An
500 4019 703 4104 doctiorem,
724 4042 767 4090 an
789 4021 967 4092 meliorem
988 4021 1121 4093 lactura
1144 4023 1192 4094 sit
1211 4025 1279 4093 lau-

202 4141 286 4208 rea?
317 4138 491 4211 Notiorem
524 4144 623 4225 forte,
656 4151 691 4212 et
724 4141 873 4233 plurium
900 4140 1042 4212 invidiae
1068 4143 1277 4236 expositum.

203 4259 361 4334 Scientiae
382 4273 498 4335 autem
532 4275 567 4334 et
599 4264 738 4335 virtutis
767 4267 870 4338 sedes
891 4277 946 4335 est
974 4266 1129 4335 animus:
1152 4264 1278 4358 ibique,

202 4404 271 4453 non
303 4385 337 4454 in
370 4388 543 4459 frondosis
577 4390 692 4473 ramis,
719 4389 934 4460 avicularum
961 4411 1067 4473 more,
1089 4386 1277 4461 nidificant.

204 4503 393 4589 Quorsum,
408 4510 525 4601 igitur,
541 4512 597 4582 bie
610 4513 782 4585 frondium
800 4514 1009 4606 apparatus‘.l
1025 4513 1117 4597 Quid
1135 4533 1280 4610 respon-
