2692 5024
192 631 251 692 tat
528 638 569 686 bn
590 637 691 686 nunus
713 632 935 684 rturtrtmuus

191 800 227 861 et
248 789 356 859 silvas
376 795 472 859 astra
494 797 692 878 tangentes
713 794 817 878 atque
841 783 938 853 inter.
955 802 1110 853 concava
1137 784 1276 877 rupium

191 911 358 1003 querulos
385 909 498 993 rivos,
525 908 743 999 summisque
766 906 811 977 de
836 905 1013 976 montibus
1041 926 1276 996 magnacum

194 1032 309 1104 sonitu
334 1031 493 1102 cadentia
525 1030 689 1109 flumina3
726 1037 762 1097 et
796 1049 1017 1122 quecumque
1044 1038 1078 1098 te
1111 1030 1276 1111 verteris,

194 1154 313 1226 avium
335 1174 492 1224 murmur
511 1171 552 1221 ac
572 1151 727 1222 fontium.
750 1150 788 1219 in
809 1147 875 1220 hoc
895 1159 1011 1221 autem
1034 1161 1146 1221 tractu
1167 1154 1280 1222 attero

194 1275 399 1371 Apenninus
434 1295 539 1366 supra
571 1273 739 1344 verticem
770 1271 850 1356 erit,
882 1294 980 1344 mare
1014 1271 1082 1343 sub
1111 1273 1277 1365 pedibus,

143 1408 147 1414 ’
195 1399 353 1470 Tritones
374 1396 410 1465 iu
430 1395 540 1467 oculis
558 1403 594 1464 et
610 1395 723 1487 pelagi
742 1402 905 1477 monstra,
923 1393 1142 1487 Neptunique
1161 1396 1279 1487 fragor

195 1518 412 1601 inauribus
440 1525 476 1587 et
501 1537 667 1588 saxorum
693 1519 806 1604 ssetuS,
840 1528 876 1587 et
900 1517 1090 1589 Nereidum
1117 1521 1276 1611 querelas.

198 1640 327 1709 ibimus
349 1660 412 1730 per
432 1658 507 1722 eos,
533 1637 661 1729 quibus
687 1640 778 1709 ultra
799 1658 903 1733 quam
924 1637 1019 1709 credi
1047 1639 1161 1730 possit
1185 1638 1278 1709 ubie-

196 1771 282 1844 otor,
305 1760 477 1857 Tyrrheni
498 1759 597 1831 sinus
617 1760 784 1854 aequoris,
807 1760 910 1831 vacui
931 1759 1150 1832 mordacium
1176 1772 1278 1853 atque

196 1881 424 1972 pungentium
444 1903 623 1967 curarum,
646 1893 681 1953 et
700 1890 855 1975 optatum
877 1902 1015 1973 semper
1035 1881 1165 1967 otium,
1186 1883 1277 1974 quod

197 2001 310 2074 nubite
330 2002 414 2076 iliud
434 2003 625 2076 amicorum
645 2025 717 2097 par,
740 2004 854 2096 Scipio
870 2023 911 2074 ao
928 2004 1067 2087 Laelius,
1088 2014 1169 2096 post
1187 2003 1279 2074 labo

197 2147 255 2198 res
275 2125 416 2198 bellicos
436 2126 470 2197 in
487 2126 616 2198 Caietae
637 2126 728 2210 olim,
752 2148 816 2198 nos
834 2125 870 2196 in
887 2124 1005 2196 ianuae
1023 2124 1184 2196 litoribus
1201 2137 1277 2218 post

197 2249 335 2322 labores
355 2250 488 2321 Pierios
510 2248 708 2321 sortiemur.
730 2248 923 2341 Siquando
944 2259 1061 2319 autem
1083 2248 1152 2321 hac
1172 2259 1279 2320 terra-

198 2396 274 2443 rum
295 2382 393 2466 parte
414 2373 506 2465 pieni
526 2373 674 2455 erimus,
697 2371 764 2442 alia
788 2370 889 2442 nobis
914 2370 1062 2455 Patavii,
1083 2393 1149 2443 nec
1167 2373 1277 2442 minus

198 2495 396 2587 tranquilia,
419 2516 481 2565 nec
502 2471 617 2565 minus
640 2496 765 2567 idonea
787 2496 891 2566 sedes
918 2502 992 2578 est3
1021 2494 1082 2564 ubi
1107 2516 1177 2565 non
1204 2496 1278 2564 utti-

196 2637 253 2683 ma
277 2617 390 2706 portio
415 2613 584 2685 bonorum
619 2616 735 2701 suerit,
772 2618 849 2688 talis
882 2617 973 2688 iliius
1006 2616 1074 2686 viri
1109 2618 1279 2688 meruisse

196 2735 408 2818 convictum,
437 2735 503 2805 sub
529 2757 598 2827 quo
625 2737 748 2808 civitas
776 2739 832 2809 iiia
859 2761 950 2810 nunc
975 2740 1166 2810 multorum
1192 2741 1280 2810 serie

197 2858 355 2929 laborum
381 2859 474 2928 sessa
502 2859 659 2951 respirat.
694 2862 811 2955 ipsum
839 2860 982 2931 honoris
1007 2882 1116 2932 causa
1144 2863 1280 2934 nomino

199 2980 655 3067 iacobum-Carrariensem,
678 3006 781 3076 quem
803 3006 921 3055 amare
947 2996 982 3055 et
1006 2987 1121 3056 coiere
1147 2987 1183 3056 in
1211 2988 1281 3058 ani·

199 3126 292 3173 mum
316 3113 353 3173 ut
378 3094 524 3174 inducas
551 3104 667 3175 velim.
693 3104 781 3176 Nam
807 3127 884 3176 eum
912 3106 1004 3177 omni
1031 3115 1136 3178 aetate
1170 3110 1281 3179 virtus

198 3223 355 3293 amabitis
373 3225 487 3307 suerit,
504 3235 635 3310 nostra,
655 3249 697 3298 eo
719 3226 898 3300 amabilior
914 3250 984 3320 quo
1003 3229 1128 3312 rarior3
1148 3229 1282 3323 eritque

199 3343 299 3414 nobis
320 3345 364 3414 ad
384 3348 475 3417 latus
495 3349 649 3417 omnium
671 3371 760 3441 quas
781 3372 848 3441 ego
869 3350 1017 3422 viderim
1039 3350 1087 3444 (et
1103 3351 1176 3421 vidi
1198 3374 1282 3423 cuu-

198 3476 272 3536 ctas
293 3469 362 3537 sere
389 3469 516 3559 quibus
542 3471 693 3563 Europae
718 3473 814 3563 regio
841 3472 1015 3567 superbit)
1043 3474 1282 3546 miraculosis-

201 3592 289 3663 sima
308 3593 530 3663 Venetiarum
552 3594 689 3678 civitas,
711 3594 858 3686 eiusque
884 3594 959 3666 dux
986 3596 1143 3678 illustris,
1172 3597 1282 3668 hono

202 3714 249 3783 ris
262 3735 401 3806 quoque
414 3736 522 3785 eausa
541 3715 784 3801 nominandus
804 3717 978 3800 Andreas
998 3739 1067 3788 non
1085 3720 1205 3789 minus
1224 3719 1284 3790 bo·

202 3857 325 3907 narum
346 3836 471 3906 artium
494 3836 633 3920 studiis
655 3859 760 3929 quam
782 3839 865 3908 tanti
883 3839 1110 3930 magistratus
1137 3841 1284 3931 insigni-

201 3955 267 4027 bus
286 3957 340 4027 vir
357 3958 483 4044 clarus.
498 3957 573 4027 Erit
586 3969 621 4028 et
634 3957 830 4029 Tarvisium
845 3958 996 4031 sontibus
1010 3959 1283 4053 fluminibusque

201 4076 453 4162 circumituum,
473 4080 598 4150 domus
616 4080 878 4172 emporiumque
896 4081 1034 4150 laetitiae.
1053 4082 1102 4151 ita
1119 4085 1283 4173 quotiens

202 4198 377 4286 identitas
401 4202 495 4273 taedii
514 4214 635 4285 mater,
655 4201 851 4286 offenderit,
871 4202 981 4274 aderit
998 4203 1127 4296 optima
1154 4205 1282 4276 fastidii

202 4320 384 4407 medicina,
401 4323 565 4408 varietas
580 4334 615 4394 et
633 4323 803 4416 quidquid
821 4325 991 4395 molestiae
1007 4323 1219 4416 obrepserit,
1236 4327 1284 4395 ai-

205 4448 300 4512 terno
320 4448 502 4538 colloquio,
525 4458 561 4517 et
580 4450 734 4518 locorum
757 4445 874 4517 talium
903 4448 1090 4519 mutatione
1117 4446 1286 4540 purgabi-
