2692 5024
337 656 503 706 rnancrscr
522 656 699 719 66666666·
719 657 895 708 6666666.
1114 648 1154 710 23

79 802 206 896 quibus
227 801 407 894 displiceat
426 801 598 874 Ciceronis
615 802 740 886 oratio,
755 804 811 874 vel
828 826 896 874 non
913 825 1019 875 nosse
1034 827 1153 878 veram

79 925 333 1019 perfectamque
359 924 570 1008 facundiam,
603 926 659 996 vel
689 923 818 996 odisse.
849 927 943 997 Hanc
968 949 1034 1019 ego
1058 931 1153 1001 calu-

80 1044 451 1118 mniamindisoussam
466 1046 613 1117 transire
624 1069 693 1117 non
704 1047 814 1140 potui,
828 1070 1039 1141 quamquam
1053 1051 1155 1123 valde

80 1169 248 1241 festinem.
266 1167 321 1241 Ad
338 1191 410 1241 rem
428 1170 542 1242 redeo.
560 1170 669 1242 Multa
687 1169 792 1261 igitur
811 1170 869 1242 bic
886 1171 1098 1244 familiariter
1109 1173 1155 1247 ad

81 1291 223 1375 amicae,
245 1290 334 1363 inter
354 1313 442 1383 quos
466 1301 502 1362 et
526 1292 570 1363 ad
596 1302 628 1363 te
654 1290 778 1386 ipsum,
801 1293 928 1386 scripta
948 1295 1152 1388 comperies,

81 1437 173 1485 nunc
192 1414 237 1486 de
255 1412 403 1508 publicis
424 1413 639 1507 privatisque
659 1414 825 1506 negociis,
853 1438 945 1487 nunc
964 1416 1008 1488 de
1028 1417 1156 1490 dolori-

80 1533 148 1607 bus
165 1534 293 1606 nostris
314 1534 406 1629 (qure
427 1534 530 1606 nimis
551 1535 672 1608 crebra
692 1537 835 1607 materia
851 1538 928 1631 est),
951 1548 1011 1610 661
1022 1538 1098 1611 aliis
1111 1538 1155 1612 de

80 1657 199 1743 rebuS,
224 1680 313 1752 quas
346 1681 451 1730 casus
475 1658 599 1731 obvias
624 1659 712 1731 fecit.
738 1660 829 1731 Nihil
855 1661 957 1754 quasi
982 1661 1076 1734 aliud
1099 1663 1156 1755 egi

81 1779 149 1853 nisi
180 1793 219 1852 ut
251 1780 356 1853 animi
382 1781 450 1851 mei
476 1792 601 1866 status,
630 1783 685 1853 vel
710 1781 740 1853 si
770 1782 856 1876 quid
880 1784 973 1856 aliud
997 1807 1152 1871 nossem,

81 1914 201 1976 notum
224 1902 321 1975 fieret
345 1903 476 1976 amicis.
501 1904 671 1976 Probatur
695 1904 788 1975 enim
818 1905 903 1976 mihi
932 1906 1026 1997 quod
1045 1907 1155 2000 prima
1190 1965 1193 1971 .

81 2023 128 2097 ad
146 2026 287 2097 fratrem·
304 2025 449 2120 epistola
469 2025 587 2098 Cicero
608 2026 698 2098 idem
719 2026 780 2111 ait,
801 2049 881 2097 esse
900 2026 1056 2121 epistolae
1075 2050 1155 2121 pro-

81 2147 210 2242 prium,
243 2157 281 2218 61
312 2147 343 2219 16
376 2147 551 2239 adquam
585 2148 747 2220 scribitur
777 2149 820 2220 (16
850 2149 906 2220 his
933 2149 1038 2221 rebus
1064 2174 1155 2244 6666

81 2271 231 2362 ignorat,
253 2271 377 2343 certior
397 2271 466 2343 fiat.
488 2270 601 2363 litque
624 2294 666 2342 ea
691 2270 776 2340 mihi
802 2270 889 2341 tituli
914 2271 978 2342 fuit
1002 2273 1152 2358 occasio,

83 2392 128 2463 de
141 2416 210 2487 quo
226 2394 411 2488 aliquando
423 2392 595 2485 cogitanti,
613 2393 775 2487 quamvis
788 2393 1011 2487 epistolarum
1029 2416 1154 2464 nomen

80 2527 348 2589 consentaneum
375 2517 480 2588 rebus
505 2526 611 2601 esset,
638 2514 721 2610 6616
746 2527 860 2587 tamen
884 2528 920 2589 ct
943 2516 1041 2588 multi
1061 2528 1155 2589 velc-

79 2664 157 2713 rum
176 2663 218 2713 eo
239 2640 294 2712 661
313 2650 427 2724 erant,
448 2650 484 2711 61
503 2640 576 2734 ipse
594 2662 661 2732 ego
681 2639 818 2712 varium
843 2662 984 2712 carmen
1004 2639 1049 2712 ad
1068 2639 1155 2711 ami-

79 2785 154 2848 cos,
176 2763 220 2836 de
239 2785 309 2856 quo
328 2765 431 2856 paulo
451 2785 558 2856 supra
578 2762 705 2835 mentio
724 2762 858 2849 incidit,
878 2764 1000 2836 eodem
1018 2785 1155 2857 praeno-

80 2883 207 2972 tabam,
225 2883 281 2957 bis
298 2907 341 2959 eo
357 2880 410 2955 uti
425 2885 550 2979 piguit:
565 2908 765 2977 novumque
781 2886 859 2957 ideo
872 2887 1000 2980 placuit
1017 2909 1152 2971 nomen,

80 3022 119 3082 61
135 3012 339 3100 familiarum
359 3033 471 3080 rerum
489 3009 577 3082 liber
598 3010 780 3095 diceretur,
808 3010 843 3080 in
867 3033 937 3103 quc
958 3033 1068 3102 pauca
1088 3010 1155 3082 sci·

81 3132 158 3205 licet
169 3133 356 3207 admodum
372 3133 555 3228 exquisite,
569 3134 677 3203 multa
694 3132 914 3217 familiariter,
923 3133 1035 3226 dequo
1048 3131 1153 3204 rebus

80 3256 304 3330 familiaribus
323 3256 450 3352 scripta
465 3265 587 3336 erant;
607 3253 673 3325 etsi
695 3253 880 3339 interdum,
902 3254 1064 3346 exigente
1081 3277 1155 3327 ma-

81 3379 174 3464 teria,
194 3379 343 3473 simplex
354 3390 390 3451 et
403 3378 612 3451 inelaborata
632 3376 797 3461 narratio,
820 3376 1030 3471 quibusdam
1049 3377 1154 3451 inter-

82 3502 178 3573 iectis
210 3502 420 3586 moralibus3
451 3503 545 3596 quod
569 3512 604 3573 61
628 3499 768 3595 abipso
789 3499 951 3572 Cicerone
977 3512 1153 3573 servatum

79 3635 145 3697 661.
165 3626 209 3697 Et
228 3626 305 3698 haec
324 3638 393 3698 tam
414 3628 521 3698 multa
545 3626 685 3718 quidem
711 3626 755 3698 de
776 3637 845 3697 tam
870 3648 979 3719 parva
1003 3649 1040 3695 re
1060 3626 1153 3716 loqui

79 3769 264 3820 censorum
289 3748 563 3842 permordacium
590 3747 686 3819 iubet
710 3759 838 3832 166166,
873 3746 933 3840 661
958 3744 1044 3816 nihil
1069 3744 1154 3814 scri-

80 3869 200 3942 bentes
221 3871 315 3964 quod
336 3871 480 3942 iudicari
500 3882 618 3964 queat,
645 3872 689 3942 de
714 3870 857 3942 aliorum
885 3866 1038 3939 iudicant
1057 3864 1154 3955 inge·

81 3990 158 4062 niis.
179 3993 482 4087 impudentissima
503 3994 693 4077 temeritas,
721 4014 801 4083 quae
822 3993 895 4061 solo
921 3986 1056 4060 silentio
1082 3998 1153 4062 tuta

78 4126 142 4187 est.
164 4116 357 4210 Complosis
376 4116 410 4186 in
427 4115 525 4188 litore
542 4115 701 4188 manibus
721 4112 854 4185 sedenti
874 4109 971 4181 facile
990 4119 1046 4180 661
1065 4111 1153 4183 ferre

79 4262 184 4332 quam
204 4240 289 4312 velit
307 4241 351 4312 de
371 4239 613 4332 gubernatoris
635 4249 709 4308 arte
729 4233 944 4306 sententiam.
971 4231 1151 4306 Adversus

79 4362 168 4435 banc
199 4364 408 4458 proterviam
442 4361 582 4435 latebris
617 4361 736 4431 saltem
773 4355 841 4427 tuis
874 4355 1053 4430 horridula
1077 4356 1153 4429 haeo

80 4499 182 4580 61666
199 4486 392 4580 improvide
410 4486 510 4561 nobis
527 4487 645 4577 elapsa
662 4479 845 4555 delendito.
868 4480 963 4552 lllam
982 4501 1067 4553 vero
1082 4500 1151 4550 non
