2692 5024
31 362 34 374 l

478 658 740 708 PROLEGOMENON.
1100 664 1152 712 ttllt
1253 717 1255 721 ,

87 818 160 864 terso
170 801 283 864 ordine
294 800 464 879 dispositas,
476 800 607 877 integras
620 808 720 862 tamen
734 800 891 879 Crispinus
905 803 1048 866 ediderat.
1063 803 1151 866 bitte·

82 924 174 970 rarum
192 923 273 970 vero
292 906 406 985 quibus
421 912 558 968 constant
574 905 657 967 Libri
675 906 724 983 tx,
743 906 765 967 X
784 912 814 968 et
823 906 858 969 lll
868 908 1052 988 exemplaria
1064 910 1151 973 nobis

78 1011 233 1089 querenda
246 1012 375 1073 luerunt
388 1025 425 1072 ex
442 1009 572 1073 Codicib.
591 1025 682 1088 supra
700 1011 808 1072 numi
825 1018 854 1072 et
871 1011 893 1073 ll
911 1012 1081 1089 designatis,
1096 1014 1153 1092 qui

78 1120 103 1181 in
117 1119 305 1182 Bibliotheca
321 1118 429 1196 huper.
447 1117 610 1180 Parisiensi
626 1125 830 1180 asservantur.
849 1116 896 1179 Sic
920 1118 1031 1182 iactum
1054 1127 1099 1182 est
1116 1128 1150 1182 ut

78 1222 227 1300 integrum
242 1223 289 1284 De
307 1221 397 1283 rebus
412 1220 617 1298 familiaribus
635 1220 790 1296 volumen,
807 1222 889 1299 quod
902 1222 1033 1300 antiquis
1048 1223 1077 1286 in
1091 1226 1147 1286 edi·

76 1328 205 1391 tionibus
213 1327 332 1389 litteras
344 1331 463 1388 tantum
473 1326 527 1388 lat
541 1325 805 1406 complectebatur,
817 1326 853 1389 ad
864 1342 952 1388 suam
964 1329 1147 1406 primaevam

75 1433 276 1512 integritatem
297 1431 475 1495 restitutum
497 1431 611 1495 litteras
637 1430 727 1493 hodie
749 1431 804 1492 att
834 1432 988 1508 exhibeat,
1017 1451 1148 1512 quarum

78 1539 128 1600 no
144 1545 234 1601 erant
245 1552 375 1617 prorsus
391 1535 522 1599 ineditae.

148 1643 202 1707 llis
218 1642 328 1704 Varios
341 1641 547 1715 adiunximus,
566 1658 641 1719 quas
657 1641 769 1703 scilicet
785 1642 842 1704 snb
859 1642 916 1705 hoc
932 1642 1056 1706 nomine
1067 1653 1148 1706 vete-

75 1767 121 1812 res
135 1749 270 1813 editores
285 1747 318 1809 in
334 1748 435 1810 lucem
451 1747 606 1822 dederant,
624 1746 662 1809 iis
680 1746 749 1810 inde
765 1747 899 1825 expulsis
916 1765 986 1826 quae
1002 1749 1083 1812 inter
1096 1750 1148 1814 Fa·

76 1855 205 1918 mitteres
219 1852 366 1933 primitus
383 1852 421 1914 ab
441 1859 564 1916 auctore
585 1853 730 1916 ordinatae
752 1854 816 1916 suis
838 1854 910 1916 locis
931 1872 947 1917 a
969 1856 1056 1917 nobis
1077 1865 1148 1918 sunt

78 1961 232 2036 restitutae,
244 1957 417 2036 eodemque
439 1958 603 2021 lariorum
616 1959 739 2021 nomine
756 1959 903 2022 distincte
921 1976 1027 2023 omnes
1040 1962 1148 2025 litterae

78 2066 139 2129 alite
156 2080 235 2128 nnuc
251 2064 421 2144 primumn
440 2063 527 2125 nobis
544 2064 706 2141 vulgantur
723 2080 792 2141 quae
808 2071 894 2127 extra
915 2064 1029 2128 librum
1050 2067 1147 2129 Fami·

75 2171 191 2235 liarium
208 2177 354 2250 vagantes
371 2169 448 2231 inter
465 2170 592 2232 ineditas
610 2170 768 2245 hucusque
789 2170 993 2233 delituerunt:
1015 2179 1146 2251 suntque

74 2277 117 2341 im
128 2278 232 2342 Variae
248 2288 280 2339 n·
297 2278 337 2340 65
353 2291 485 2355 quarum
503 2276 543 2338 35
559 2274 682 2336 antebac
700 2274 730 2336 in
748 2275 934 2337 bibliothecis
952 2275 1145 2339 abscondite.

74 2383 101 2446 ln
116 2384 153 2446 iis
168 2388 273 2445 autem
291 2381 498 2460 disponendis,
518 2387 566 2454 nt,
585 2379 795 2442 deficientibus
816 2380 865 2441 die
886 2386 915 2440 et
936 2379 1075 2452 consule,
1094 2380 1145 2441 ali-

74 2489 138 2567 quis
150 2496 254 2551 tamen
269 2487 344 2549 ordo
357 2502 374 2548 a
388 2485 474 2548 nobis
487 2491 679 2559 servaretur,
698 2485 785 2546 illum
798 2483 917 2560 sequuti
932 2500 1041 2548 sumus
1054 2502 1146 2563 quem

74 2594 145 2657 ratio
162 2591 344 2672 alphabetica
361 2592 528 2654 seeundum
546 2590 631 2653 initia
648 2591 820 2652 litterarum
841 2589 871 2652 in
891 2597 1034 2670 promptu
1057 2591 1145 2654 nobis

74 2699 218 2761 exhibuit.

145 2802 231 2865 liunc
251 2803 288 2865 de
308 2806 408 2863 textus
430 2801 557 2863 lectione
585 2800 678 2862 multa
705 2801 806 2863 forsan
834 2801 957 2865 dicenda
985 2810 1084 2866 essent
1112 2811 1144 2864 ut

74 2907 231 2971 tectoribus
246 2912 364 2986 pateret
380 2911 530 2985 quantum
547 2905 657 2969 laboris
669 2912 698 2969 et
713 2906 870 2970 industriae
882 2907 960 2968 mihi
973 2908 1145 2986 impensum

73 3011 332 3088 sitindeteqendis
341 3016 432 3089 atque
441 3012 634 3074 emendandis
643 3020 890 3089 quumveterum
899 3013 1067 3075 editionum
1079 3020 1143 3072 tum

73 3122 99 3178 et
110 3116 253 3179 codicum
268 3132 285 3178 a
301 3115 414 3194 quibus
427 3115 562 3195 epistole
577 3116 696 3178 ineditae
715 3117 902 3194 depromptae
924 3124 995 3178 sunt
1012 3132 1143 3178 numero

71 3235 160 3300 prope
189 3220 288 3283 dicam
316 3219 457 3295 infinitis,
486 3219 636 3281 intellectu
662 3235 742 3297 saepe
768 3219 951 3283 difficillimis
974 3221 1141 3285 erroribus.

72 3325 125 3389 lieo
141 3341 192 3388 me
208 3325 288 3403 fugit
304 3326 392 3403 longo
408 3325 505 3388 adhuc
523 3321 682 3387 intervallo
697 3324 857 3388 distantem
869 3327 907 3389 ab
920 3344 954 3390 ea
967 3343 1060 3406 quam
1074 3327 1142 3390 iure

72 3430 198 3508 quisque
220 3429 353 3508 postulet
373 3429 466 3492 huius
494 3430 636 3492 editionis
662 3430 881 3494 correctionem
911 3432 1063 3495 inuentam
1092 3433 1139 3495 iri.

72 3534 134 3607 Quo
155 3535 238 3597 enim
259 3534 421 3613 perfectius
443 3552 520 3614 opus
541 3537 683 3597 evaderet
703 3537 909 3600 necessarium
933 3546 997 3600 erat
1018 3539 1142 3600 omniuo

73 3647 208 3702 tertuum
221 3638 375 3701 editorum
392 3641 629 3717 ineditorumue‚
649 3658 783 3718 quorum
802 3643 876 3704 mihi
893 3646 978 3723 copia
996 3645 1071 3704 iacta
1086 3650 1141 3716 est,

72 3759 138 3806 cum
156 3744 222 3807 aliis
238 3760 293 3824 per
310 3744 446 3807 diversas
467 3746 595 3824 Europae
617 3746 808 3810 bibliothecas
831 3747 1003 3809 extantibus
1023 3760 1141 3822 compa·

72 3851 218 3914 rationem
236 3851 395 3912 instituere
412 3858 441 3913 et
458 3852 588 3914 alterum
604 3853 728 3917 alterius
746 3870 802 3933 ope
821 3855 975 3931 corrigere
993 3857 1023 3911 et
1041 3865 1140 3913 emen-

72 3956 147 4020 dare.
170 3954 258 4028 Quod
279 3973 376 4034 quum
397 3972 452 4034 ego
472 3957 576 4019 multis
596 3959 632 4021 de
650 3959 749 4022 causis
767 3961 913 4037 perficere
931 3956 1140 4033 nequiverim,

72 4063 164 4126 satius
191 4062 265 4125 duxi
291 4061 460 4125 curiositati
487 4064 679 4126 eruditorum
706 4081 765 4141 qua
788 4065 892 4126 datum
919 4068 998 4124 esset
1024 4063 1141 4124 rationo

71 4170 240 4243 consulere,
258 4182 351 4246 quam
368 4168 424 4231 snb
441 4167 565 4230 obtentu
588 4169 758 4247 imperfecti
775 4167 877 4246 operis
899 4167 1013 4231 vitandi
1036 4167 1139 4229 editio-

72 4289 136 4337 nem
152 4274 263 4337 harum
281 4273 452 4335 litterarum
469 4273 582 4335 iterum
599 4275 635 4335 ad
647 4272 790 4334 Kalendas
809 4288 921 4349 graecas
937 4274 1108 4335 amandare.

145 4378 180 4441 Ut
198 4394 274 4440 vero
291 4377 370 4439 sacili
392 4376 522 4457 quisque
544 4377 664 4453 negotio
685 4376 796 4439 uostris
818 4385 908 4454 queat
930 4378 1070 4441 admissis
1093 4392 1138 4438 oo-

72 4499 205 4559 currere,
224 4482 353 4545 indicem
372 4482 541 4544 litterarum
560 4481 698 4544 omnium
716 4481 763 4546 tr.
783 4484 930 4546 Petrarcae
948 4483 1018 4544 huie
1035 4482 1138 4561 preta-
