2692 5024
76 626 81 633 ¹
177 654 220 715 90
515 662 558 714 nu
577 644 922 714 mussemutinae

178 809 265 905 quid
283 809 443 895 exilium,
466 812 616 902 quaeso?
635 809 757 902 ipsane
781 810 832 881 rei
851 818 988 894 natura,
1007 818 1068 880 aut
1083 808 1258 886 intermin-

179 933 234 1007 sio
249 932 450 1005 dilectarum
473 950 716 1024 personarum,
736 952 782 1003 an
797 930 990 1022 indignatio
1005 929 1122 1024 potins
1138 943 1176 1006 et
1195 935 1261 1007 im·

178 1056 316 1150 patiens
334 1052 550 1127 desiderium
575 1052 681 1126 animi
706 1052 904 1157 languentis
917 1057 1136 1146 exasperat?
1158 1055 1260 1143 Quod

181 1179 212 1251 si
228 1188 266 1252 tu
282 1174 377 1263 mihi,
394 1177 607 1269 quicumque
627 1198 649 1247 a
667 1172 778 1267 patria
793 1172 924 1247 absunt
939 1174 1085 1247 exulare
1100 1175 1177 1249 siue
1189 1181 1261 1252 ulla

179 1301 400 1375 distinmmne
416 1296 628 1383 firmaveris,
646 1297 716 1369 rari
732 1318 818 1389 ergo
829 1318 900 1369 non
914 1298 1050 1369 exules.
1068 1298 1155 1383 Quis
1166 1301 1261 1373 enim

183 1416 386 1506 hominum,¹
404 1418 474 1492 nisi
497 1418 698 1491 desidiosus
735 1440 777 1492 ao
807 1418 932 1506 mollis,
958 1440 1029 1492 non
1052 1420 1261 1515 aliquotiens

182 1556 243 1619 aut
260 1543 399 1617 visendi
418 1541 559 1626 nvidus,
579 1553 640 1613 aut
657 1539 815 1614 discendi
836 1540 967 1626 studio,
988 1552 1050 1616 aut
1066 1544 1262 1621 illustrandi

183 1667 300 1751 animi,
321 1677 383 1738 ant
404 1664 550 1737 curandi
572 1662 742 1758 corporis,
767 1673 829 1736 aut
850 1662 1105 1758 amplificandas
1136 1666 1188 1739 rei
1211 1670 1262 1741 la·

182 1786 326 1860 miliaria
345 1785 535 1881 proposito,
566 1795 627 1857 aut
654 1783 866 1857 necessitate
893 1784 1079 1873 bellorum,
1099 1797 1163 1860 nut
1185 1808 1261 1863 sum

183 1908 383 2005 reipublicae
412 1930 477 1981 seu
509 1908 640 1981 domini
672 1929 737 1980 seu
761 1907 915 2002 parentis
940 1908 1099 2003 imperio,
1119 1910 1261 1985 domum

182 2031 307 2126 linquit
317 2042 353 2103 et
368 2030 538 2125 patriam?
554 2030 624 2102 Cur
640 2040 758 2103 autem
773 2028 822 2101 ita
839 2029 1104 2123 peregrinantes
1115 2054 1188 2107 non
1199 2036 1263 2105 mi·

185 2153 256 2226 seri
275 2174 397 2225 omncs
418 2163 513 2239 sunt,
540 2152 608 2223 nisi
627 2150 712 2246 quia
729 2172 801 2224 non
816 2151 1032 2239 restiterunt,
1053 2174 1121 2227 nec
1136 2154 1263 2248 impelli

185 2297 225 2349 se
243 2275 339 2369 ipsos
358 2276 395 2347 in
410 2274 587 2348 miseriam
611 2274 708 2368 passi
732 2276 838 2345 sunt?
857 2273 971 2367 AEque
994 2273 1123 2345 etenim
1143 2298 1264 2349 carne-

186 2410 267 2470 runt
284 2398 457 2490 coniugio,
485 2396 619 2481 liberis
641 2396 814 2489 cognatis,
836 2395 1052 2491 parentibus,
1074 2398 1262 2470 amicorum

184 2521 359 2605 conuictu,
382 2529 510 2591 amatae
527 2518 625 2591 urbis
643 2529 801 2615 aspectu:
821 2518 948 2590 horum
969 2528 1086 2590 tamen
1109 2519 1263 2591 omnium

186 2620 399 2711 desiderium
420 2640 516 2711 leniit
534 2640 719 2726 modestia,
741 2651 777 2713 et
797 2643 952 2713 solamen
973 2640 1113 2735 aliquod
1131 2640 1265 2713 invenit

186 2761 365 2835 absentiae.
380 2760 497 2833 Sedet
509 2764 655 2833 multum
673 2762 801 2855 profuit
817 2784 899 2857 spes
920 2763 1070 2848 reditum
1086 2784 1264 2857 nunquam

186 2885 335 2956 ivissent
347 2895 417 2957 tarn
430 2884 602 2958 constanti
616 2884 740 2971 animo,
750 2885 818 2956 nisi
832 2907 871 2957 se
884 2885 1058 2959 redituros
1069 2884 1106 2955 in
1117 2885 1265 2979 patriam

186 3006 428 3079 credidissent.
450 3006 501 3078 Sit
520 3007 577 3078 ita.
597 3005 672 3076 Tibi
690 3028 777 3078 vero
789 3029 887 3101 spem
900 3008 981 3101 quis
997 3006 1267 3079 abstulithrae·

191 3129 312 3200 sertim
337 3154 416 3201 curn
437 3130 516 3202 haec
540 3129 585 3202 sit
609 3152 677 3201 una
701 3151 747 3199 ex
774 3127 948 3214 omnibus
976 3149 1057 3223 quae
1082 3127 1129 3200 ab
1158 3127 1267 3199 invito

188 3272 256 3319 nou
273 3249 443 3342 eripitur?
461 3250 604 3322 Pellitur
623 3251 659 3322 in
679 3250 823 3322 exilium
843 3251 900 3322 vir
920 3251 1034 3321 bonus
1059 3250 1106 3323 sd
1130 3246 1266 3346 tyranni

188 3380 326 3438 nutum:
348 3371 514 3463 spoliatur
535 3373 643 3444 rebus
664 3372 840 3458 omnibus
863 3373 898 3443 in
918 3392 1095 3444 carcerem
1112 3370 1265 3455 mittitur,

189 3491 425 3571 detruncatur,
444 3493 604 3578 laniatur,
620 3493 802 3579 occiditur,
816 3495 1011 3588 insepultus
1024 3491 1195 3563 obiicitur.
1214 3490 1268 3561 ln-

190 3624 243 3684 ter
265 3623 314 3683 lot
332 3611 443 3683 minas
465 3622 570 3704 alque
586 3614 735 3707 impetus
755 3618 918 3701 fortunae,
938 3637 1017 3686 cum
1038 3634 1206 3704 cogamur
1225 3610 1268 3683 ad

189 3747 331 3820 caetera,
351 3734 397 3807 ad
416 3736 673 3829 desperandum
692 3759 794 3808 nemo
813 3738 1038 3831 compellitur.
1056 3734 1218 3806 Vidimus
1235 3733 1268 3803 in

189 3860 333 3930 exilium
352 3858 488 3943 missos
511 3857 714 3951 priusquam
728 3859 772 3930 ud
785 3859 997 3933 destinatum
1017 3855 1268 3951 pervenissent

190 3979 360 4053 immenso
380 3980 500 4073 patriae
521 3980 697 4053 desiderio
723 3992 919 4054 revocatos:
949 3981 1036 4052 ulios
1061 3958 1162 4063 uero,
1194 3984 1271 4069 post

192 4113 342 4195 tempuS,
365 4114 459 4175 tanto
475 4126 554 4176 cum
575 4105 719 4190 honore,
739 4115 904 4198 uotaque
924 4102 1054 4175 civium
1070 4098 1272 4195 poenitentia

192 4244 370 4308 reversos,
386 4238 424 4297 ut
436 4226 518 4298 mihi
533 4228 650 4299 felices
669 4227 727 4300 tali
744 4227 850 4299 exilio
867 4226 1083 4298 viderentur:
1100 4222 1272 4316 quosdam

193 4342 239 4413 ab
258 4356 415 4419 extrema
435 4350 549 4442 inopia
570 4350 615 4421 ad
634 4371 790 4421 summas
815 4359 960 4442 repente
985 4346 1140 4432 divitias,
1168 4365 1275 4439 quos-

193 4461 273 4532 dam
299 4486 345 4534 eu
373 4489 512 4540 carcerc
544 4470 590 4541 ad
619 4469 803 4561 imperium
835 4469 1055 4562 pervenisse:
1089 4466 1273 4538 nonnullos
