2692 5024
199 696 257 756 308
538 708 577 753 os
599 706 701 755 arnus
723 708 946 759 rnuruunrous
989 696 992 701 ’

201 867 349 957 possunt
368 857 501 931 divitiae
523 858 693 940 virorum;
728 856 793 928 viri
818 857 1023 930 divitiarum
1057 862 1208 954 penitus
1228 886 1292 935 nou

201 988 347 1079 placent,
369 983 520 1076 quicum
536 1001 697 1052 somnum
717 1002 820 1051 suum
838 979 1055 1068 dormierint,
1072 982 1109 1054 in
1128 986 1291 1059 manibus

202 1107 276 1179 suis
296 1105 382 1177 nibil
401 1105 588 1176 invenient.
615 1103 739 1176 Verior
759 1103 868 1196 igitur
896 1103 954 1175 illa
973 1107 1170 1202 responsio
1190 1131 1292 1203 quam

201 1228 448 1324 percontationi
470 1226 620 1323 propriae
640 1226 783 1299 Persius
799 1225 876 1321 ipse
899 1226 1061 1300 subiecit.
1085 1230 1181 1303 Cum
1203 1232 1292 1304 euim

203 1353 357 1426 secundo
376 1351 566 1446 quaesisset
585 1352 621 1420 in
647 1361 759 1420 sancto
777 1347 856 1441 quid
870 1351 953 1440 sarit
972 1374 1115 1439 aarum,
1138 1354 1270 1428 intulit:

322 1540 436 1619 Nempe
452 1538 508 1600 boc
525 1539 607 1617 quod
626 1538 734 1602 Veneri
750 1540 868 1603 donatae
884 1555 902 1602 a
919 1538 1042 1618 virgins
1058 1557 1164 1624 pupas.

183 1732 378 1811 ¹lacessat,
399 1748 475 1810 oro,
499 1728 565 1797 iam
585 1726 724 1799 taudem
745 1728 1024 1824 aurum'templis
1043 1730 1189 1819 inutile,
1210 1746 1248 1806 et
1263 1737 1293 1805 in

203 1853 270 1923 alia
299 1851 425 1943 templa
444 1849 519 1934 Dei,
556 1849 622 1921 hoc
646 1860 702 1921 est
726 1849 760 1921 in
782 1870 869 1921 usus
895 1850 1078 1924 bominum
1095 1856 1290 1947 egentium,

203 1974 408 2046 conteratur.
431 1972 482 2043 Sit
501 1971 630 2044 Christi
653 1972 796 2060 caritas,
822 1994 905 2065 quae
929 1976 1051 2048 saecuti
1074 2000 1212 2072 pompa
1231 1992 1290 2053 est.

203 2098 274 2169 Nec
295 2118 440 2191 semper,
457 2096 524 2168 sub
535 2095 680 2168 obtentu
693 2096 901 2182 devotionis,
916 2096 1088 2171 idolatriae
1102 2101 1291 2175 serviatur.

204 2221 352 2292 Nescitis
373 2218 467 2313 quod
487 2219 633 2291 avaritia
650 2230 706 2290 est
724 2219 894 2292 idolorum
916 2221 1094 2294 servitus?
1121 2224 1230 2298 Nulla
1249 2236 1293 2298 tot

206 2346 305 2418 idolis
326 2366 412 2437 gens
430 2343 599 2427 abundat,
624 2345 705 2414 nulli
727 2343 991 2415 convenientius
1009 2344 1156 2433 dicitur,
1172 2358 1291 2421 cavete

205 2466 450 2539 asimulacris.
485 2466 623 2538 Credite
650 2466 748 2549 mihi,
783 2465 977 2539 Pontifices.
1013 2467 1152 2541 Aurum
1185 2476 1290 2568 potuit

205 2591 365 2660 Christus
386 2588 524 2673 habere,
545 2587 608 2659 sed
625 2589 748 2669 uoluit,
763 2589 863 2661 dives
875 2611 956 2661 esse
971 2591 1083 2683 potuit
1096 2593 1186 2665 dum
1207 2597 1291 2668 inter

206 2712 363 2783 hominos
390 2710 529 2801 agebat:
556 2721 794 2804 paupertatem
821 2712 956 2795 maluit,
983 2713 1168 2788 corinthiis
1197 2720 1289 2790 vasis

207 2838 254 2908 uti
272 2835 396 2929 potuit:
419 2831 582 2904 fictilibus
604 2855 690 2905 usus
711 2848 774 2907 est.
798 2835 921 2919 Nolite,
950 2836 1156 2924 Pontifices
1183 2864 1290 2914 excu-

205 2960 359 3032 sationes
380 2957 523 3027 frivolas
544 2958 721 3050 aucupari,
745 2970 805 3030 aut
826 2957 893 3028 sub
914 2958 1043 3030 Christi
1065 2963 1215 3036 nomine
1237 2988 1291 3061 pa

205 3088 324 3158 bulum
342 3083 511 3168 avaritiae,
535 3093 571 3153 et
593 3083 722 3153 vostris
742 3083 904 3153 alimenta
925 3083 1100 3154 furoribus
1116 3107 1290 3181 aggrega-

206 3232 252 3279 re.
266 3209 425 3280 Christus
443 3216 563 3278 vestro
580 3227 667 3276 auro
685 3228 753 3276 non
771 3215 862 3297 eget,
883 3227 947 3277 nec
967 3205 1095 3276 vestris
1119 3211 1291 3306 supersti-

204 3330 354 3402 tionibus
375 3329 579 3401 delectatur:
599 3329 676 3422 puri
697 3351 738 3400 ac
754 3327 873 3399 mundi
891 3327 1006 3400 cordis
1029 3338 1097 3413 cst,
1119 3344 1292 3427 appetens

204 3455 337 3546 piorum
353 3463 504 3537 actuum,
525 3453 751 3524 honestarum
764 3451 1024 3544 cogitationum,
1046 3463 1082 3523 et
1102 3454 1291 3530 humilium

203 3580 432 3649 voluntatum.
454 3575 538 3659 Quis
553 3574 642 3645 inter
656 3575 732 3646 haec
758 3597 843 3645 auro
864 3576 986 3646 locus?
1007 3575 1130 3662 Nolite,
1161 3582 1291 3665 miseri,

203 3722 338 3784 curare,
357 3722 461 3793 quam
485 3696 637 3790 superbe
657 3696 872 3779 sacrificetis
895 3719 999 3789 quam
1021 3709 1163 3782 ornate,
1186 3727 1293 3797 quam

204 3822 400 3916 splendide:
423 3821 487 3893 sed
503 3843 607 3914 quam
622 3821 690 3913 pie,
713 3840 817 3912 quam
840 3819 1027 3904 humiliter,
1049 3842 1161 3912 quam
1184 3840 1293 3907 caste

203 3969 308 4040 quam
323 3946 447 4017 sobrie.
458 3942 655 4015 Sacrificate
668 3942 771 4035 quod,
780 3941 927 4036 diruptis
942 3942 1100 4029 vinculis,
1112 3946 1295 4023 liberatori

204 4091 268 4142 suo
288 4092 354 4140 rex
374 4068 543 4162 propheta
564 4065 746 4151 sacrificat,
770 4066 918 4137 hostiam
950 4068 1080 4138 scilicet
1101 4070 1242 4163 laudis,
1264 4090 1296 4149 et

204 4214 326 4264 nomen
347 4192 483 4264 Domini
506 4193 674 4264 invocate.
710 4190 919 4274 Sacrificate,
956 4191 1114 4283 inquam,
1156 4200 1297 4272 sacrifi.

203 4310 294 4383 cium
314 4314 438 4401 laudis,
461 4314 653 4388 sacrificate
675 4312 880 4386 sacrificium
903 4312 1061 4396 iustitiae3
1083 4324 1120 4386 et
1151 4336 1296 4415 sperate

203 4437 320 4505 nonin
341 4457 439 4521 auro,
456 4440 519 4511 sed
540 4441 573 4509 in
596 4439 751 4510 Domino.
768 4436 897 4509 Audite
910 4437 1147 4527 Psalmistam,
1180 4450 1295 4533 surdi,

203 4553 327 4627 diebus
349 4578 388 4627 ao
408 4559 565 4631 noctibus
583 4563 804 4632 clamantem:
827 4558 1036 4652 Sacrificium
1054 4560 1132 4648 Deo,
1155 4574 1299 4663 spiritns
