2692 5024
188 628 247 690 tau
523 643 565 691 nn
589 638 689 691 nunus
712 641 934 690 rrurmaurous

188 793 273 865 Rem
292 791 432 863 maioris
449 792 580 884 operis,
600 814 704 884 quam
723 790 854 882 gloriae.
874 791 912 861 ln
930 811 1000 883 quo
1021 790 1098 884 ipso
1119 791 1274 861 animum

188 926 286 986 tuum
313 915 431 997 miror,
459 913 517 1006 qui
545 913 661 985 studio
688 913 844 984 utilitatis
871 912 1018 1006 publicae
1037 912 1188 999 maiora,
1208 914 1275 983 nisi

188 1038 301 1119 fallor,
327 1057 496 1107 ausurum
522 1035 699 1126 ingenium
725 1034 911 1118 inclinasti,
940 1035 1042 1104 cuius
1067 1042 1107 1105 ut
1133 1036 1275 1106 votivus

189 1160 323 1243 exitus,
344 1158 395 1230 sio
407 1179 553 1253 prosper
566 1169 724 1241 eventus,
742 1159 831 1228 siout
844 1156 973 1239 decuit,
990 1155 1063 1226 luit.
1079 1156 1273 1248 Siquidem,

190 1302 268 1352 cum
294 1279 340 1352 ob
364 1301 442 1351 eam
467 1301 607 1351 causam
630 1279 796 1350 Clementi
822 1279 978 1349 Romano
1003 1278 1157 1349 Pontifici
1185 1282 1276 1350 litte-

191 1402 379 1488 ratissime,
396 1402 458 1473 sed
471 1401 740 1495 occupatissimo
751 1399 899 1485 homini,
915 1400 1081 1491 atque‘ob
1099 1400 1135 1471 id
1156 1402 1273 1472 talium

191 1524 472 1617 compendiorum
493 1521 711 1604 avidissimo,
731 1523 939 1613 placuisses
959 1522 1081 1614 patriae
1102 1531 1172 1593 tuae
1188 1525 1275 1594 Pou-

192 1647 276 1717 tilex
297 1648 420 1730 laetus
443 1655 479 1715 et
499 1644 620 1715 altiora
644 1665 785 1736 sperare
805 1643 924 1715 iussus
948 1643 1132 1738 (quamvis
1159 1658 1197 1716 ut
1221 1658 1273 1718 est

190 1767 295 1841 animi
328 1766 516 1852 modestia,
551 1776 586 1837 et
614 1765 792 1856 religionis
824 1765 1014 1849 humilitas,
1049 1766 1178 1836 natalis
1213 1768 1272 1836 soli

191 1893 304 1963 iuncta
325 1891 513 1975 dulcedini,
536 1889 655 1961 nescio
675 1911 718 1961 an
745 1888 845 1973 nihil,
873 1909 941 1959 non
971 1889 1049 1960 dico
1070 1888 1189 1972 altius
1214 1890 1272 1960 sed

192 2012 325 2105 gratius
340 2010 518 2083 interhaec
536 2032 651 2082 rerum
671 2009 956 2104 praetereuntium
975 2009 1115 2100 fastigia
1135 2032 1273 2105 sperare

192 2134 334 2229 queas),
349 2144 384 2206 et
399 2135 444 2206 de
461 2133 579 2206 labore
598 2133 632 2202 in
650 2133 802 2204 laborem
818 2133 963 2217 missuS,
980 2133 1073 2224 quod
1093 2133 1137 2205 de
1156 2133 1274 2225 Augu-

193 2258 285 2330 stino
305 2257 430 2341 lecisti,
453 2257 498 2328 de
519 2254 704 2328 Ambrosio
720 2256 832 2328 lacere
849 2254 990 2325 iuberis.
1017 2254 1163 2326 Parebis
1191 2257 1271 2342 iam,

193 2379 327 2475 coepisti
348 2378 439 2450 enim
460 2390 495 2449 et
515 2377 689 2473 perficies
714 2399 831 2470 spero,
854 2378 927 2470 pari
953 2377 1090 2447 utinam
1117 2379 1272 2449 facilitate

194 2513 230 2572 et
250 2503 419 2572 felicitate.
441 2502 594 2586 Parebis,
617 2502 756 2594 inquam
781 2501 823 2594 (si
851 2512 884 2571 te
901 2500 1013 2592 novi),
1035 2524 1105 2571 non
1125 2513 1163 2572 ut
1180 2503 1273 2573 altior

192 2620 266 2704 lias,
288 2622 350 2689 sed
369 2632 405 2690 ut
423 2622 562 2710 gratior.
583 2624 656 2692 Etsi
678 2623 768 2691 enim
793 2636 886 2694 sorte
909 2634 966 2695 tua
987 2626 1107 2695 laetum
1128 2637 1161 2696 te
1180 2625 1273 2696 altio-

192 2742 240 2812 ris
263 2749 374 2810 status
395 2741 520 2832 cupido
541 2764 609 2811 non
632 2750 801 2833 tangeret,
825 2765 965 2837 aequum
988 2755 1103 2817 tamen
1122 2749 1272 2816 animum

191 2863 305 2948 decet,
327 2873 393 2934 tam
414 2884 452 2934 se
469 2875 606 2954 gratum
625 2863 782 2956 praebere
797 2868 888 2937 ultro
905 2865 1045 2951 oblatis,
1060 2890 1167 2960 quam
1183 2880 1275 2962 opta-

193 2985 236 3055 tis
258 2985 454 3079 petitisque.
476 2983 568 3052 Nihil
588 2984 678 3054 enim
701 3006 801 3076 aeque
821 2985 857 3053 in
875 2987 967 3055 omni
985 3006 1128 3055 munere
1147 2986 1276 3056 libran-

193 3109 290 3190 dum,
318 3128 357 3176 ae
382 3104 544 3176 donantis
570 3105 723 3174 intentio.
752 3105 820 3175 Sed
846 3103 888 3175 ad
916 3104 1152 3195 Augustinum
1179 3116 1276 3176 tuum

194 3228 313 3311 redeo,
337 3226 435 3296 etad
457 3235 501 3295 te.
523 3225 654 3295 Peliisti
678 3225 840 3317 equidem
866 3234 905 3294 ut
929 3226 962 3295 in
989 3224 1058 3296 fine
1084 3227 1177 3298 illius
1204 3251 1277 3297 ma-

195 3349 253 3439 gni
280 3348 409 3439 operiS,
443 3347 536 3440 quod
565 3349 692 3418 sudore
727 3356 786 3418 tuo
819 3348 864 3419 de
897 3348 987 3417 illius
1020 3349 1276 3439 opulentissimi

194 3469 451 3562 patrisfamilias
477 3470 651 3563 lapidibus
678 3482 713 3541 et
738 3473 831 3541 calce
861 3479 1091 3562 compactum,
1120 3471 1276 3541 Pontifici

194 3591 371 3683 praesenti,
396 3591 458 3660 sed
482 3592 590 3660 multo
613 3590 764 3660 maxime
790 3590 940 3683 posteris
967 3593 1190 3682 praeparasti,
1219 3592 1279 3660 ali-

196 3724 281 3807 quot
301 3712 360 3782 tibi
386 3712 577 3783 versiculos
606 3712 876 3783 subscribendos
903 3713 1086 3783 mitterem.
1113 3714 1218 3783 Parui
1246 3725 1279 3783 et

121 3837 124 3843 ’
197 3836 271 3928 ipse
294 3835 367 3918 tibi,
388 3836 441 3905 cui
463 3835 546 3904 nihil
568 3857 696 3927 negare
717 3837 809 3920 volo,
825 3844 859 3904 el
877 3836 1037 3924 quamvis
1056 3835 1277 3919 iamdudum,

195 3960 307 4029 musis
328 3957 588 4048 indignantibus
610 3960 781 4050 longeque
799 3958 875 4028 aliis
897 3958 990 4027 ouris
1011 3959 1276 4043 exercentibus

150 4096 159 4110 ’
196 4079 349 4149 animum
381 4078 426 4151 ab
458 4103 499 4150 eo
526 4080 640 4150 studio
672 4081 877 4152 distractum
916 4090 1124 4152 revocarunt
1157 4103 1279 4174 preces

197 4210 279 4274 tuae.
300 4203 397 4284 Mitto
417 4202 522 4292 igitur
542 4223 672 4295 paucos
692 4205 824 4292 elegos,
847 4202 1075 4293 eiusdemque
1094 4205 1279 4271 sententiae

198 4323 353 4406 totidem,
382 4323 411 4393 si
443 4324 556 4407 malis,
586 4323 815 4395 hexametros.
837 4325 940 4395 Utere
962 4325 1017 4394 vel
1040 4322 1201 4413 utrisque
1223 4326 1280 4393 vel

199 4440 379 4512 utrislibet.
408 4445 581 4535 Utrosque
607 4445 728 4537 raptim
755 4457 791 4515 et
815 4447 1042 4539 extemporali
1069 4446 1200 4536 impetu
1228 4448 1282 4518 di-
