2692 5024
412 698 503 745 uruun
524 698 881 756 ouranos-urisruul
904 700 943 748 rr.
1157 688 1218 751 263

140 865 292 935 unquam
316 851 432 913 tamon
452 844 503 938 (ut
525 841 811 915 constantissima
831 842 985 914 omnium
1010 843 1128 937 opinio
1147 844 1215 939 est)

139 967 196 1037 vel
216 965 291 1037 ioco
312 968 368 1037 vel
389 966 481 1038 serio
500 966 624 1057 rigidae
644 965 799 1037 mulieris
820 975 988 1037 attentata
1008 966 1214 1058 virginitas,

136 1100 233 1162 metu
252 1090 379 1183 magis,
401 1099 441 1188 ut
459 1098 666 1173 memorant,
685 1111 792 1183 quam
812 1089 1009 1162 reverentia
1031 1090 1217 1184 prohihen-

138 1225 180 1287 le.
213 1215 346 1307 Corpus
372 1214 419 1284 illi
443 1213 590 1285 militare
616 1210 728 1304 magis
753 1235 858 1306 quam
883 1214 1093 1304 virgineum;
1119 1213 1215 1286 vires

137 1358 313 1430 corporcae
337 1335 492 1432 probatis
518 1335 684 1408 militibus
710 1335 887 1430 optandae3
912 1358 992 1409 rara
1016 1347 1052 1408 et
1076 1336 1215 1410 insueta

136 1459 338 1532 dexteritas.
359 1461 486 1532 Virons
506 1470 606 1546 aetas,
628 1458 768 1532 habitus
788 1480 829 1532 ac
850 1459 1005 1559 studium
1023 1461 1089 1532 viri
1102 1460 1212 1533 fortia.

135 1583 210 1654 Non
230 1584 318 1654 telas
339 1584 409 1668 illa,
432 1582 496 1654 sed
515 1586 596 1666 tela;
618 1603 687 1654 non
707 1603 792 1656 acus
808 1592 845 1655 et
862 1585 1015 1675 specula,
1035 1582 1098 1655 sed
1110 1605 1214 1656 arcus

138 1718 170 1777 et
190 1706 322 1799 spicula
342 1705 540 1778 meditatur.
560 1707 636 1778 Non
656 1707 749 1778 illam
768 1708 887 1779 oscula
903 1716 939 1778 et
954 1708 1109 1800 protervi
1128 1708 1215 1781 den-

139 1829 180 1900 tis
201 1829 334 1901 lasciva
354 1831 515 1922 vestigia,
551 1829 614 1902 sed
644 1832 791 1902 vulnera
822 1830 1071 1925 cicatricesque
1091 1831 1215 1903 nobili-

138 1962 219 2024 tant.
241 1955 419 2047 Praecipua
439 1975 613 2025 armorum
634 1976 718 2026 cura
734 1964 805 2037 est;
824 1954 961 2026 animus
979 1955 1059 2027 lerri
1076 1958 1214 2028 mortis-

136 2096 204 2166 que
237 2086 461 2172 contemptor.
499 2078 632 2148 Bellum
666 2099 745 2148 cum
776 2075 930 2148 finitimis
963 2076 1212 2148 hereditarium

136 2199 237 2289 gerit,
259 2220 330 2292 quo
354 2201 452 2270 multi
477 2200 544 2270 iam
571 2201 661 2271 ultro
686 2199 841 2292 citroque
866 2198 1008 2294 periere.
1036 2199 1212 2271 Interdum

137 2324 221 2406 sola,
244 2343 340 2415 saepe
361 2323 481 2415 paucis
501 2320 675 2406 comitata,
697 2343 838 2392 manum
865 2344 943 2393 cum
970 2321 1070 2394 hoste
1089 2344 1213 2395 consc-

135 2447 218 2529 ruit3
240 2445 368 2539 ubique
389 2445 434 2517 ad
454 2445 548 2517 hunc
567 2445 658 2518 diem
684 2445 777 2516 vicit.
803 2448 965 2538 Praeceps
991 2445 1026 2514 in
1051 2445 1212 2540 praelium

135 2593 247 2656 ruere,
269 2571 361 2642 lenta
381 2568 579 2655 discedere,
601 2569 759 2644 animose
779 2571 915 2644 hostem
936 2571 1091 2665 aggredi,
1111 2580 1212 2643 caute

134 2693 278 2767 insidias
295 2703 428 2777 texere
446 2696 588 2778 samem,
608 2694 713 2780 sitim,
731 2694 856 2788 frigus,
876 2708 1019 2781 aestum,
1039 2715 1210 2779 somnum,

134 2818 372 2889 lassitudinem
394 2817 584 2889 incredibili
601 2804 765 2912 patientia
782 2819 949 2912 perferre,
970 2816 1111 2889 subdio
1131 2838 1213 2910 per-

133 2961 220 3024 nox,
242 2948 278 3011 et
297 2941 365 3012 sub
384 2942 492 3013 armis
512 2963 630 3034 agere:
653 2941 749 3013 humi
767 2943 998 3035 requiescere,
1020 2938 1211 3012 herbosum

132 3062 325 3155 caespitem,
352 3066 408 3135 vel
435 3063 651 3136 substratum
671 3064 830 3159 clypeum
856 3063 891 3132 in
915 3060 1048 3132 deliciis
1070 3059 1209 3131 habere.

131 3187 224 3257 lnter
245 3196 313 3259 tam
327 3188 508 3259 continuos
527 3187 665 3260 labores
682 3189 828 3259 multum
846 3184 946 3256 brevi
964 3195 1118 3276 temporo
1134 3205 1211 3254 mu-

133 3321 203 3384 tata
221 3320 287 3383 est.
308 3312 520 3396 Quantulum
540 3320 596 3382 est
610 3310 700 3382 enim
717 3310 813 3402 quod
829 3329 886 3379 me
903 3309 1047 3385 Romam
1065 3329 1106 3382 ac
1121 3306 1211 3379 Nea-

130 3435 235 3527 polim
255 3433 300 3506 ad
320 3455 439 3524 regem
459 3433 611 3507 Siculum
645 3430 806 3504 iuvenilis
836 3429 989 3502 studium
1012 3429 1133 3524 gloriae
1157 3439 1210 3504 at-

132 3557 260 3629 traxit?
279 3558 435 3630 Proiecto
459 3580 564 3652 quam
597 3569 679 3630 tunc
707 3555 875 3627 inermem
905 3554 1077 3638 videram,
1105 3551 1210 3623 hodie

132 3690 265 3751 armata
290 3693 326 3752 et
355 3681 498 3753 armatis
532 3691 631 3777 septa
660 3702 739 3752 cum
764 3677 809 3751 ad
828 3699 885 3749 me
906 3675 1126 3748 salutandum
1151 3694 1211 3743 ac-

132 3803 310 3891 cessisset,
332 3805 477 3877 miratus
503 3827 597 3890 sum,
626 3814 662 3876 et
684 3804 781 3875 velut
804 3802 921 3894 ignoto
950 3798 1027 3868 viro
1060 3797 1208 3867 salutem

132 3927 279 4013 reddidi,
307 3928 418 4001 donec
441 3930 515 4000 risu
538 3929 614 4000 eius
639 3937 674 3998 et
696 3924 862 3997 comitum
887 3919 1020 3992 monitu
1051 3915 1209 4012 pressius

130 4048 289 4136 intuitus,
311 4051 375 4123 vix
397 4051 536 4123 tandem
558 4049 625 4122 sub
643 4049 783 4121 casside
815 4056 949 4117 torvam
983 4052 1018 4113 el
1044 4040 1209 4112 incultam

129 4173 301 4265 virginem
323 4173 522 4266 recognovi.
544 4173 651 4245 lllulta
676 4171 720 4244 de
745 4170 801 4240 illa
825 4165 952 4239 labulis
979 4161 1105 4236 similia
1130 4182 1211 4233 nar·

129 4304 263 4378 rantum
285 4319 352 4388 ego
373 4295 466 4389 quod
488 4293 560 4367 vidi
581 4294 740 4364 reseram.
759 4290 1003 4361 Convenerunt
1019 4308 1039 4357 e
1056 4284 1208 4359 diversis

129 4418 250 4491 mundi
263 4417 420 4512 partibus
439 4416 504 4489 viri
521 4419 643 4500 sortes,
661 4422 698 4484 et
712 4432 889 4484 armorum
901 4409 1070 4482 exercitio
1082 4402 1206 4492 durati,

129 4561 219 4632 quos
239 4540 307 4614 alio
327 4539 507 4614 madentes
528 4538 597 4612 illic
615 4539 751 4613 fortuna
770 4533 999 4629 deposuere
1018 4532 1208 4626 auditaque
