2692 5024
191 624 251 687 ltl
347 594 350 599 ⁵
527 634 572 687 nn
591 634 694 685 nauus
712 632 935 683 ruununnus

189 778 322 874 duplex
345 786 402 849 est
420 776 699 862 incommodum
729 775 884 869 fatigatio
906 776 1174 870 expectationis,
1199 801 1271 873 qua

188 899 309 972 nescio
331 920 377 973 an
403 900 473 973 ulla
493 898 539 971 sit
558 898 681 983 maior,
700 906 738 971 et
762 897 929 972 delibatio
948 897 1079 992 gaudii,
1100 922 1184 973 cum
1209 924 1271 975 ve·

187 1022 291 1106 nerit,
313 1022 391 1095 sive
419 1024 477 1117 (ut
500 1021 575 1117 ipse
595 1018 714 1115 vocat)
744 1019 976 1116 praessorati03
994 1020 1090 1115 quod
1112 1022 1269 1117 quidem,

186 1154 268 1217 aute
286 1160 392 1239 qnam
418 1142 549 1228 veniet,
577 1139 751 1236 sperando
774 1149 812 1214 et
834 1152 952 1215 mente
975 1144 1269 1240 preoccupando,

187 1266 391 1341 iamdudum
411 1268 485 1339 lere
503 1273 748 1359 consumptum
769 1265 836 1339 sit:
862 1274 924 1338 snt
948 1267 1052 1349 lalso;
1075 1277 1112 1339 et
1129 1267 1270 1341 inanem

186 1392 340 1486 prolecto
352 1387 602 1483 ridiculamque
620 1386 785 1470 letitiam,
805 1398 938 1463 certum
950 1400 1015 1473 est,
1030 1388 1107 1484 spei
1122 1390 1271 1485 perdite

185 1513 317 1598 dolore,
333 1504 513 1605 mixtoque
530 1509 634 1583 simul
645 1511 789 1609 pudore,
802 1512 974 1586 desinere.
991 1510 1169 1585 Audendi
1181 1534 1271 1607 crgo

185 1636 325 1733 penitus
344 1656 414 1707 non
434 1642 517 1705 sunt
534 1633 762 1728 impossibilia
780 1634 923 1730 quidem
940 1634 1022 1723 sibi,
1041 1634 1145 1708 nohis
1162 1634 1269 1709 otiam

185 1758 320 1832 inutilia
346 1756 600 1855 promittentes.
625 1755 718 1842 Quid
735 1761 846 1831 vero?
868 1758 1025 1853 Quisque
1046 1757 1114 1831 sihi
1132 1758 1270 1833 dixisse

184 1880 364 1953 Christum
383 1886 496 1975 putet,
520 1880 615 1975 qnod
634 1877 876 1977 Amphitryoni
905 1900 993 1953 vere
1020 1880 1152 1975 lupitcr
1175 1878 1268 1977 apnd

184 2008 369 2080 Plautum:

303 2172 386 2235 Bono
396 2170 499 2235 auimo
509 2188 559 2249 es;
569 2170 691 2246 adsum,
703 2166 895 2248 Amphitruo,
913 2167 1029 2231 numlio
1040 2166 1095 2232 tibi
1108 2175 1139 2234 et
1155 2170 1227 2235 tuis.

303 2266 383 2331 llinit
399 2268 543 2348 estquod
559 2267 679 2331 timeas:
697 2265 845 2342 hariolos,
862 2266 1028 2347 aruspices,

303 2366 385 2430 ilitte
401 2382 526 2430 omues:
544 2382 614 2445 quas
630 2366 749 2441 lutura,
766 2371 882 2445 etque
898 2365 974 2429 laeta
990 2366 1120 2444 eloquor

304 2464 395 2528 llulto
412 2466 487 2529 adeo
503 2466 615 2528 melius
631 2480 724 2544 quam
741 2464 797 2541 illi,

187 2648 257 2698 non
288 2624 429 2720 quidem
461 2626 540 2716 quic
567 2648 640 2695 sum
658 2625 793 2719 ¹Iupiter
826 2624 884 2719 (ut
909 2627 957 2696 ait
981 2623 1070 2719 ille),
1099 2623 1162 2697 sed
1185 2626 1268 2718 quia
1300 2614 1305 2626 ⁸

186 2768 265 2819 sum
285 2749 390 2819 Deus.
412 2748 472 2818 llle
492 2768 577 2819 sane
602 2750 711 2820 multa
734 2745 836 2819 nobis
856 2746 901 2819 ad
926 2770 1048 2820 aurem
1071 2748 1189 2821 cordis
1209 2769 1268 2820 as-

185 2872 285 2946 sidue
305 2872 480 2967 loquitur:
500 2894 605 2966 quem
626 2873 656 2945 si
676 2870 797 2945 audire
822 2872 1053 2957 voluerimus
1080 2872 1181 2945 facile
1204 2896 1267 2970 po

184 2997 329 3070 terimus
367 2996 491 3069 horum
534 2994 778 3069 circulatorum
819 2994 992 3089 promissa
1032 3006 1265 3070 contemnere.

186 3122 280 3193 Mors
300 3129 395 3193 certa
415 3129 491 3205 est;
511 3119 599 3190 hora
618 3118 739 3191 mortis
759 3119 901 3202 incerta,
924 3128 963 3189 ut
982 3139 1119 3191 omnem
1142 3118 1281 3193 horam·

186 3247 284 3316 velut
304 3244 459 3316 ultimam
480 3252 727 3337 expectemus:
749 3242 827 3314 haec
844 3242 1041 3314 salutariter
1056 3263 1164 3315 nosse
1181 3243 1266 3316 satis

186 3378 251 3441 est.
273 3369 360 3453 Qnae
377 3368 481 3460 igitur
499 3367 623 3439 horum
642 3366 870 3461 impudentia,
889 3386 969 3460 quae
986 3376 1105 3439 nostra
1122 3368 1267 3441 demen-

187 3491 244 3578 tia,
266 3500 306 3563 ut
325 3492 433 3560 multa
453 3488 599 3581 caligine
620 3487 737 3575 obsiti,
769 3490 902 3583 solique
928 3491 1001 3560 Deo
1025 3490 1155 3582 cogniti
1179 3514 1266 3565 ven-

186 3614 253 3687 turi
287 3612 453 3707 temporis
483 3610 741 3683 denuntiatione
762 3632 826 3682 nos
846 3611 1023 3683 crucient?
1043 3612 1107 3682 Est
1132 3635 1263 3698 unum,

183 3741 302 3823 fatcor,
324 3736 359 3806 in
379 3736 445 3807 hac
466 3745 535 3806 tota
556 3735 708 3806 vanitate
726 3733 883 3807 mirabile
895 3759 903 3817 ;
917 3735 1021 3829 quod,
1036 3757 1116 3806 cum
1133 3736 1169 3806 in
1186 3736 1267 3807 reli·

184 3861 263 3954 quis
296 3859 399 3932 valde
432 3857 608 3930 veridicus
634 3856 798 3951 quisque,
827 3879 895 3929 uno
923 3856 1051 3950 insigni
1083 3857 1266 3931 mendacio

187 3983 311 4057 subeat
342 3981 518 4054 mendacis
537 3980 727 4065 infamiam,
750 3980 821 4065 hic,
843 3970 1080 4076 quantumvis
1094 3981 1262 4066 mendax,
1303 4038 1310 4055 .

185 4129 254 4179 una
278 4106 416 4180 fortuita
441 4105 587 4178 veritate
613 4103 758 4176 veridici
783 4106 911 4178 lamam
936 4103 1172 4199 consequitur.
1200 4104 1265 4175 lli-

187 4236 282 4300 ratur
306 4229 372 4301 hoc
397 4229 531 4312 Cicero,
566 4227 644 4301 aliis
676 4227 756 4300 licet
787 4227 919 4312 verbis,
942 4229 976 4298 in
1001 4248 1044 4299 eo
1063 4226 1165 4313 libro,
1192 4246 1265 4320 quo

186 4349 315 4440 exiguo
335 4351 369 4420 in
390 4351 501 4447 spatio
519 4349 767 4424 divinationem
788 4347 949 4435 aedificat,
968 4349 1173 4444 evertitque.
1190 4347 1265 4421 Au-

186 4471 347 4562 gustinus
368 4484 498 4555 autem,
520 4485 556 4544 et
576 4494 670 4569 saepe
686 4475 801 4557 aliter,
822 4482 858 4544 et
878 4474 913 4543 in
933 4472 1021 4545 libro
1040 4472 1263 4545 diversarum
