2692 5024
159 634 218 699 lat
496 646 539 697 ns
558 644 662 697 nsum
682 646 906 699 annuamus

159 790 353 867 steritatem
379 790 466 863 mihi
493 789 653 862 conciliet
683 788 828 863 assidue
856 789 1099 862 meditantem:
1113 788 1248 865 Omnes

158 937 216 989 me
232 936 313 989 cnm
334 912 562 987 admiratione
580 890 771 1007 respiciunt
788 912 957 999 ociosum,
978 910 1192 1006 intrepidum
1210 920 1250 985 ct

159 1038 340 1110 inermem.
374 1036 502 1109 Contra
525 1056 593 1127 ego
614 1055 741 1107 omnes
765 1034 920 1108 admiror
942 1033 1105 1130 pavidos,
1132 1032 1251 1109 solici-

159 1166 231 1243 tns,
258 1167 294 1228 ct
318 1166 483 1231 armatos.
511 1157 597 1229 ilaec
618 1165 675 1228 est
702 1155 935 1229 humanarum
958 1155 1116 1229 vndetas
1139 1154 1252 1229 actio·

159 1302 256 1353 num.
276 1279 380 1364 Quod
405 1279 435 1352 si
460 1280 578 1351 forsan
602 1277 811 1370 interroger,
833 1298 880 1350 an
898 1276 982 1349 hinc
999 1277 1154 1371 migrare
1174 1298 1252 1351 ma-
1283 1264 1289 1271 ’

161 1397 236 1485 lim,
249 1421 320 1472 non
330 1398 429 1471 lacile
442 1397 593 1472 dixerim
607 1422 616 1482 3
628 1408 665 1470 et
675 1397 727 1469 ire
744 1398 856 1485 iuvat,
874 1406 911 1471 et
926 1419 1071 1471 munere
1086 1397 1250 1471 delectat

161 1519 219 1595 Ad
241 1521 392 1617 primum
416 1520 559 1617 pronior
578 1541 678 1593 sum:
699 1541 770 1593 non
794 1518 891 1614 quod
909 1519 969 1592 hic
991 1519 1131 1594 molesti
1145 1518 1253 1616 quid·

78 1720 81 1725 ,
162 1665 270 1739 quam
293 1642 419 1737 patim,
441 1643 507 1717 sed
522 1644 668 1716 Romam
683 1643 829 1716 visurus
847 1641 952 1717 domo
971 1664 1163 1717 moveram.
1184 1644 1254 1719 list

163 1774 282 1839 autem
302 1764 496 1839 secundum
516 1776 691 1852 naturam,
712 1775 885 1861 utusque
904 1765 941 1838 in
960 1764 1067 1839 linem
1085 1776 1253 1841 votorum

164 1886 303 1961 animus
328 1909 398 1963 non
422 1890 603 1985 quiescat;
632 1910 681 1962 cx
711 1909 783 1984 qno
807 1890 963 1963 maxime
986 1891 1139 1964 colorem
1164 1889 1251 1963 milri

163 2004 305 2085 videtur
328 2009 498 2085 habuisse
516 2011 633 2108 opinio
652 2011 711 2085 illa
730 2032 811 2108 quae
830 2009 990 2085 beatilm
1012 2011 1151 2085 visione
1169 2011 1250 2100 Dei,

165 2132 284 2226 inqua
295 2144 537 2208 consummata
552 2134 699 2208 felicitas
716 2134 867 2208 hominis
888 2134 1056 2220 consistit,
1070 2132 1255 2209 defuncto·

164 2277 244 2329 rum
256 2257 392 2331 animas
403 2256 538 2331 tamdiu
553 2256 725 2331 carituras
742 2256 956 2343 adstruebat
975 2257 1089 2331 donec
1105 2278 1254 2353 corpora

165 2378 461 2474 resumpsissent:
483 2379 804 2472 quodnaturaliter
828 2401 897 2451 non
923 2390 1044 2473 optare
1076 2403 1147 2453 non
1171 2400 1254 2475 pos-

167 2511 263 2584 suut3
287 2500 451 2593 quamvis
476 2500 535 2573 illa
559 2498 733 2573 sententia
757 2503 945 2574 multorum
972 2502 1102 2574 saniori
1125 2502 1254 2578 iudicio

167 2621 274 2706 victa,
300 2631 438 2694 etcum
471 2631 612 2694 auctore
637 2644 704 2695 suo
730 2621 791 2719 (da
823 2624 978 2711 veniam,
1011 2645 1153 2718 quaeso,
1192 2625 1254 2719 qui

169 2741 271 2815 valde
286 2763 382 2829 cum,
405 2743 469 2817 sed
485 2765 555 2817 non
572 2765 710 2819 errores
728 2745 805 2820 cius
821 2744 991 2843 dilexisti)
1010 2750 1148 2844 sepulta
1166 2747 1255 2820 iam

168 2863 303 2957 pridem
324 2864 379 2938 sit.
400 2866 496 2939 Vale.

580 3289 759 3356 EPISTOLA
779 3291 848 3356 Xlll.

207 3490 403 3543 auluclscus
418 3494 588 3546 Parauaea
602 3495 906 3548 {casamentum
920 3497 1132 3550 eunomius,
1146 3500 1175 3551 Ρ.
1188 3502 1221 3552 Ι).

237 3667 278 3724 De
291 3667 363 3726 Urso
376 3668 556 3742 Anguillarius
571 3668 692 3739 Gemite,
707 3676 736 3726 et
749 3670 846 3743 Hagno
860 3671 996 3729 Columna
1009 3673 1189 3747 coniugibus,

595 3758 750 3832 hospitibus
764 3761 830 3817 suis.

271 3968 309 4037 ln
342 3969 410 4041 hoc
442 3990 524 4042 ecce
557 3970 761 4061 (leprarum,
790 3968 859 4040 imo
883 3990 969 4042 vero
993 3972 1132 4042 leonum
1153 3991 1195 4043 ac
1216 3971 1258 4042 ti-

172 4091 311 4183 gridum
338 4104 469 4179 monte,
491 4092 647 4187 quolibet
678 4112 770 4184 agno
805 4091 920 4165 mitior
945 4094 1056 4166 Ursus
1082 4093 1150 4166 iste
1175 4106 1258 4169 tuus

171 4208 315 4298 habitat,
333 4213 558 4309 Anguillariae
574 4235 708 4300 comes,
727 4223 861 4287 amator
878 4214 982 4310 pacis,
998 4213 1074 4286 sine
1087 4213 1258 4289 bellorum

173 4340 284 4401 metu:
317 4335 407 4407 inter
437 4336 528 4409 bella
556 4360 703 4412 securus
734 4359 804 4411 non
831 4336 906 4409 sine
937 4338 1033 4432 pacis
1064 4337 1256 4425 desiderio,

173 4450 406 4545 hospitalitate
424 4460 598 4533 secundus
619 4460 764 4550 nemini,
791 4459 937 4533 consilio
961 4461 1103 4552 vigens,
1130 4458 1258 4533 blande
