2692 5024
393 684 486 737 nunu
507 686 652 746 ournrus.
666 684 867 736 -uersrour
889 686 931 734 ιιι.
1150 674 1206 738 257

132 827 219 898 miro
250 846 379 918 genere
406 826 598 922 tyrannidis
619 849 689 899 non
713 826 889 913 diadema,
912 850 981 900 non
1001 852 1206 924 purpuram,

131 972 200 1022 non
219 971 329 1031 arma3
349 949 412 1022 sed
429 949 626 1042 squalidum
643 950 860 1045 palliastrum
873 952 997 1038 induit,
1012 975 1123 1047 eoque
1140 977 1209 1027 non

131 1083 234 1158 totus,
257 1080 296 1144 ut
314 1071 403 1157 dixi,
426 1072 489 1144 sed
513 1071 679 1146 dimidius
703 1066 905 1160 obvolutus,
927 1098 991 1148 nec
1015 1087 1087 1148 tam
1112 1077 1209 1148 senio

130 1218 261 1269 curvus
279 1217 384 1290 quam
402 1195 593 1290 hypocrisi,
611 1218 676 1268 nec
690 1206 758 1268 tam
773 1196 910 1290 eloquio
922 1200 1030 1271 fretus
1044 1221 1148 1292 quam
1163 1202 1210 1273 si*

128 1319 244 1401 lentio,
266 1330 303 1391 et
318 1320 419 1412 gravi
440 1319 622 1412 supercilio
642 1340 705 1413 per
725 1320 842 1411 regias
862 1323 960 1393 aulas
980 1321 1152 1407 discurrit,
1174 1333 1210 1394 et

129 1440 254 1512 bacillo
285 1441 426 1511 innixus
459 1439 662 1511 humiliores
696 1440 854 1535 proterit,
888 1441 1051 1515 iustitiam
1081 1446 1206 1526 calcat,

129 1564 301 1658 quidquid
317 1564 427 1636 divini
444 1575 505 1635 aut
524 1563 666 1635 humani
684 1563 769 1636 iuris
782 1575 838 1637 est
855 1565 989 1660 polluit3
1012 1566 1086 1660 qui,
1106 1567 1208 1660 quasi

88 1666 92 1674 ¹
129 1710 245 1760 novus
267 1688 397 1784 Tiphys
418 1689 574 1781 alterque
589 1687 787 1773 Palinurus,
805 1688 972 1761 lluitantis
989 1689 1126 1786 cymbae
1139 1693 1210 1764 cla·

130 1834 216 1883 vum
235 1812 337 1904 regit,
364 1812 432 1884 cito
454 1811 602 1906 (siquid
623 1811 707 1881 mihi
727 1811 855 1905 credis)
875 1813 1007 1904 ingenti
1027 1815 1210 1907 naufragio

130 1935 304 2031 periturae.
332 1935 428 2007 ltlulti
448 1935 542 2006 enim
563 1944 645 2006 sunt
666 1937 760 2018 tales,
783 1936 910 2006 elfere
929 1957 1061 2023 omnes
1080 1945 1209 2029 praeter

130 2081 239 2129 unum
257 2058 504 2130 Cavallicensis
524 2058 692 2129 Ecclesiae
710 2059 912 2151 praesulem,
926 2057 1134 2150 Philippum,
1148 2059 1209 2152 qui

132 2181 228 2253 solus
248 2202 312 2274 pro
336 2180 478 2252 deserta
497 2179 629 2251 institia
655 2191 770 2273 partes
791 2181 880 2252 lacit.
904 2180 974 2252 Sed
998 2180 1083 2274 quid
1106 2182 1209 2254 iaciat

131 2325 245 2396 agnus
280 2303 401 2376 unicus
426 2303 462 2373 in
488 2311 584 2374 tanto
607 2304 769 2396 luporum
794 2303 954 2394 agmine?
979 2302 1070 2386 Quid
1093 2304 1206 2390 iaciat,

130 2427 199 2498 nisi
222 2427 479 2520 quamprimum
499 2426 621 2518 fugiat,
651 2426 679 2496 si
700 2427 830 2521 possit,
857 2437 892 2499 et
916 2427 1008 2499 ovile
1030 2448 1134 2500 suum
1153 2450 1209 2501 re·

130 2551 248 2645 petat?
266 2549 362 2642 quod
387 2550 501 2642 ipsum
522 2548 681 2620 meditari
705 2547 868 2634 arbitror,
897 2551 962 2624 sed
987 2550 1209 2622 miseratione

132 2671 229 2763 regni
248 2671 411 2755 labentis,
432 2681 468 2741 et
488 2671 619 2741 ultimae
638 2669 887 2744 obsecrationis
903 2671 1011 2765 regiae
1024 2672 1206 2761 memoria,

134 2816 198 2866 ceu
210 2796 357 2886 geminis
369 2794 611 2889 compedibus,
628 2793 813 2868 detinetur.
831 2795 972 2867 Interim
988 2803 1157 2889 quantum
1174 2795 1208 2866 in

135 2919 335 2991 malesuada
359 2919 549 2992 aulicorum
581 2918 655 2990 acie
680 2940 764 2990 sana
789 2940 863 2990 vox
883 2917 986 2991 unius
1010 2918 1122 2991 audiri
1147 2939 1210 3012 po-

137 3050 213 3124 test,
225 3040 287 3112 Dei
299 3051 335 3113 et
347 3042 525 3113 hominum
543 3040 732 3134 implorans
747 3039 861 3124 fidem,
877 3039 1047 3134 obstrepit
1063 3039 1210 3130 iniquis-

135 3164 231 3237 simis
243 3164 405 3249 consitiis,
426 3175 461 3235 et
473 3165 676 3236 auctoritate
695 3185 759 3235 sua
776 3161 928 3234 retundit
941 3163 1126 3233 multorum
1144 3161 1209 3232 im-

134 3289 346 3385 pudentiam,
382 3286 527 3361 eludens
560 3286 728 3381 sapientia
760 3288 948 3370 fortunam,
983 3294 1019 3356 et
1042 3285 1209 3358 humeros

131 3413 288 3507 proprios
310 3412 517 3484 submittens
538 3410 687 3508 publicae
703 3409 828 3494 ruinae,
855 3430 960 3502 quam
985 3407 1124 3482 differre
1147 3430 1210 3503 po-

131 3537 223 3623 terit,
243 3546 378 3608 mutare
397 3558 466 3608 non
487 3534 621 3630 poterit.
655 3534 770 3628 Atque
797 3533 928 3605 utinam
959 3555 1028 3605 non
1060 3544 1097 3604 et
1127 3553 1208 3602 eum

132 3660 259 3755 pariter
284 3661 450 3762 involvat.
476 3659 574 3734 Adeo
600 3660 692 3732 enim
717 3658 878 3732 inclinata
903 3680 960 3730 res
985 3668 1053 3741 est,
1076 3655 1207 3726 utiam

131 3781 175 3854 de
195 3784 357 3856 humanis
383 3783 522 3857 auxiliis
547 3783 632 3855 nibil
659 3805 810 3879 sperem,
837 3778 1032 3875 praesertim
1055 3776 1208 3849 lloberto

133 3907 333 4000 superstite,
361 3909 514 4002 quitum
539 3906 696 4002 perfidiae
720 3904 930 4001 principatu,
958 3913 1029 3973 tum
1055 3900 1207 3973 novitate

132 4025 283 4116 habitus
305 4031 455 4126 primum
476 4033 566 4102 inter
585 4040 742 4102 monstra
758 4026 865 4100 curiae
881 4022 1073 4119 promeruit
1091 4033 1127 4095 et
1145 4045 1209 4096 no-

131 4174 212 4223 men
244 4164 279 4225 et
311 4157 434 4225 locum.
469 4155 519 4224 Tu
551 4175 637 4225 vero
669 4128 941 4245 reprehensione
960 4170 1029 4221 non
1048 4146 1205 4233 carebis,

129 4274 199 4347 nisi
218 4276 264 4350 de
287 4277 450 4368 singulis,
477 4294 560 4368 quae
585 4274 661 4346 aliis
682 4269 929 4345 secretioribus
954 4272 1000 4346 ed
1026 4283 1060 4345 te
1085 4273 1206 4345 litteris

129 4398 233 4472 latius
260 4399 394 4495 scripsi,
421 4399 616 4469 Romanum
641 4393 840 4469 Pontificem
869 4397 1051 4485 certiorem
1071 4395 1206 4469 leceris.

130 4522 244 4596 Unum
265 4523 312 4595 illi
330 4521 417 4594 meis
437 4519 558 4596 verbis
578 4520 613 4593 in
629 4518 699 4593 bne
713 4518 833 4593 dicito:
854 4520 1026 4615 siquidem
1042 4541 1208 4594 reveren-

256 4656 273 4696 r.
1020 4643 1050 4692 Π
