2692 5024
146 680 205 745 lot
479 694 522 745 nn
542 692 644 746 nanus
665 694 887 747 resumamus

143 838 346 923 amicornm3
370 858 440 910 non
473 837 519 910 de
550 836 633 933 ipsis
665 858 784 909 rerum
816 848 954 911 tuarum
985 838 1225 928 suooessibns3

144 969 321 1057 postremo
339 960 424 1032 nihil
442 960 600 1046 omnino,
622 959 691 1033 nisi
709 959 755 1033 de
775 960 1012 1056 me'meisqne
1030 962 1150 1051 rebus,
1172 966 1224 1037 in-

142 1092 313 1179 terrogas.
333 1081 448 1177 Atqne
463 1084 561 1154 illum
581 1082 769 1178 increpitas
780 1084 887 1177 qnod,
901 1085 1076 1159 curiosius
1091 1088 1130 1159 in
1145 1089 1225 1161 rali-

140 1206 230 1303 quis,
248 1206 285 1280 id
301 1229 423 1294 unum,
436 1208 531 1301 quod
547 1206 769 1299 singulariter
782 1227 926 1302 praeque
938 1208 1103 1284 omnibns
1114 1232 1223 1285 nosse

138 1331 335 1435 desideras,
364 1330 540 1404 tacuisset.
571 1328 623 1403 Ao
646 1352 691 1403 ne
720 1328 802 1423 quis
832 1340 868 1403 te
899 1330 1039 1405 fortuito
1067 1335 1222 1407 loentum

137 1464 246 1549 putet,
268 1453 324 1527 bis
345 1454 437 1527 idem
457 1474 521 1549 per
540 1453 841 1548 litterasquestus
866 1475 917 1527 es.
943 1455 1043 1529 Mitto
1066 1457 1151 1545 alia,
1177 1458 1221 1533 iis

137 1581 288 1651 fortusse
306 1576 487 1663 mirabilia,
502 1576 561 1671 qui
575 1576 765 1660 nescirent,
782 1597 889 1671 quam
907 1578 1123 1653 familiariter
1137 1580 1221 1655 olim

136 1712 340 1774 cunctorum
360 1700 523 1774 dominus
542 1698 726 1793 Augustus
746 1700 867 1775 Caesar
884 1698 1084 1793 Virgilium,
1103 1702 1221 1779 nivem

136 1837 249 1911 tuum,
271 1823 460 1898 rustioanae
483 1823 645 1918 originis,
668 1823 733 1897 sed
751 1822 895 1895 minime
915 1822 1083 1897 rusticani
1100 1828 1220 1903 virum

136 1946 275 2041 ingenii,
288 1946 427 2035 dilexit,
442 1958 478 2020 et
488 1946 682 2031 Horatium,
695 1944 894 2017 libertinum
910 1953 1020 2042 patre,
1038 1946 1104 2021 sed
1119 1948 1221 2043 inge-

135 2093 244 2144 nuum
264 2070 357 2156 stilo,
377 2071 508 2167 quique
529 2069 694 2164 principis
715 2067 808 2141 illins
833 2068 879 2141 ad
891 2070 1047 2143 eosdem
1066 2070 1220 2147 humiles

134 2192 278 2282 amieos,
298 2197 397 2267 velut
414 2217 462 2267 ex
478 2215 582 2290 aeqno
602 2192 746 2280 missus,
766 2200 803 2265 et
822 2213 917 2287 saepe
936 2192 1098 2267 dulcibus
1119 2194 1220 2269 blun-

134 2315 228 2391 ditiis
241 2306 568 2414 refertasepis'tolas
583 2339 653 2390 non
664 2315 1009 2410 legissentQuornm
1020 2316 1219 2392 reeordatio

133 2453 300 2536 quantum
322 2441 488 2513 miraculo
508 2441 643 2525 adimit,
666 2448 801 2512 tantum
822 2437 939 2511 adiicit
958 2439 1102 2527 laetitiae,
1131 2440 1217 2515 dum

124 2565 260 2636 'talibus
273 2561 445 2656 exemplis
458 2585 514 2634 me
526 2563 665 2636 miseeri
679 2561 800 2647 sentio,
810 2570 987 2657 tuumque
998 2564 1116 2637 landis
1128 2564 1216 2637 mibi

131 2684 263 2756 aditum
281 2683 424 2777 aperiri;
437 2684 614 2778 quonium,
630 2693 669 2757 ut
685 2688 776 2757 alter
786 2706 834 2756 ex
846 2684 902 2758 his
915 2686 1079 2760 caemmts
1091 2688 1215 2763 amieis

131 2807 194 2892 ait,

270 2904 460 2986 Principibus
474 2905 731 2986 placuisse-viris,
749 2922 809 2971 non
827 2907 933 2973 ultima
950 2908 1015 2972 laus
1031 2915 1088 2972 est.

128 3058 317 3130 Enimvero
336 3081 467 3132 novum
488 3059 544 3131 hio
555 3058 758 3132 miraculum
771 3059 931 3152 emergit:
946 3068 985 3130 nt
995 3058 1090 3132 enim
1104 3063 1214 3137 mutu

129 3180 210 3265 illis,
226 3180 276 3252 sic
288 3181 382 3268 mihi,
400 3184 517 3267 fateor,
531 3182 616 3254 nibil
629 3191 699 3270 est,
712 3204 783 3277 qno
797 3184 932 3276 plaeere
943 3180 1102 3255 debeam.
1116 3185 1212 3270 Quo-

128 3301 231 3374 modo
249 3304 340 3374 enirn
359 3325 495 3398 sperem
513 3305 589 3376 aliis
610 3307 830 3410 placiturum,
852 3304 912 3398 qui
932 3304 1017 3375 mihi
1039 3304 1117 3400 ipse
1140 3327 1211 3379 non

127 3427 266 3520 placeo‘l
281 3427 505 3500 Fortunatam
524 3449 608 3499 sane
624 3428 774 3501 dicimus
789 3450 949 3512 uxorem,
963 3449 1032 3498 non
1045 3449 1129 3521 quae
1140 3430 1210 3503 ion

127 3572 225 3622 mosa
243 3560 310 3635 est,
334 3550 399 3623 sed
423 3572 504 3644 quae
526 3553 602 3624 viro
630 3574 695 3624 suo
722 3551 874 3637 videtum
899 3553 1110 3625 fortunatum
1135 3576 1210 3627 ser-

126 3695 224 3759 vum,
247 3697 316 3746 non
333 3675 433 3746 ouius
453 3685 508 3746 est
528 3696 635 3768 opera
652 3673 813 3761 nobilior,
838 3676 902 3748 sed
922 3676 957 3747 in
978 3697 1084 3769 quem
1109 3697 1209 3750 amor

125 3798 255 3871 domini
274 3798 487 3892 propensior.
510 3798 565 3870 Sic
583 3820 664 3891 ego,
683 3798 843 3893 quisquis
868 3821 954 3872 vere
979 3799 1060 3884 sim,
1089 3800 1120 3872 si
1146 3799 1209 3872 tibi

125 3921 254 4014 aliquid
274 3919 410 4004 videor,
430 3919 589 4013 opinione
610 3929 670 3992 tna
690 3943 748 3992 me
767 3921 901 3993 lelioem
921 3920 1087 4007 dixerim,
1115 3932 1153 3995 et
1176 3923 1206 3995 si

125 4043 209 4115 nihil
227 4042 340 4115 habeo
357 4064 427 4137 quo
447 4045 583 4138 placere
602 4065 750 4129 merear,
771 4026 895 4129 tamen,
916 4043 946 4115 si
967 4047 1095 4139 placeo,
1118 4045 1206 4119 satis

123 4177 189 4238 est.
210 4165 359 4259 ligerem
378 4168 508 4259 gratias
527 4166 690 4254 tibi‚·nisi
706 4167 955 4240 humanitatem
974 4179 1068 4241 tuam
1085 4166 1205 4240 verbis

123 4289 210 4359 meis
231 4291 364 4384 eequrari
380 4313 487 4383 posse
506 4292 709 4366 diffiderem.
733 4294 772 4364 lu
798 4285 862 4365 his'
879 4293 1020 4387 quidem
1048 4313 1129 4386 quae
1155 4296 1207 4367 lo·

122 4412 261 4499 quentis
278 4414 454 4505 ingenium
470 4417 659 4504 excedunt,
681 4428 796 4489 tauere
813 4417 1017 4491 consultius.
1042 4419 1140 4491 Vale.

267 4559 309 4614 lid
325 4560 412 4631 ripum
427 4560 568 4631 Rhodani,
584 4562 678 4618 ldibus
692 4562 821 4619 ianuarii.
