2692 5024
129 643 158 690 vt
532 641 797 692 rnebnoollbttett.

127 782 164 844 de
181 780 219 841 iis
236 779 267 841 in
284 781 394 857 vulgus
412 779 536 844 edendis
552 779 677 844 litterati
693 782 761 847 eius
776 786 924 863 temporis
940 785 1079 849 homines
1100 803 1133 848 se
1154 793 1208 850 sol·

126 885 225 949 licitos
251 883 447 965 praebuerint.
479 884 622 948 Plurimae
649 885 774 964 quidem
805 905 935 967 opernm
962 891 1029 952 eius
1060 892 1208 954 editiones

127 991 286 1068 bucusque
303 989 496 1069 prodierunt:
514 996 544 1052 et
560 989 587 1053 si
603 991 640 1053 de
654 991 692 1053 iis
705 991 908 1056 instituendus
922 994 998 1055 mibi
1011 1011 1114 1057 sermo
1129 1005 1208 1060 esset

128 1099 241 1177 quibus
256 1099 351 1178 lyrica
368 1097 434 1160 eius
450 1096 587 1160 earmina
605 1099 768 1159 remaculo
790 1098 933 1161 idiomate
954 1102 1123 1178 composita
1146 1102 1209 1163 vul·

129 1209 195 1279 gata
210 1204 351 1280 luerunt,
362 1203 443 1266 'citra
457 1217 581 1265 omnem
593 1200 834 1279 exaggerationis
846 1209 949 1264 notam
962 1203 1063 1266 dicere
1076 1221 1207 1284 possem,

129 1308 241 1371 nullius
267 1325 305 1372 ex
331 1308 556 1388 antiquioribus
585 1305 846 1368 recentioribusve
865 1308 964 1386 poetis
989 1310 1099 1389 scripta
1121 1311 1209 1373 toties

130 1414 208 1490 typis
226 1412 372 1491 impressa
393 1413 497 1475 tuisse.
520 1409 608 1481 Quod
629 1412 714 1475 lacile
736 1413 795 1475 sibi
815 1415 1003 1493 persuaserit
1023 1414 1209 1493 quicumque

130 1517 204 1579 sciat
228 1522 296 1595 post
321 1516 455 1595 primam
475 1515 665 1579 alindelino
686 1517 773 1598 Spira
793 1533 872 1581 anno
894 1520 975 1582 illd
990 1502 1209 1598 Venetiis'per·

129 1627 240 1694 actam,
257 1619 330 1681 alias
349 1619 473 1696 triginta
492 1627 625 1698 quatuor
644 1621 754 1684 eodem
776 1622 888 1685 saeculo
909 1622 972 1700 xv,
994 1624 1133 1701 sequenti
1150 1623 1210 1685 llvl

128 1729 251 1785 centnm
269 1725 426 1801 sexaginta
439 1730 569 1802 septeni,
582 1725 653 1788 dein
666 1725 738 1789 XVII
751 1726 823 1790 alias
836 1727 1061 1807 septemdecim,
1076 1743 1129 1790 sex
1140 1727 1210 1790 inde

129 1844 222 1907 supra
238 1828 433 1906 quadraginta
456 1829 567 1892 saeculo
588 1829 686 1906 llllll,
708 1815 1075 1910 qninquaginta⁰demnm
1097 1838 1126 1894 et
1146 1848 1209 1894 am·

129 1933 208 2013 plius
224 1934 281 1996 boc
297 1949 360 2012 qno
378 1933 516 1996 viximus
535 1933 596 1995 xlx
616 1933 765 1997 editiones
786 1935 959 1999 italicorum
978 1936 1151 1999 carminum
1171 1937 1211 2010 (it

130 2039 330 2125 (bezceiere)
347 2038 509 2100 recenseri.
529 2037 667 2109 enarum
682 2039 709 2100 si
725 2040 790 2101 loca
809 2047 840 2102 et
856 2047 994 2119 tempora
1011 2042 1134 2102 novisse
1150 2041 1209 2117 pla-

129 2149 206 2219 ceat,
221 2142 328 2205 videre
342 2143 400 2204 erit
412 2142 443 2203 in
456 2141 494 2204 iis
507 2157 577 2219 quae
593 2141 788 2204 Bibliothecae
804 2142 1024 2205 Petrarclrianae
1037 2159 1209 2220 nuncupan-

130 2253 193 2322 tur,
222 2253 253 2309 et
281 2247 312 2307 in
342 2246 390 2308 ille
415 2247 588 2325 praesertim
607 2262 701 2324 quam
719 2247 881 2309 Florentiae
903 2263 982 2310 anno
1005 2247 1210 2310 resultabis

129 2350 280 2412 Francisci
301 2351 488 2413 carminibus
514 2351 652 2413 adiunxit
678 2351 811 2415 Aleisius
835 2347 1030 2415 Ciardettus.¹
1056 2352 1152 2413 Porro
1174 2351 1210 2413 ab

131 2455 268 2517 institute
284 2470 355 2517 meo
371 2454 504 2517 alienum
522 2462 567 2518 est
584 2472 691 2518 omnes
708 2458 849 2518 omnium
866 2472 995 2535 operum
1016 2457 1084 2518 eins
1104 2456 1209 2518 editio·

130 2575 184 2622 nes
197 2575 367 2638 recensere,
382 2576 515 2639 quarum
529 2560 583 2638 qui
595 2560 697 2640 cupiat
706 2560 827 2639 plenam
840 2560 898 2624 sibi
910 2561 1050 2622 notitiam
1060 2577 1210 2638 quaerere,

131 2665 216 2727 adeat
232 2664 484 2744 bibliograpbicos
500 2666 664 2742 catalogos,
683 2663 832 2743 illumque
849 2667 880 2727 in
897 2665 1008 2744 primis
1024 2663 1210 2726 abominico

130 2769 268 2832 Rossetto
279 2770 357 2833 iuris
366 2772 505 2833 consulto
517 2769 694 2848 Tergestino
711 2763 953 2834 elucubratum'
966 2770 993 2832 ls
1008 2768 1144 2847 quidem,
1160 2783 1210 2829 ne-

132 2875 194 2935 scio
205 2891 266 2953 quo
277 2875 424 2952 singulari
436 2875 465 2935 in
475 2875 860 2950 FranciscumPetrarcam,
873 2875 1008 2952 itemque
1019 2873 1050 2934 in
1061 2871 1150 2934 Pium
1160 2870 1209 2934 Se-

131 2979 266 3041 cundum
286 2978 464 3040 Pontificem
480 2976 648 3040 blaximum
663 2993 769 3039 amore
786 2984 891 3056 captus
904 2983 934 3039 et
947 2975 1109 3054 obsequio,
1124 2981 1210 3055 quot-

133 3089 207 3161 quot
232 3083 282 3145 vel
302 3083 463 3160 utriusque
490 3099 582 3161 opere
601 3081 679 3161 typis
701 3080 836 3159 vulgata,
854 3082 904 3144 rel
928 3081 1061 3145 aliorum
1090 3081 1128 3142 de
1153 3080 1211 3141 illis

133 3187 395 3265 elucubrationes,
429 3187 667 3263 commentaria,
703 3186 826 3263 eilogia,
860 3185 1020 3248 historicas
1053 3185 1212 3246 criticasve

133 3288 376 3368 disquisitiones,
403 3291 552 3368 imagines
577 3290 722 3367 deniqne,
749 3290 935 3352 numismata
961 3288 1081 3364 aliaque
1108 3285 1211 3347 huius·

133 3394 218 3456 modi
234 3394 370 3472 undique
390 3394 548 3472 diligenter
566 3401 595 3457 et
612 3411 740 3473 operose
761 3394 915 3471 exquisita
935 3392 1078 3468 colligere
1098 3391 1212 3470 potuit,

134 3516 197 3561 nec.
216 3499 387 3578 sumptibus
408 3515 463 3562 nec
485 3499 640 3561 laboribus
660 3514 786 3577 parcens
808 3497 867 3559 sibi
888 3494 1093 3573 comparavit,
1115 3501 1145 3556 et
1167 3510 1212 3555 re-

135 3620 207 3665 rum
224 3603 365 3666 omnium
384 3604 443 3666 sibi
465 3602 665 3681 quaesitarum
685 3603 949 3664 accuratissimum
971 3600 1102 3664 indicem
1119 3600 1213 3661 semel

137 3709 311 3787 iterumque
328 3709 359 3772 in
377 3710 488 3786 vulgus
505 3708 612 3784 edidit,
631 3724 665 3770 ea
682 3708 836 3787 praecipue
853 3713 955 3769 motus
973 3708 1107 3780 ratione,
1132 3704 1214 3780 quod

136 3815 248 3891 siquis
266 3816 333 3878 eius
350 3815 469 3893 generis
487 3813 600 3890 aliquid
616 3828 708 3890 penes
726 3829 759 3874 se
776 3813 825 3873 vel
845 3811 955 3874 alicubi
977 3817 1082 3873 extare
1104 3821 1212 3884 cogno-

137 3926 248 3992 sceret,
263 3928 399 3996 paratam
415 3919 473 3981 sibi
490 3919 580 3980 sciret
598 3918 664 3979 eins
681 3917 860 3980 collocandae
879 3917 1069 3980 occasionem
1087 3914 1117 3974 in
1134 3911 1214 3972 illins

198 4062 207 4093 ⁴
225 4062 256 4110 ie
271 4061 334 4110 rime
347 4063 387 4111 del
400 4063 518 4113 Petrorcc
531 4075 577 4111 con
590 4068 638 4110 tar.
653 4061 676 4109 in
693 4074 776 4122 rame,
794 4061 826 4111 ed
842 4061 1020 4118 illustracioni,
1033 4059 1112 4109 ‘l'omo
1123 4057 1162 4106 lV.
1177 4056 1215 4105 Bl-

137 4141 244 4191 blioteca
255 4139 446 4202 Petrarcbesca,
459 4141 579 4201 Firenze,
591 4140 729 4203 ‘llpogralla
743 4142 768 4191 di
783 4142 854 4205 buigl
866 4141 1000 4200 Ciardetti,
1014 4139 1083 4188 1822.

198 4218 208 4252 ¹
225 4218 342 4281 Cututoge
355 4219 421 4270 della
434 4221 543 4270 raccolta
554 4219 601 4268 cbe
613 4233 658 4282 per
670 4220 693 4269 la
703 4219 860 4284 bibliogralia
873 4220 914 4270 del
929 4219 1045 4270 Petrarca
1058 4229 1072 4266 e
1084 4215 1110 4264 di
1123 4213 1167 4263 Pio
1182 4211 1213 4273 ll,

136 4300 150 4348 e
164 4299 204 4362 gia
218 4299 381 4363 possedutae
394 4299 415 4347 si
430 4313 458 4350 ra
471 4299 640 4349 continuando
651 4299 839 4350 dall’bvvocato
850 4299 886 4348 lle
897 4297 1007 4349 Rossetti
1026 4295 1052 4346 di
1067 4293 1173 4343 Trieste.
1184 4317 1214 4327 -

136 4380 246 4439 Tricosto,
270 4379 417 4443 Uarenigbi¹
446 4381 518 4439 1834,
538 4394 594 4443 pag.
612 4379 657 4441 96,
678 4380 743 4429 iri-l.
764 4407 793 4416 -
808 4378 1001 4431 Coretinuosione
1022 4375 1061 4425 det
1082 4373 1212 4436 Getulopo,

138 4475 192 4523 pag.
207 4462 235 4518 6,
250 4462 315 4511 in-l.
