2692 5024
136 537 194 600 372
368 551 373 561 ·
474 547 515 595 nn
536 544 637 595 nunus
658 544 881 595 raurursnmus

135 691 340 775 differimus,
363 690 457 783 quod
477 686 644 783 quamdiu
669 684 726 759 hic
746 709 882 772 sumus,
900 687 1068 763 cadimus
1086 692 1232 785 quidem

134 824 170 885 et
186 811 418 905 resurgimus,
432 809 680 882 descendimus
697 820 733 882 et
745 811 986 897 ascendimus;
1006 812 1092 888 inde
1107 827 1230 889 autem

136 939 251 1010 nullus
274 947 330 1009 est
357 934 497 1008 reditus.
524 933 615 1019 Quid
643 957 725 1008 vero
750 936 963 1023 dementius,
990 961 1116 1032 quam,
1145 964 1228 1014 oum

136 1071 230 1134 stare
250 1062 380 1155 possis,
402 1056 527 1131 cadere
551 1057 676 1130 fiducia
704 1060 979 1152 reassurgendi‘?
1005 1063 1156 1159 Semper
1180 1087 1230 1138 ex

135 1188 204 1259 alto
235 1164 461 1278 periculosior
493 1203 598 1254 casus
629 1190 694 1253 est.
725 1182 771 1252 Et
800 1180 901 1275 quid,
926 1206 990 1257 oro
1014 1197 1066 1271 te,
1097 1187 1231 1262 virtute

134 1308 237 1381 altius
259 1330 299 1379 ac
320 1305 449 1398 gloria,
477 1327 626 1398 quarum
651 1304 685 1376 in
709 1305 840 1378 vertice
874 1307 1141 1380 conscenderas
1170 1335 1229 1384 no

135 1434 217 1505 stris
245 1428 458 1525 temporibus
483 1429 690 1501 inaccesso‘.l
715 1429 869 1522 Tamque
896 1429 1063 1523 impigre,
1092 1442 1132 1504 et
1162 1446 1227 1508 tam

62 1543 66 1551 ’
135 1557 271 1626 insueto
298 1553 384 1624 calle
417 1550 461 1623 ad
496 1573 632 1622 summa
666 1573 895 1645 perveneras,
922 1562 961 1624 ut
986 1552 1087 1625 baud
1116 1557 1224 1629 sciam

135 1697 283 1769 usquam
321 1673 573 1747 formidolosior
611 1673 667 1746 oui
701 1673 745 1745 sit
784 1674 893 1746 ruina.
943 1675 1073 1748 Pedem
1118 1678 1222 1774 ligera

133 1809 281 1894 oportet,
320 1796 484 1871 obnixius
523 1808 560 1868 ut
596 1797 788 1882 consistas,
827 1820 939 1892 neque
980 1805 1222 1892 spectaculum

131 1920 291 2018 praebeas
314 1922 495 1995 ridendum
517 1920 689 2007 hostibus,
707 1919 897 2013 lugendum
920 1923 1001 1994 tuis.
1020 1924 1107 1996 Non
1129 1948 1222 2020 quae

134 2045 221 2116 ritur
245 2047 353 2139 gratis
371 2049 502 2118 clarum
523 2067 662 2130 nomen,
684 2067 748 2117 nec
768 2054 930 2117 servatur
948 2047 1124 2139 quidem:

254 2219 376 2297 llaguus
392 2220 475 2282 enim
491 2217 576 2281 labor
592 2226 637 2281 est
654 2234 769 2297 magnae
785 2220 922 2283 custodia
939 2220 1040 2284 lamae.

132 2395 296 2465 Permitte
318 2391 400 2462 mihi
421 2414 499 2463 meo
519 2389 692 2462 versiculo
714 2400 826 2461 locum
849 2392 910 2475 uti,
937 2387 997 2485 qui
1020 2395 1118 2468 adeo
1137 2400 1217 2470 mihi

133 2516 276 2610 placuit,
307 2526 346 2585 ut
369 2537 448 2584 eum
470 2537 517 2584 ex
537 2513 746 2606 quotidianis
773 2514 928 2608 epistolis
954 2537 1025 2584 non
1050 2518 1218 2609 puduerit

133 2638 178 2709 ad
209 2636 357 2706 Africam
393 2637 598 2717 transserre3
620 2646 655 2706 et
679 2637 768 2711 bano
793 2635 874 2707 mihi
902 2660 1043 2730 quoque
1067 2641 1217 2715 durissi-

133 2782 223 2832 mam
245 2756 486 2831 necessitatem
507 2755 635 2839 exime,
656 2780 698 2828 ne
719 2759 848 2855 lyricus
866 2771 1054 2854 apparatus
1078 2775 1218 2837 tuarum

132 2886 287 2967 laudum,
315 2882 349 2950 in
382 2902 464 2974 quo,
500 2889 589 2951 toste
623 2881 761 2975 quidem
797 2881 861 2955 hoc
893 2885 1044 2968 calamo,
1085 2892 1217 2960 multus

131 3030 241 3090 eram,
264 3003 425 3076 desinere
456 3014 602 3096 cogatur
634 3005 668 3075 in
703 3015 865 3100 satyram.
887 3006 960 3077 Neu
988 3029 1043 3077 me
1066 3032 1158 3082 casu
1185 3013 1217 3083 in

131 3129 219 3199 hanc
260 3129 491 3200 narrationem
529 3127 702 3211 incidisse,
738 3139 799 3198 aut
831 3128 875 3200 de
912 3129 1019 3200 nihilo
1056 3134 1215 3207 locutum

131 3261 241 3345 prutes.
264 3252 291 3319 Ε
312 3250 407 3321 curia
428 3245 628 3343 digressum
650 3251 837 3321 amicorum
866 3252 987 3324 litterae
1008 3269 1215 3329 consecuta

130 3384 222 3456 sunt,
260 3372 292 3443 in
326 3373 452 3466 quibus
486 3374 530 3444 ad
564 3396 620 3444 me
657 3397 770 3446 rerum
805 3386 941 3446 tuarum
972 3377 1144 3463 discolor,
1180 3391 1213 3452 et

130 3499 249 3590 primae
271 3499 415 3567 multum
438 3496 626 3581 dissimilis,
650 3499 737 3569 lama
760 3499 938 3594 pervenit:
961 3521 1028 3570 non
1049 3511 1083 3570 le
1103 3525 1213 3597 popu-

130 3623 216 3704 lum,
241 3631 278 3690 ut
299 3620 450 3704 solebas,
482 3620 546 3691 sed
566 3629 699 3713 partem
720 3623 835 3715 populi
857 3623 1046 3718 pessimam
1072 3646 1208 3710 amare,

128 3745 174 3815 illi
195 3743 357 3836 obsequi,
381 3744 470 3814 illam
492 3766 630 3826 curare,
654 3742 745 3815 illam
767 3747 941 3817 admirari.
964 3748 1054 3832 Quid
1075 3750 1209 3835 dicam,

129 3868 194 3936 nisi
226 3867 320 3958 quod
353 3865 506 3936 Ciceroni
529 3866 685 3938 scribens
706 3869 857 3939 Brutus:
875 3868 976 3962 pudet
1006 3871 1211 3944 conditionis

127 4012 165 4058 uc
184 3992 348 4079 sortitum?
368 3990 518 4061 blundus
539 4014 623 4083 orgo
646 4003 677 4061 te
697 3991 834 4075 videbit,
854 3991 898 4064 de
914 3992 1086 4066 bonorum
1107 3999 1208 4086 duce,

127 4114 306 4185 satellitem
337 4113 585 4208 reproborum‘.l
605 4114 661 4185 Sic
686 4114 785 4185 nobis
820 4116 934 4188 subito
961 4117 1097 4189 turbata
1128 4136 1211 4195 sunt

127 4235 264 4306 sidera‘l
280 4235 335 4307 Sic
356 4237 488 4307 insensa
509 4236 695 4308 divinitas?
719 4237 780 4309 Ubi
811 4253 914 4310 nune
929 4239 983 4309 ille
1007 4248 1089 4312 tuus
1113 4247 1212 4317 salu-

127 4356 210 4425 taris
235 4359 376 4441 Genius,
415 4359 469 4429 ubi
507 4361 558 4450 (ul
593 4361 751 4431 usitatius
786 4362 922 4455 loquarl
946 4364 1000 4434 illc
1033 4363 1208 4440 bonorum
