2692 5024
199 677 236 736 78
532 689 574 737 nn
595 689 696 739 arnus
719 690 939 740 raururaamus

192 837 309 931 patria
333 847 389 905 est.
415 836 459 908 Et
485 845 600 908 tamen
627 838 694 908 hoc
724 858 810 909 vem
840 838 961 909 verius
994 848 1068 921 est,
1102 840 1199 930 quod
1229 843 1275 912 ait

197 958 406 1054 Apostolus:
432 957 510 1027 Non
536 960 689 1029 latemus
715 961 768 1029 bic
794 969 981 1029 monentem
1011 961 1192 1044 civitatem,
1220 962 1276 1032 sed

197 1085 300 1151 olium
324 1082 531 1174 inquirimus.
553 1079 725 1151 Videntur
749 1079 827 1151 haec
853 1080 919 1151 sibi
945 1081 1091 1151 invicem
1113 1081 1273 1169 adversa,
1327 1157 1335 1172 ,

197 1204 262 1277 sed
277 1225 348 1275 non
365 1213 457 1274 sunt.
478 1202 636 1295 Quisque
653 1222 716 1295 pro
733 1201 938 1274 diversitate
954 1203 1172 1295 loquentium
1190 1206 1274 1278 satis

171 1326 352 1397 breviter
377 1323 471 1417 quod
497 1323 670 1394 sentiebat
701 1323 898 1418 expressit,
924 1334 960 1395 et
985 1325 1151 1416 quamvis
1176 1326 1274 1397 aliter

197 1457 302 1540 atque
326 1447 441 1530 aliter,
469 1455 617 1538 uterque
637 1453 753 1516 tamen
771 1467 866 1517 vere.
889 1446 925 1515 Si
945 1454 1083 1539 poetam
1104 1449 1273 1539 sequeris,

197 1589 265 1637 non
290 1564 401 1660 potuit
431 1567 538 1635 trater
568 1574 650 1635 tuus
676 1575 778 1636 extra
803 1567 949 1658 patriam
976 1587 1076 1637 suam
1107 1567 1207 1637 mori.
1232 1566 1275 1637 m

198 1688 227 1758 si
252 1686 368 1759 credis
393 1684 574 1780 Apostolo,
593 1695 627 1756 et
649 1708 770 1757 omnes
796 1696 899 1758 extra
924 1689 1071 1781 patriam
1098 1689 1272 1774 morimur,

199 1819 236 1878 ut
256 1807 306 1880 sic
327 1808 467 1879 tandem
488 1808 525 1878 in
544 1808 690 1901 patriam
711 1818 939 1880 revertamur.
959 1809 1004 1881 Et
1025 1831 1123 1894 sane,
1145 1821 1275 1883 utram-

196 1931 252 2000 vis
279 1931 485 2002 sententiam
512 1930 684 2023 sequaris,
712 1929 796 2002 nihil
820 1930 980 2002 invenies
1005 1952 1068 2002 cur
1088 1932 1134 2002 de
1154 1933 1272 2035 ‘fatalis

198 2071 296 2122 zonae
312 2052 476 2124 distantia
496 2053 732 2146 conqueraris.
766 2054 873 2124 Detur
892 2055 1042 2124 fortasse
1062 2054 1273 2139 viventibus,

197 2184 251 2256 ut,
283 2172 492 2266 quibusdam
520 2195 583 2245 seu
616 2174 773 2246 honestis
805 2174 986 2246 affectibus
1020 2195 1082 2245 seu
1115 2175 1274 2270 turpibus

197 2292 341 2378 inducti,
369 2298 482 2366 locum
508 2319 616 2366 unum
641 2297 741 2366 alteri
761 2296 1015 2389 praeferendum
1036 2316 1118 2367 esse
1135 2307 1276 2369 conten-

197 2418 301 2488 dant:
322 2420 540 2488 morientium
562 2428 655 2488 certe
675 2418 760 2487 nihil
787 2418 932 2489 interest
970 2416 1030 2488 ubi
1057 2419 1275 2508 potissimum

197 2540 397 2610 moriantur.
420 2539 463 2608 Et
484 2539 513 2608 si
533 2540 588 2608 cui
609 2541 819 2610 contrarium
839 2540 994 2625 videtur,
1018 2540 1133 2612 adhuc
1152 2562 1191 2613 se
1211 2565 1275 2612 nu-

198 2659 292 2729 tricis
318 2668 354 2727 et
379 2660 657 2729 muliercularum
682 2660 859 2731 erroribus
896 2660 1067 2732 imbutum
1093 2665 1195 2733 norit.
1224 2664 1277 2734 In·

198 2790 394 2871 terrogatus
420 2782 646 2876 philosophus
678 2780 738 2852 ubi
764 2783 902 2874 sepeliri
927 2784 1057 2866 mallet,
1086 2782 1181 2852 Niliit
1205 2806 1276 2852 meo

198 2906 349 2988 interest,
378 2903 569 2995 respondit.
606 2902 753 2996 Undique
784 2904 889 2987 enim,
923 2903 1048 2996 inquit,
1083 2901 1126 2973 nd
1155 2905 1277 2995 inferos

198 3025 399 3097 tantumdem
429 3030 493 3096 vioe
524 3037 580 3096 est.
606 3025 689 3103 Nos,
717 3024 845 3118 quibus
870 3025 1091 3096 adscendens
1117 3025 1276 3097 Christus

198 3150 231 3217 in
257 3153 383 3220 coelum
414 3148 650 3222 adscendendi
681 3171 778 3242 spem
804 3149 957 3240 reliquit,
975 3147 1133 3218 dicamus
1151 3150 1278 3218 aliter?

197 3271 288 3350 Quid
314 3275 418 3341 refert
443 3283 560 3343 utrum
587 3274 621 3340 in
648 3272 757 3356 ltalia,
786 3292 830 3340 an
855 3270 889 3339 in
914 3269 1046 3351 Galliis,
1079 3291 1124 3339 an
1155 3270 1190 3338 in
1220 3270 1279 3339 Hi-

198 3391 329 3482 spaniae
355 3390 498 3477 finibuS,
522 3414 566 3462 an
587 3393 621 3461 in
642 3392 751 3461 Rubri
771 3391 876 3462 Maris
900 3390 1058 3460 litoribus
1081 3391 1278 3462 iaceamus?

199 3510 357 3603 Undique
381 3513 427 3583 ad
451 3516 576 3583 coelum
602 3516 817 3584 tantumdem
838 3515 907 3583 viae
927 3521 992 3583 est.
1019 3513 1077 3582 llla
1099 3512 1200 3583 nobis
1222 3514 1276 3582 via
1325 3517 1328 3526 '

198 3634 361 3705 calcanda
393 3644 462 3718 est,
496 3644 590 3704 arcta
622 3634 762 3727 quidem
794 3644 830 3705 et
867 3633 1035 3715 diffieilis;
1063 3632 1127 3703 sed
1153 3635 1276 3706 ducem

198 3756 380 3842 habemus,
412 3779 517 3849 quem
544 3767 732 3848 sequentes
758 3756 923 3827 aberrare
940 3776 1009 3827 non
1027 3776 1229 3846 possumus.
1244 3755 1276 3824 Si

198 3882 242 3950 ad
268 3881 358 3950 illam
385 3880 478 3949 viam
505 3887 721 3970 spectamus,
749 3877 833 3968 quid
859 3877 904 3947 ad
929 3896 993 3946 nos
1019 3874 1190 3967 pertinet,
1218 3874 1275 3945 ubi

199 4001 288 4071 hanc
312 4022 496 4095 corporum
524 4000 694 4070 sarcinam
730 3998 971 4090 deponamus?
1002 3996 1068 4065 nisi
1106 3996 1275 4088 suspicari

199 4122 302 4191 libeat
327 4125 550 4195 difficiliorem
576 4125 729 4193 suturam
755 4142 837 4191 esse
862 4123 964 4210 longe
990 4117 1176 4188 iacentium
1203 4139 1277 4187 eor·

199 4259 320 4328 porum
339 4244 652 4337 reassumptionem
680 4244 713 4312 in
739 4242 796 4314 die
822 4240 1024 4313 novissimo.
1049 4238 1121 4309 Sed
1138 4239 1205 4310 hoc
1225 4261 1278 4309 re

200 4359 431 4448 ligiosissima,
460 4375 494 4434 et
520 4386 605 4435 vere
630 4365 689 4434 tali
710 4366 816 4456 digna
837 4362 920 4446 filio,
943 4359 1067 4431 mulier
1088 4382 1156 4431 non
1179 4362 1278 4431 time·

200 4480 279 4557 bat;
305 4502 384 4570 quae
409 4486 561 4554 moriens
588 4486 824 4575 ordinansque
849 4484 894 4555 de
920 4482 1119 4572 sepulchro,
1149 4482 1276 4562 Ponite,
