2692 5024
176 640 235 701 l38
515 650 556 697 us
578 648 678 696 uenus
701 647 921 696 aluruurunus

178 795 331 886 liumque
357 794 434 864 aliis
461 795 595 863 laturus
619 791 801 873 videbare,
829 789 889 881 qui
915 788 960 859 de
986 798 1019 858 te
1046 788 1150 860 nobis
1177 791 1259 860 nihil

178 916 352 987 mediocre
373 913 600 1006 promiseras3
619 913 679 1005 qui
700 913 870 983 malorum
891 932 958 981 usu
979 910 1178 984 obduxisse
1196 914 1261 983 iam

177 1039 302 1109 callum
328 1035 500 1108 adversus
533 1057 655 1106 omnes
681 1035 830 1104 lortunae
861 1033 1022 1117 tribulos
1050 1055 1263 1127 omnemque

179 1161 357 1246 duritiem,
393 1181 454 1230 seu
480 1157 592 1250 magis
624 1158 660 1227 in
686 1157 816 1229 silicem
843 1155 1043 1246 obriguisse
1069 1156 1261 1240 debueras,

180 1303 262 1352 ecce
281 1302 384 1374 quam
407 1279 553 1350 molliter
574 1277 728 1348 sarcinas
751 1286 828 1347 tuas
849 1277 933 1358 fers,
955 1298 1038 1347 eone
1057 1299 1164 1369 quam
1185 1299 1264 1348 ere·
1315 1339 1317 1343 .

180 1402 254 1474 bris
280 1400 465 1474 eiulatibus
492 1421 596 1470 aures
622 1409 761 1470 nostras
787 1397 950 1492 percutis.
981 1398 1045 1468 Ubi
1070 1422 1165 1469 nunc
1193 1422 1264 1470 ma-

181 1525 287 1595 ximae
321 1521 526 1617 professioni
563 1531 633 1590 tuae
669 1519 786 1590 debita
825 1519 994 1591 celsitudo
1027 1520 1167 1591 animi?
1200 1519 1262 1592 Ubi

181 1646 288 1717 verba
310 1643 507 1736 magnifica,
531 1664 611 1736 quae
632 1643 662 1715 si
683 1643 727 1714 ad
748 1643 877 1734 ingenii
897 1643 1035 1715 laudem
1058 1666 1129 1714 non
1151 1643 1194 1714 ad
1212 1646 1262 1715 si-

182 1780 227 1840 tae
253 1765 434 1838 consilium
461 1768 667 1848 referantur,
698 1765 782 1859 qnid
808 1763 873 1835 nisi
901 1764 1037 1835 sonitus
1071 1765 1204 1849 inanis,
1229 1778 1263 1838 el

180 1889 395 1960 curiosarum
422 1887 647 1959 delinimenta
673 1896 755 1959 sunt
780 1886 945 1958 aurium?
969 1887 1262 1959 Praestolabamur

179 2033 226 2082 ex
248 2021 281 2082 te
301 2030 442 2082 carmen
462 1988 661 2093 heroicum;
682 2009 801 2098 elegos
821 2008 993 2099 legimus:
1020 2007 1187 2079 historias
1211 2009 1262 2078 vi-

183 2156 300 2205 rorum
322 2132 506 2202 illustrium
526 2131 776 2236 sperabamus3
803 2153 907 2202 unam
934 2131 1111 2202 cernimus
1137 2133 1261 2226 proprii

181 2255 311 2327 doloris
342 2254 542 2326 historiam:
568 2275 657 2347 quas
684 2252 890 2346 putabamus
911 2253 1091 2348 epistolas,
1113 2268 1196 2329 sunt
1216 2259 1262 2328 la-

183 2389 320 2461 menta3
347 2377 405 2449 ubi
438 2376 643 2448 artificiosas
669 2377 846 2447 iuncturas
873 2375 1059 2448 verborum
1088 2400 1180 2451 nova
1213 2381 1261 2450 in-

181 2500 270 2571 cude
302 2487 565 2595 percussorum,
592 2510 628 2570 et
653 2499 801 2571 dulciter
834 2500 1094 2574 interminantes
1129 2507 1259 2575 colores

182 2621 370 2690 rhetoricos
391 2620 651 2712 quaerebamrm,
674 2622 720 2690 nil
743 2621 810 2691 nisi
832 2623 979 2694 dolentis
1006 2624 1259 2697 interiectiones

181 2751 285 2834 alque
311 2740 521 2831 indignantis
548 2751 712 2812 accentus
740 2753 775 2813 et
803 2743 924 2816 lituras
950 2746 1140 2839 aspicimus
1169 2751 1263 2820 lacri-

183 2887 329 2935 marum.
351 2866 395 2934 El
415 2864 494 2955 quis
516 2864 581 2934 erit
603 2865 728 2935 modus
750 2878 810 2937 aut
829 2869 908 2959 quis
928 2867 1037 2956 finis?
1054 2869 1089 2938 Si
1107 2875 1261 2943 omnium

183 2989 252 3058 lata
274 2987 467 3058 mortalium
491 2987 672 3079 deplorare
692 2989 860 3074 volueris,
884 3014 989 3060 unum
1011 2991 1070 3063 tibi
1088 3006 1212 3087 pectus
1233 3005 1266 3065 ot

184 3132 252 3180 una
280 3110 398 3200 lingua
424 3131 493 3179 non
520 3109 656 3179 sufficit.
684 3112 824 3201 lugens,
856 3113 977 3197 miser,
1009 3118 1266 3210 molestumque

185 3236 361 3324 negotium
398 3233 599 3326 suscepisti,
636 3256 907 3327 supervacuum,
937 3240 1156 3332 inexplebile.
1190 3242 1266 3312 Alio

183 3357 339 3425 delente
361 3356 522 3448 petendae
545 3367 627 3425 sunt
646 3358 816 3427 lacrimae:
839 3380 978 3451 semper
999 3384 1121 3454 nempe
1145 3385 1267 3434 recen·

185 3477 277 3547 tibus
290 3477 502 3568 assidueque
516 3476 739 3548 nascentibus
757 3479 916 3550 dolorum
933 3483 1063 3567 nausis,
1078 3483 1150 3553 duo
1164 3485 1265 3569 lessi,

185 3598 322 3691 iamque
342 3599 505 3669 exhausti
527 3609 561 3668 et
581 3610 719 3670 arentes
737 3603 841 3687 oculi,
862 3626 984 3696 parum
1004 3606 1119 3677 moesli
1141 3607 1269 3680 humo

186 3721 233 3791 ris
259 3721 456 3793 infuderint.
491 3721 581 3804 Quid
614 3722 690 3813 agis
717 3723 821 3813 igitur
847 3727 895 3796 tui
921 3727 1038 3812 oblite,
1066 3740 1100 3799 et
1126 3732 1268 3822 propria

185 3867 253 3914 nou
279 3854 437 3914 contente
472 3845 612 3915 miseria
637 3867 679 3915 ae
704 3845 837 3932 morbo,
868 3847 900 3918 in
927 3872 1032 3942 quem
1058 3851 1176 3923 sciens
1204 3877 1268 3925 vo-

184 3969 329 4059 lensque
351 3967 527 4051 inoideriS,
549 3969 616 4038 nisi
637 3968 756 4039 amieis
784 3971 927 4065 insuper
952 3994 1126 4043 venenum
1155 3978 1269 4068 porri-

184 4106 263 4176 gaS,
286 4089 459 4181 pollicitus
481 4089 718 4160 medicinam?
743 4092 832 4173 Quin
860 4095 973 4185 potius
999 4099 1056 4167 vel
1083 4097 1128 4165 llo
1152 4102 1266 4182 solue,

184 4211 241 4278 vel
265 4210 372 4294 disce,
400 4212 567 4295 mortalis,
590 4233 691 4304 aequo
717 4214 832 4284 animo
853 4219 942 4287 serre
964 4219 1136 4303 mortalia,
1164 4232 1268 4315 teque

184 4351 252 4398 nou
275 4335 383 4402 solum
407 4356 521 4425 neque
543 4359 621 4405 eum
643 4336 764 4408 aminis
787 4340 883 4424 solis,
908 4342 969 4413 sed
995 4366 1074 4413 cum
1101 4348 1269 4418 omnibus

186 4450 257 4538 rapi
279 4453 416 4536 videns,
437 4455 505 4525 iarn
525 4458 664 4526 tandem
683 4459 861 4533 inutilibus
878 4465 1102 4556 querimoniis
1121 4467 1268 4538 modum
