2692 5024
354 676 448 727 urana
469 676 827 729 neurius—srmone
847 679 911 729 xrs.
1113 666 1172 731 lta

96 825 186 899 facili
206 827 298 898 saltn
317 826 363 898 ab
379 826 457 898 imis
478 847 594 898 rerum
620 827 667 900 ad
689 827 860 901 altissima
881 829 1170 928 conscendamus)

96 971 117 1023 a
133 947 241 1022 Gallis
254 948 449 1021 Senonibus
469 949 645 1021 incensam
665 952 850 1023 restituere
866 951 1032 1037 maiores;
1047 976 1117 1048 qua
1136 941 1172 1027 in

95 1094 135 1146 re
154 1073 288 1146 Camilli
304 1073 507 1159 auctoritas,
529 1072 677 1146 tribunis
697 1084 816 1147 contra
837 1074 1035 1160 nitentibus,
1057 1078 1171 1150 omine

95 1197 201 1270 etiarn
221 1195 340 1269 adiuta
358 1199 550 1292 prevaluit.
572 1198 679 1272 lidem
704 1199 753 1270 illi
772 1199 924 1272 maiores
948 1200 1072 1287 nostri,
1093 1211 1173 1296 post

96 1319 234 1407 Alliam,
256 1328 335 1415 post
354 1320 523 1407 Ticinum,
545 1333 625 1416 post
643 1322 816 1408 Trebiam,
834 1332 916 1418 post
932 1323 1172 1396 Trasimenum

96 1443 134 1513 in
164 1444 272 1516 aciem
305 1443 494 1529 redierunt,
529 1457 608 1538 post
639 1444 806 1518 Caudinae
832 1446 928 1542 pacis
949 1446 1173 1539 ignominiam

96 1567 367 1660 gloriosissimas
384 1567 549 1640 victorias
566 1570 766 1640 retulerunt.
785 1568 830 1639 Et
846 1569 1078 1662 poleannas,
1094 1590 1174 1661 gra-

98 1690 298 1776 vissimum,
320 1713 362 1762 ac
381 1712 481 1783 paene
506 1689 717 1763 mortiferum
743 1692 940 1787 reipublicae
961 1694 1104 1778 velnae,
1128 1713 1174 1763 ne

97 1813 144 1885 ab
159 1813 296 1905 ignavis
314 1812 452 1884 civibus
471 1811 769 1907 derelinqueretur
779 1814 886 1899 ltalia,
899 1825 1017 1887 contra
1036 1824 1175 1886 senten-

98 1934 181 2005 tiam
208 1933 336 2007 Caecilii
361 1935 503 2021 Metelli,
530 1936 667 2027 fulgens
687 1935 838 2007 Africani
859 1936 995 2027 gladius
1016 1935 1172 2007 obtinuit.

97 2056 198 2142 Quod
230 2057 297 2127 nisi
321 2056 449 2128 invicta
479 2079 560 2151 spes
585 2059 704 2143 uniuS,
731 2058 959 2151 eiusdemque
985 2057 1173 2131 admodum
1239 2093 1240 2096 ¹

98 2180 344 2266 adolescentis,
366 2182 553 2252 multorum
580 2203 702 2253 senum
728 2180 886 2252 labantes
908 2180 1082 2253 firmasset
1101 2181 1176 2253 ani-

98 2325 189 2388 mos,
203 2313 317 2376 actum
330 2313 404 2376 erat
416 2305 462 2375 de
473 2303 630 2396 imperio,
645 2303 738 2374 nulla
751 2303 853 2376 hodie
866 2304 1011 2377 Romani
1023 2302 1175 2375 nominis

98 2426 277 2512 memoria,
293 2429 386 2498 nulla
410 2428 576 2499 Romanae
592 2424 753 2520 potentiae
768 2425 919 2518 vestigia
936 2434 1173 2519 superessent.

98 2549 259 2622 Faciente
278 2550 370 2622 enirn
392 2549 445 2646 (ul
459 2550 550 2623 Flori
569 2546 724 2631 historici
750 2548 869 2621 verbis
894 2548 982 2642 utar)
1008 2547 1054 2620 de
1080 2547 1176 2622 ltalia

98 2670 250 2746 Africam
269 2672 472 2758 Hannibale,
496 2676 647 2768 prolecto
667 2694 737 2745 non
750 2670 873 2757 Latini,
894 2672 956 2745 sed
972 2670 1046 2744 cui
1063 2672 1174 2745 coloni

100 2797 233 2869 ltaliam
258 2795 487 2890 possiderent.
513 2797 558 2867 llt
583 2795 612 2868 si
637 2796 718 2890 quis
741 2797 829 2868 lorte
852 2767 1044 2868 mansisset
1069 2794 1174 2866 ltalici

100 2920 281 3012 sanguinis
296 2919 399 2992 tantis
417 2929 596 3014 superstes
610 2917 779 3002 cladibus,
792 2941 860 2989 non
873 2918 972 2990 aliter
981 2938 1086 3010 quam
1098 2915 1176 2989 dul·

100 3043 151 3114 cis
167 3064 268 3136 aquae
279 3042 413 3115 rivulus
427 3045 550 3134 pelago
561 3041 708 3124 mixtus,
720 3041 753 3110 in
768 3038 969 3134 peregrinos
988 3060 1101 3108 mores
1122 3037 1177 3107 vi-

99 3164 309 3258 ctricemque
340 3163 535 3237 barbariem
569 3162 812 3235 concessisset.
839 3161 940 3245 Quod
964 3181 1032 3231 non
1054 3182 1177 3234 sumus

100 3287 218 3379 igitur,
244 3297 279 3360 et
303 3287 398 3381 quod
423 3307 557 3373 sumne,
584 3287 754 3358 fateamur
779 3284 947 3377 ingenue,
975 3283 1051 3378 spei
1075 3283 1178 3357 bonae

100 3410 285 3482 dumtaxat
305 3410 408 3482 nnius
427 3407 578 3482 bominis
597 3408 779 3481 debemus.
796 3410 842 3480 Et
857 3407 902 3481 de
918 3407 1019 3481 nobis
1037 3408 1178 3504 quidem

102 3532 281 3607 haetenus.
303 3531 394 3617 Quid
415 3529 707 3614 Lacedaemonios,
724 3528 854 3624 quidve
871 3530 1178 3624 Carthaginienses

101 3676 302 3740 memorem,
323 3656 384 3749 qui
404 3676 544 3749 sperma
562 3676 631 3728 non
647 3652 744 3750 prins
762 3676 867 3748 quarn
884 3675 965 3725 esse
980 3651 1180 3724 desierunt?

100 3778 192 3863 Quid
206 3778 429 3870 Saguntinos,
449 3778 609 3872 quidum
628 3800 707 3850 sera
723 3800 744 3850 a
760 3775 861 3850 nobis
879 3775 1010 3848 auxilia
1027 3783 1177 3867 sperant,

101 3911 280 3974 extremas
312 3923 333 3972 a
364 3900 606 3974 crudelissimo
631 3902 731 3974 hoste
756 3898 916 3971 miserias
940 3897 1181 3991 acceperunt?

102 4024 261 4115 Longum
280 4036 336 4096 est
354 4047 417 4120 per
436 4033 559 4096 cuncta
579 4024 787 4098 discurrere.
806 4022 934 4114 ltaque,
955 4028 993 4090 nt
1011 4018 1103 4091 unde
1123 4028 1180 4090 est

102 4155 213 4230 ortus,
232 4148 300 4220 illic
321 4169 436 4219 sermo
455 4147 609 4231 desinat,
631 4145 751 4218 ulons
772 4144 907 4214 iactatae
932 4142 1032 4213 navis
1053 4160 1180 4212 ancora

103 4292 186 4364 spes
205 4280 272 4355 est,
294 4292 398 4363 qnam
419 4269 449 4340 si
469 4267 548 4362 quis
570 4268 604 4337 in
624 4265 692 4339 hoc
710 4266 901 4360 procelloso
918 4263 1005 4336 mari
1022 4263 1182 4337 laboran-

104 4393 199 4466 tibus
218 4391 419 4475 absciderit,
442 4390 537 4461 nulla
555 4397 610 4462 est
628 4386 675 4460 ad
694 4388 803 4460 vitam
828 4386 900 4473 via,
921 4388 1037 4460 nullus
1056 4386 1103 4460 ad
1126 4407 1182 4457 rs-

104 4517 223 4612 quiem
242 4525 380 4613 portus,
401 4515 517 4587 nullus
537 4511 672 4589 reditus
690 4510 738 4585 ad
758 4510 918 4584 salium
939 4509 1077 4585 lliraris
1089 4530 1183 4583 nunc
