2692 5024
395 743 487 791 111111
509 742 894 793 succubus-urrerem
918 743 937 789 1.
1167 729 1202 788 ll
1280 773 1311 797 ,.

128 899 244 968 dicum
269 892 433 965 discessit
457 913 478 961 a
503 889 625 973 nobis,
660 890 763 961 talem
797 890 851 959 sui
883 889 1032 960 nominis
1063 890 1206 961 odorem

128 1027 207 1110 post
240 1037 279 1085 se
311 1015 513 1106 relinquens
521 1052 534 1095 ,·
557 1023 595 1082 ut
621 1034 690 1083 non
721 1034 830 1104 parva
862 1011 1046 1083 dulcedine
1077 1034 1208 1083 memo

130 1139 279 1209 rantium
305 1157 432 1208 sensus
457 1144 492 1204 et
517 1133 623 1205 corda
648 1135 870 1225 permnlceat.
896 1131 943 1203 At
967 1134 1052 1217 hoo,
1075 1135 1209 1226 inquiet

129 1260 317 1353 quispiam,
345 1258 518 1339 dolemus,
545 1256 640 1348 quod
665 1254 796 1324 bonnm
827 1253 929 1327 nobis
961 1266 996 1324 et
1026 1257 1208 1347 egregium

131 1384 246 1454 virum
267 1402 360 1451 mors
378 1379 578 1471 praeripuit:
600 1380 676 1447 laus
693 1375 785 1445 enim
798 1375 1040 1447 defunctorum
1058 1378 1209 1469 quadam

130 1503 246 1577 damni
272 1502 437 1573 memoria
462 1499 623 1570 lacrimas
642 1498 845 1570 viventibus
866 1500 1014 1585 excutit,
1036 1510 1072 1571 et
1092 1502 1209 1571 incon-

132 1624 308 1696 solabilem
327 1625 494 1714 gemitum
512 1622 601 1714 parit
622 1621 856 1714 irreparabilis
875 1624 1017 1693 iactura.
1034 1623 1111 1692 Non
1131 1644 1209 1692 sum

132 1739 270 1810 nescius
296 1738 362 1808 hoc
387 1759 407 1807 1
433 1738 610 1831 plerisque
636 1738 703 1809 dici
736 1740 873 1808 solere:
905 1760 973 1829 ego
1004 1748 1147 1821 autem,
1172 1747 1211 1808 ut

133 1860 214 1930 viva
239 1882 324 1931 voce
351 1869 465 1931 tecum
490 1858 627 1930 dixisse
650 1860 820 1943 memini,
847 1860 948 1950 longe
969 1860 1071 1930 alitor
1088 1859 1212 1930 existi-

134 2002 200 2051 mo.
221 1979 399 2071 Agebatur
412 1981 457 2053 ad
478 1980 682 2074 supplicium
696 1982 855 2051 Socrates
866 1981 1102 2072 ‘iniquissimis
1119 1982 1212 2051 iudi-

134 2124 212 2173 cum
238 2093 441 2186 sententiis3
474 2123 587 2194 eoque
619 2102 734 2173 animo
765 2101 837 2172 ibat
869 2102 915 2173 ad
946 2112 1114 2185 mortem,
1141 2125 1211 2196 quo

135 2234 279 2297 steterat
306 2246 443 2317 semper
467 2225 503 2293 in
528 2225 623 2306 vita,
650 2244 776 2313 magno
802 2224 942 2314 quidem
968 2234 1004 2294 et
1029 2235 1139 2307 recto,
1176 2236 1212 2296 et

135 2346 194 2437 qui
219 2348 368 2416 fortunae
393 2346 512 2437 iugum
533 2350 622 2418 11111
643 2367 710 2416 non
731 2355 860 2435 posset.
882 2346 1002 2415 Laetus
1022 2355 1098 2415 erat
1118 2347 1211 2438 quod

137 2477 359 2562 tyrannorum
396 2468 529 2552 minas,
568 2489 657 2560 quas
688 2467 843 2538 vivendo
873 2467 1108 2560 despexerat,
1137 2489 1211 2539 mo

135 2590 255 2661 riendo
274 2589 495 2681 relinqueret.
514 2590 619 2673 Hunc,
639 2579 697 2659 tali
714 2588 909 2659 constantia
926 2598 1121 2679 porrectum
1145 2586 1210 2658 sibi

134 2733 155 2781 a
178 2708 341 2781 carnifice
366 2711 494 2780 veneni
519 2713 702 2782 vasculum
735 2710 803 2780 iam
833 2708 935 2781 labiis
966 2710 1209 2803 applicantem,

134 2835 281 2904 multum
311 2832 497 2924 dispariter
528 2832 652 2904 affecta
682 2854 774 2905 uxor
806 2833 947 2915 avertit,
980 2834 1096 2918 cuius,
1123 2835 1213 2904 inter

134 2965 260 3026 caetera
284 2956 423 3026 feminei
448 2957 617 3040 ululatus,
643 2958 899 3027 commiseratio
919 2957 987 3026 viri
1006 2965 1096 3040 1111,
1118 2956 1212 3047 quod

136 3079 165 3149 is
189 3079 304 3148 iustus
324 3086 429 3169 atque
449 3078 614 3182 innocens
636 3088 840 3150 moreretur.
859 3079 960 3161 Quod
980 3079 1037 3148 ille
1054 3077 1210 3160 audiens,

135 3209 169 3267 et
190 3219 211 3267 a
230 3207 314 3290 potu
340 3198 510 3290 tantisper
534 3200 569 3269 in
594 3222 741 3270 uxorem
762 3220 905 3281 versus,
937 3196 1025 3284 Ouid
1045 3197 1144 3289 erqo?
1168 3219 1213 3266 on

137 3329 187 3406 tn,
208 3317 335 3410 inquit,
361 3320 464 3390 totins
485 3323 643 3413 petubas,
670 3331 840 3390 nocentem
865 3331 896 3390 et
920 3322 1081 3391 iniustum
1107 3320 1214 3390 mori?

138 3442 211 3512 Hoc
228 3441 285 3512 ille
304 3441 447 3534 quidem
468 3445 661 3534 eleganter,
690 3454 728 3514 ut
753 3443 897 3536 reliqua.
919 3444 994 3533 Ego
1020 3444 1138 3537 itaque
1160 3441 1216 3536 (ut

137 3564 230 3635 unde
250 3563 484 3656 discesseram
505 3566 693 3659 revertar),
715 3587 736 3636 a
753 3566 980 3659 plurimorum
998 3563 1215 3658 opinionibus

136 3706 301 3769 11111111,
324 3686 374 3756 sic
394 3707 541 3757 censeo:
559 3687 745 3777 lugendam
762 3709 844 3758 esse
861 3689 1031 3758 malorum
1053 3693 1213 3766 mortem,

136 3826 217 3897 quae
236 3807 388 3876 animam
409 3808 511 3877 simul
532 3817 567 3878 et
586 3829 713 3902 corpus
736 3810 922 3879 interimit:
944 3814 1134 3895 contraque
1154 3803 1217 3873 bo-

136 3950 262 3998 norum
286 3930 421 4000 exitum
447 3930 574 4019 gaudio
600 3931 900 4023 prosequendum,
927 3928 1022 4020 quod
1043 3946 1104 3996 eos
1121 3925 1216 3996 Deus

137 4069 185 4117 ex
202 4047 268 4118 hac
282 4050 373 4120 valle
393 4050 614 4121 miseriarum
634 4050 905 4121 misericorditer
925 4068 1069 4130 eruens²
1091 4045 1137 4116 ad
1156 4048 1217 4115 111-

138 4170 224 4239 liora
237 4169 443 4242 traduxerit.
461 4172 534 4241 Nisi
552 4175 640 4242 forte
651 4173 768 4241 fratris
785 4171 836 4239 tui
853 4191 947 4239 mors
965 4169 1044 4239 ideo
1061 4167 1218 4237 acerbior

137 4291 308 4376 visaest,
336 4292 537 4384 quodcum
568 4294 686 4384 procul
719 4314 740 4362 a
771 4290 899 4361 finibus
931 4290 1052 4381 patriis
1077 4289 1216 4361 invasit.

137 4412 208 4483 Sed
234 4435 301 4482 non
329 4436 451 4486 sumus
477 4437 591 4508 usquc
622 4415 711 4486 adeo
736 4435 853 4484 rerum
879 4413 1013 4504 ignari:
1042 4413 1171 4484 scimus
1197 4435 1218 4484 a

138 4544 239 4625 poeta
265 4530 453 4606 verissime
476 4537 607 4609 dictum
632 4556 729 4618 esse,
756 4534 852 4627 quod
879 4534 985 4606 Omne
1009 4536 1114 4605 solnm
1138 4535 1219 4624 sorti
