2692 5024
388 721 481 772 111111
504 720 892 774 seccanae—erremus
913 724 953 774 vr.
1150 714 1205 777 111
1314 710 1319 721 ’

128 885 348 939 sevocamus.
369 862 517 948 Quodsi
536 863 612 937 lieri
626 866 782 960 coeperit,
804 866 1054 960 angustissima
1066 867 1208 960 quidem

128 1009 209 1059 area
243 985 405 1070 restabit,
441 985 501 1057 ubi
536 1007 575 1057 se
607 988 797 1060 amicorum
830 990 956 1061 caritas
983 990 1138 1063 oblectet.
1166 992 1210 1065 Ut

127 1112 218 1183 enim
244 1119 406 1194 mortem,
433 1088 472 1180 111
497 1131 691 1196 carcerem,
719 1122 757 1184 ut
782 1112 1022 1204 aegritudines,
1051 1124 1090 1185 ut
1109 1136 1210 1207 pere·

126 1233 341 1328 grinaticnes
377 1252 439 1303 seu
472 1232 690 1305 necessarias
721 1255 785 1305 seu
818 1234 1046 1317 voluntarias,
1073 1234 1209 1320 sileam3

127 1357 208 1450 quis
224 1353 444 1449 quotidianas
462 1365 599 1427 naturae
617 1357 858 1441 necessitates,
879 1378 1054 1442 somnum,
1073 1360 1208 1444 samem,

129 1477 237 1562 sitim,
271 1486 396 1560 aestus,
424 1477 575 1568 algores,
603 1476 845 1561 lassitudines;
865 1478 945 1572 quis
964 1480 1159 1552 studiorum
1175 1490 1211 1553 11

128 1599 274 1672 aliarum
287 1620 404 1670 rerum
421 1600 664 1692 occupationes
682 1601 882 1675 innumeras
900 1603 1061 1696 explicet,
1081 1603 1209 1697 quibus

127 1721 232 1793 etiam
250 1719 288 1792 in
306 1721 431 1794 eadem
451 1721 565 1806 domo,
583 1744 627 1795 ne
651 1722 763 1796 dicam
778 1723 873 1809 urbe,
900 1725 1121 1818 degentium,
1147 1748 1212 1800 nec

24 1858 26 1862 ’
128 1844 246 1914 vultus
267 1843 436 1936 aspicere,
458 1865 523 1916 nec
544 1866 683 1939 semper
702 1868 808 1918 voces
822 1847 944 1919 audire
958 1848 1212 1941 permittimur?

130 1967 180 2038 lta
199 1966 270 2039 aevi
288 1965 491 2038 brevissimi
508 1966 682 2061 reperitur
695 1968 861 2051 amicitia;
875 1991 979 2062 quam
996 1970 1212 2061 longissimae

127 2088 210 2162 vitae
222 2111 292 2161 non
304 2110 504 2182 aequaevam
516 2089 628 2176 modo,
645 2091 722 2175 sed,
737 2100 777 2162 ut
789 2090 879 2175 dixi,
895 2093 1117 2185 superstitem
1129 2114 1212 2167 esse

127 2215 301 2287 decuerat.
335 2212 421 2300 Quis
455 2224 570 2286 autem
600 2215 697 2286 locus
723 2213 759 2282 in
784 2211 933 2286 amicitia
957 2212 1212 2308 relinqueretur

126 2335 239 2430 Appio
269 2339 386 2409 caeco?
408 2347 554 2408 caeteros
580 2336 672 2408 enim
693 2335 728 2406 in
749 2336 873 2407 eadem
898 2336 1094 2408 conditione
1118 2335 1212 2430 posi-

128 2468 181 2531 tos
202 2470 309 2532 taceo.
331 2460 392 2531 llle
411 2458 496 2531 mihi
517 2458 651 2552 primus
669 2459 831 2544 occurrit,
853 2480 958 2552 quem
976 2456 1119 2529 omnino
1135 2478 1212 2530 cre-

126 2579 231 2654 dibile
254 2604 324 2654 non
349 2590 414 2667 est,
439 2580 535 2675 quod
558 2583 677 2652 oculos
699 2603 769 2652 non
800 2580 972 2666 habuerit,
995 2603 1060 2653 nec
1080 2580 1211 2653 amicos

126 2702 304 2790 habuisse,
326 2704 388 2798 qui
408 2703 588 2775 universae
608 2701 809 2797 reipublicae
833 2704 912 2776 talis
937 2702 1042 2775 luerit
1066 2702 1209 2776 amicus.

127 2824 220 2909 Quid
238 2836 294 2899 est
312 2849 398 2919 ergo
418 2827 513 2920 quod
534 2836 712 2920 tantopere
732 2829 855 2919 lugeas
876 2826 1086 2911 absentiam,
1108 2823 1212 2920 quasi

106 2949 205 3021 ·haec
225 2948 287 3020 tibi
306 2951 416 3042 possit
441 2950 626 3022 amicitiam
653 2950 848 3044 subripere,
876 2972 956 3021 cum
982 2948 1069 3019 nihil
1094 2948 1151 3019 illa
1176 2948 1213 3019 in

128 3072 194 3143 hac
216 3094 332 3166 neque
353 3072 490 3146 caeteris
520 3073 627 3145 rebus
660 3073 744 3157 tuis,
779 3073 848 3144 nisi
878 3083 1046 3164 quantum
1080 3079 1117 3140 tu
1144 3067 1211 3140 sibi

127 3195 337 3288 permiseris,
360 3196 495 3290 possit?
517 3198 692 3269 Memento
715 3196 843 3290 potius,
862 3215 998 3288 quaeso,
1019 3215 1089 3265 non
1106 3214 1212 3286 quam

128 3319 231 3412 longe
264 3319 314 3392 sis
342 3340 488 3413 corpore
518 3318 696 3414 (quamvis
727 3318 814 3412 quid
843 3317 1069 3410 longinquum
1101 3314 1213 3389 videri

126 3451 241 3532 potest
261 3441 297 3513 in
315 3441 384 3513 hac
404 3441 522 3535 puncti
548 3443 652 3514 unius
678 3441 861 3525 brevitate,
888 3441 988 3512 cuius
1013 3460 1079 3512 nos
1099 3438 1211 3512 bomi-

126 3583 192 3633 nes
205 3562 271 3635 vix
282 3563 452 3657 integram
471 3563 675 3657 particulam
690 3562 924 3659 incolimusl);
939 3561 1003 3635 sed
1015 3581 1096 3632 esse
1107 3560 1143 3630 in
1156 3568 1214 3630 tua

126 3692 315 3776 potestate,
336 3696 377 3758 ut
396 3685 512 3759 animo
525 3697 560 3758 11
576 3687 846 3780 cogitationibus
866 3706 1025 3780 praesens
1053 3682 1114 3753 sis.
1140 3682 1214 3751 Hoc

32 3784 39 3795 ’
128 3805 238 3897 igitur
274 3829 357 3893 uno,
375 3831 446 3902 quo
465 3819 580 3902 potes,
603 3809 707 3884 modo
728 3833 792 3884 nos
818 3810 943 3902 iugiter
968 3805 1097 3899 aspice:
1124 3802 1215 3874 litte-

128 3946 248 3995 rarum
268 3925 454 4001 identidem
479 3930 652 4024 frequenti
675 3930 887 4006 commercio
912 3940 947 4002 te
972 3927 1087 4021 ipsum
1113 3921 1213 3996 nobis

127 4045 285 4121 ostende.
306 4048 402 4125 Vale.
