2692 5024
404 749 496 798 rman
517 750 885 809 cesaree—nemnem
911 757 930 804 1.
1145 746 1201 810 llll

130 893 386 981 Verumtamen,
414 893 474 966 ubi
498 897 644 967 multum
658 882 858 983 erraveris,
885 911 945 970 aut
965 900 1033 971 sub
1052 900 1205 993 pondere

128 1017 219 1088 male
242 1016 339 1089 dilati
371 1017 515 1103 laboris,
547 1018 592 1090 ad
616 1020 726 1114 ipsius
761 1030 793 1093 te
824 1020 936 1095 beate
968 1024 1038 1096 viae
1070 1026 1205 1097 eulmen

127 1149 262 1232 oportet
281 1140 485 1226 ascendere,
507 1151 567 1213 aut
591 1141 627 1211 in
650 1143 867 1216 convallibus
887 1157 1108 1237 peccatorum
1128 1158 1206 1219 tuo-

128 1284 207 1333 rum
221 1283 364 1353 segnem
379 1264 618 1356 procumbere:
632 1273 668 1336 et
682 1266 711 1337 si
727 1266 832 1359 (quod
846 1266 990 1340 ominari
1003 1269 1141 1364 horreo)
1157 1270 1205 1342 ibi
1227 1258 1230 1263 ¹

128 1394 162 1455 te
179 1384 332 1458 tenebre
344 1398 382 1459 et
394 1387 517 1459 umbra
531 1387 652 1459 mortis
665 1389 874 1476 invenerint,
888 1400 1054 1463 aetemam
1069 1404 1205 1465 noctem

127 1506 164 1577 iu
185 1510 360 1602 perpetuis
380 1508 591 1581 cruciatibus
611 1530 726 1601 agere.
754 1511 835 1583 llaec
858 1512 943 1583 mibi
968 1514 1130 1606 cogitatio
1154 1515 1208 1586 in-

127 1629 294 1703 credibile
323 1631 415 1704 dicta
448 1643 504 1704 est
534 1642 702 1726 quantum
727 1634 773 1706 ad
796 1657 839 1707 ea
863 1657 945 1729 quae
971 1636 1150 1710 restabant
1172 1647 1209 1710 et

128 1754 283 1825 animum
295 1764 331 1826 et
342 1777 468 1849 corpus
485 1756 649 1828 erexerit.
669 1755 783 1851 Atque
800 1757 932 1830 utinam
949 1762 1007 1831 vel
1024 1761 1075 1832 sie
1092 1760 1208 1832 animo
1321 1832 1325 1851 ,

127 1898 292 1971 peragam
309 1876 374 1948 iter
390 1876 486 1963 illud,
505 1877 560 1949 eui
579 1877 704 1949 diebus
722 1889 758 1950 et
770 1878 930 1951 noctibus
944 1881 1091 1975 suspiro,
1108 1883 1206 1967 sieut,

128 1999 303 2095 superatis
324 1998 463 2072 tandem
484 2000 753 2086 difficultatibus,
775 2000 981 2073 hodiernum
1000 2002 1066 2074 iter
1085 2024 1208 2096 eorpo-

128 2124 199 2195 reis
233 2122 380 2218 pedibus
413 2123 544 2217 peregi.
571 2123 616 2196 At
640 2123 757 2196 neseio
781 2145 826 2195 an
851 2147 919 2196 non
945 2127 1047 2217 longe
1075 2125 1208 2197 facilius

127 2268 210 2319 esse
226 2247 363 2330 debeat,
382 2249 477 2341 quod
495 2249 686 2342 peripsum
704 2249 857 2319 animum
873 2247 997 2339 agilem
1016 2258 1052 2320 et
1068 2251 1209 2340 immor-

129 2372 241 2454 talem,
264 2370 339 2440 sine
360 2372 430 2441 ullo
446 2371 544 2443 locali
562 2380 666 2456 motu,
681 2371 716 2440 in
729 2370 797 2441 ictu
812 2370 1015 2465 trepidantis
1029 2373 1119 2443 oculi
1133 2370 1209 2443 lieri

128 2502 257 2589 potest,
278 2515 384 2586 quam
404 2494 499 2587 quod
517 2514 683 2565 successu
701 2494 874 2586 temporis,
888 2515 952 2589 per
965 2492 1162 2566 moribundi
1175 2505 1210 2567 et

128 2617 250 2690 caduci
270 2617 425 2709 eorporis
446 2616 669 2710 obsequium,
693 2639 733 2689 ac
754 2616 822 2689 sub
846 2616 946 2709 gravi
975 2615 1209 2689 membrorum

129 2744 225 2814 fasce
237 2740 427 2832 gerendum
441 2752 506 2812 est.
525 2740 629 2813 Collis
645 2750 700 2812 est
715 2740 867 2811 omnium
886 2761 1086 2835 supremuS,
1104 2761 1210 2833 quem

130 2865 312 2937 silvestres
343 2864 480 2954 filiolum
506 2874 650 2947 vocant,
678 2886 741 2936 cur
765 2864 907 2954 ignoro;
934 2862 1002 2935 nisi
1029 2863 1124 2957 quod
1148 2884 1210 2956 per

129 2986 367 3082 antiphrasim,
383 2996 422 3058 ut
434 2986 594 3080 quaedam
609 2986 676 3058 alia
688 2985 755 3059 dici
769 2987 937 3081 suspicor.
955 2985 1102 3057 Videtur
1118 2985 1210 3055 enim

130 3132 216 3183 vere
236 3121 333 3203 paler
353 3111 506 3181 omnium
527 3111 720 3180 vicinorum
741 3107 919 3179 montium.
959 3106 1052 3177 lllius
1074 3107 1108 3177 in
1129 3126 1211 3177 ver-

131 3235 198 3307 tice
211 3233 371 3329 planities
384 3255 491 3327 parva
504 3242 568 3303 est.
587 3231 658 3302 lllie
674 3232 815 3303 demum
832 3229 917 3301 fessi
933 3229 1209 3323 conquievimus.

132 3361 176 3429 Et
195 3357 359 3451 quoniam
386 3356 514 3429 audisti
538 3377 700 3450 quaenam
731 3355 952 3428 ascendentis
980 3354 1130 3448 impetus
1154 3376 1213 3427 uc-

131 3481 310 3554 oenderint
330 3502 438 3566 eurae,
460 3480 554 3567 audi,
580 3490 692 3576 pater,
714 3488 750 3550 et
771 3479 916 3571 reliqua3
937 3488 972 3549 et
991 3498 1106 3562 unam,
1133 3499 1212 3572 pre-

132 3626 201 3688 cor,
223 3604 344 3675 horam
366 3613 461 3676 tuam
483 3601 679 3695 relegendis
700 3601 803 3673 unius
824 3599 894 3674 diei
915 3600 983 3671 mei
999 3598 1134 3670 actibus
1148 3597 1212 3667 ›tri-

134 3727 214 3800 bue.
235 3728 388 3799 Primum
408 3725 562 3799 omnium
584 3725 706 3820 spiritu
725 3723 877 3818 quodam
897 3721 988 3794 aeris
1009 3719 1163 3801 insolito,
1177 3727 1214 3789 et

135 3853 331 3944 spectaculo
352 3851 511 3923 liberiore
527 3858 714 3944 permotus,
734 3847 886 3944 stupenti
904 3843 1026 3917 similis
1040 3842 1130 3914 steti.
1145 3843 1214 3912 lle-

135 3973 265 4067 spicio;
287 3973 398 4046 nubes
418 3983 517 4045 erant
542 3972 609 4044 sub
634 3971 792 4065 pedibus.
819 3971 961 4062 lamque
988 3964 1071 4036 mihi
1097 3962 1211 4033 minus

134 4096 353 4167 incredibiles
373 4098 452 4167 faeti
474 4103 556 4166 sunt
575 4093 686 4166 Athos
703 4104 739 4165 et
755 4095 931 4189 Olympus
950 4090 1034 4162 dum
1054 4085 1148 4180 quod
1167 4084 1213 4157 do

134 4219 202 4291 illis
223 4221 401 4293 audieram
422 4230 457 4290 et
476 4221 629 4308 legeram
650 4217 685 4287 in
706 4215 848 4285 minoris
870 4216 970 4285 lamae
990 4217 1106 4282 monte
1130 4227 1214 4278 eon·

136 4342 254 4436 spicio.
276 4344 395 4433 Dirige
414 4339 541 4413 dehinc
566 4339 742 4410 oculorum
769 4336 883 4408 radios
910 4335 956 4407 ad
980 4342 1095 4426 partes
1121 4327 1213 4401 ltali-

135 4485 210 4550 eas,
233 4488 303 4558 quo
323 4464 436 4556 magis
458 4460 598 4555 inclinat
613 4459 760 4532 animus.
777 4458 882 4553 Alpes
899 4457 987 4551 ipsae
1003 4455 1155 4548 rigentes
1171 4470 1214 4523 nc

135 4587 285 4673 nivosae,
307 4610 369 4680 per
385 4608 474 4681 quas
495 4587 589 4657 ierus
611 4585 667 4657 ille
682 4582 858 4677 quondam
874 4578 986 4654 hostis
1003 4574 1136 4653 romani
1151 4596 1214 4648 no-
