2692 5024
514 641 777 693 rnoumouunon.
1099 646 1161 695 XCV

141 788 178 861 lp.
211 787 238 843 9.
258 787 399 843 Pnnnao
412 785 489 843 Errs.
504 785 720 845 Gavmucsnsr.
731 819 767 831 -
780 789 900 844 Veniam
914 793 953 845 ed
967 798 1002 847 te.

280 878 352 949 Arc.
372 876 527 933 Arcesutus
541 877 576 932 ab
588 893 621 932 eo
635 877 770 950 promittit
784 896 813 934 se
824 880 1088 937 crastinoaditurum
1098 901 1162 938 eum

316 983 415 1022 nsum.

548 1134 652 1197 ttuan
676 1137 732 1200 Vll.

132 1327 174 1400 ip.
209 1326 236 1381 1.
257 1326 392 1382 Bessara
406 1325 599 1380 Souuonsssr.
609 1325 737 1381 -Inter
750 1310 920 1398 mnitifidcc.

282 1415 354 1487 nep.
373 1414 463 1486 Regni
480 1409 651 1487 Neapolitani
670 1415 855 1471 conditionem
873 1422 902 1472 et
915 1419 1082 1473 calamitates
1100 1426 1162 1491 post

317 1504 400 1575 Regis
412 1503 516 1559 caedem
529 1504 688 1576 ingruentes
701 1506 858 1577 miseratus,
869 1507 932 1562 inde
946 1508 1045 1580 pedem
1058 1509 1161 1567 reterre

316 1594 414 1651 suadet
426 1596 565 1664 amicum,
578 1595 658 1667 eique
671 1595 823 1668 hospitium
838 1596 987 1653 liberaliter
1000 1597 1096 1654 defert.

129 1685 172 1758 Ep.
208 1685 236 1740 2.
257 1686 301 1741 Au
314 1696 452 1739 nouom.
463 1712 500 1724 -
509 1682 577 1738 Noli
589 1685 710 1739 oisemo.

280 1774 353 1845 Arg.
373 1772 519 1829 ussurus
536 1772 703 1842 humilitate,
719 1773 808 1845 deque
827 1774 987 1831 admiranda
1001 1776 1161 1833 Christianae

317 1862 393 1917 Fidei
406 1861 611 1934 propagatione.

128 1953 171 2026 Ep.
207 1953 236 2009 3.
255 1953 390 2008 Soonarr.
400 1981 437 1993 -
445 1951 594 2006 Hesternoe
605 1952 707 2006 nocte.

281 2043 353 2116 alep.
372 2042 413 2097 De
431 2041 560 2096 thesauro
579 2058 663 2112 quem
681 2059 710 2096 se
729 2043 866 2097 invenisse
885 2061 934 2115 per
952 2045 1091 2099 somnium
1110 2045 1161 2099 sibi

315 2133 392 2188 risus
405 2137 463 2187 est:
478 2137 507 2186 et
518 2130 553 2185 de
566 2130 725 2185 divitiarum
739 2131 861 2202 periculo
875 2139 902 2187 et
915 2134 1055 2188 molestiis.

128 2219 173 2293 Ep.
210 2219 237 2276 4.
258 2220 382 2276 Ioumrnr
394 2219 598 2274 lmcasrnrno.
609 2217 806 2273 -Petitionis
821 2224 888 2272 tuce.

281 2309 352 2381 Arg.
373 2306 540 2364 ordinandis
554 2305 692 2362 Ciceronis
706 2307 836 2379 operibus
850 2308 956 2377 annuit,
968 2314 995 2362 et
1006 2309 1163 2380 proximum

316 2400 359 2456 sui
372 2399 492 2455 reditum
505 2397 534 2452 in
548 2396 655 2451 Italiam
670 2397 792 2452 nunciat.

128 2485 173 2560 Ep.
209 2488 236 2543 5.
256 2486 355 2545 Laio
368 2501 431 2543 suo.
442 2515 478 2527 -
487 2485 579 2540 Multa
591 2484 726 2539 sordere.

279 2575 351 2647 Arg.
372 2574 407 2629 Se
419 2572 527 2628 Italiam
541 2589 637 2627 versus
649 2573 702 2627 iter
715 2572 860 2627 facientem
875 2572 942 2645 quid
956 2571 1084 2628 Nicoleus
1093 2573 1162 2627 Lau-

316 2662 397 2718 rentii
410 2662 439 2717 in
453 2660 521 2716 urbe
535 2662 649 2733 gesserit
666 2677 721 2716 non
741 2661 799 2715 sine
818 2677 918 2732 magna
936 2660 1020 2716 animi
1033 2662 1162 2717 moestitia

318 2751 466 2806 audivisse.

129 2841 174 2916 llp.
210 2842 238 2898 o.
258 2841 394 2897 menan.
405 2868 441 2880 -
450 2838 581 2894 Summoe
594 2838 711 2909 quidem
724 2854 835 2892 rerum.

281 2930 352 3002 Arg.
372 2927 558 2984 Mediocritate
577 2931 663 2982 status
686 2926 730 2982 sui
748 2933 908 2982 contentum
930 2943 981 2982 nec
1004 2926 1111 2981 divitias
1133 2944 1162 2980 ee

317 3017 423 3074 ambire
436 3032 489 3072 nec
501 3015 629 3071 honores.

129 3107 172 3181 Ep.
209 3108 236 3164 7.
255 3107 383 3164 Nrconno
397 3106 556 3162 Launanru
570 3106 702 3160 Tarsum
716 3106 785 3160 Por.
801 3104 924 3159 11011-
933 3102 1038 3157 Fecisti
1056 3106 1158 3174 fatcor.

279 3198 351 3270 Arg.
371 3195 450 3262 Quod
473 3200 568 3251 contra
589 3210 667 3267 spem
694 3193 831 3248 bonorum
858 3192 982 3248 omnium
1004 3198 1160 3264 susceptam

315 3283 513 3358 rempublicam
525 3283 598 3339 male
610 3281 784 3337 administret
797 3280 916 3353 graviter
928 3278 1063 3351 obiurgat.

129 3376 173 3450 Ep.
210 3378 239 3434 8.
260 3376 384 3433 Iouam
397 3375 586 3430 Atratino-
594 3372 701 3427 Omnia
713 3377 819 3444 optato.

284 3467 355 3539 Arg.
377 3465 538 3520 Gratulatur
550 3462 585 3517 de
598 3461 670 3517 bono
684 3467 793 3517 eventu,

129 3551 172 3623 Ep.
208 3552 236 3609 9.
256 3553 300 3608 Ao
313 3564 450 3608 ronoruu.
462 3550 625 3622 -atpreete
636 3549 831 3621 proverbium.

282 3641 352 3714 Arp.
372 3640 423 3697 Cui
441 3639 596 3697 mustacem
614 3639 719 3696 nescias
737 3655 848 3711 operam
868 3638 1027 3711 impendere
1046 3637 1161 3692 stultum

316 3748 385 3788 esse.

130 3817 173 3892 lip.
192 3821 238 3877 10.
260 3819 381 3875 tosanru
394 3819 552 3874 Anoursno.
563 3848 598 3859 -
608 3817 726 3874 Litterae
741 3824 799 3873 tuce
809 3819 917 3888 piene.

280 3910 352 3982 Arg.
373 3908 429 3965 Cur
441 3908 471 3964 in
484 3907 600 3964 Gelliam
614 3907 780 3982 Cisalpinam
794 3908 884 3979 potius
898 3921 981 3979 mam
992 3904 1160 3959 Florentiam

317 4017 347 4056 se
360 3999 515 4056 contulerit.

129 4085 171 4160 ip.
191 4089 238 4145 11.
259 4087 594 4145 lomaniacense·
607 4088 767 4144 Credisne
777 4091 882 4156 posset.

282 4178 353 4249 Arg.
372 4176 510 4235 Francisoi
536 4175 731 4247 consanguinei
757 4174 802 4228 sui
829 4173 985 4244 proximum
1013 4173 1159 4229 adrentum

317 4283 401 4338 quam
414 4266 554 4322 laetissime
567 4266 691 4321 nunciat.

129 4350 172 4426 Ep.
192 4355 239 4411 te.
260 4354 382 4412 Ionium
395 4357 550 4412 Aneursso.
561 4387 597 4398 -
607 4356 670 4411 Heu
685 4353 756 4426 quid
770 4355 822 4408 troc
836 4358 884 4406 est.

283 4445 353 4517 Arp.
373 4444 503 4517 Deplorat
517 4449 633 4501 mortem
648 4442 784 4499 Francisci
799 4444 991 4515 consanguinei
1005 4447 1057 4502 sui.
