2692 5024
168 70 238 114 ΚΕΗ
552 68 809 111 Ι“[’.ιιι,1·ῖε;ιιὶ1κλ“υλ.

163 210 213 282 Ep.
233 210 277 265 13.
299 209 420 266 loetum
435 209 580 265 Gonuunm
594 210 758 265 Cenomani.
768 242 801 249 -
813 210 933 262 Ferrum·
950 214 1003 276 top
1016 229 1078 259 nor.

322 300 393 371 Arg.
414 298 601 377 consolatoria
613 299 649 355 ob
667 300 773 355 cuidem
789 300 1014 355 ColumnenSium
1030 302 1123 353 liunus.
1144 319 1200 371 prr-

362 395 460 445 actam.

165 476 213 549 Ep.
234 477 278 532 14.
298 477 399 534 Bnuuo
412 477 915 535 Feonesmso.-sotomseosotis.

322 567 393 639 Arg.
414 567 565 623 Amanium
578 582 652 623 eoeoa
664 583 724 622 esse
737 566 847 622 iudicia.

165 655 214 728 Ep.
232 655 277 710 15.
297 656 428 711 Lucumo
441 655 621 710 Vrcscotnrr.
631 655 780 720 -Qrolss
794 671 990 726 speraveram.

322 748 393 818 Arg.
413 745 519 800 Laudat
536 745 571 800 ob
589 744 712 800 studium
730 744 883 799 litterarum
901 745 976 816 quod
994 745 1113 801 maxiem
1128 747 1202 818 prin·

357 836 432 907 elpes
443 834 517 889 viros
532 834 629 889 deoere
642 834 825 904 demonstrat,
840 836 919 907 eique
938 835 1087 891 nonnullas
1103 836 1202 892 virida-

358 925 391 978 rii
404 924 447 979 sui
461 924 567 996 plantas
582 940 645 978 eum
659 925 780 979 carmine
793 924 885 979 mittit.

164 1013 214 1086 Ep.
234 1015 278 1069 16.
299 1015 403 1070 lscono
417 1014 613 1068 Euoneumuo.
624 1044 660 1054 -
674 1015 753 1068 Veris
767 1014 882 1070 utinam
896 1015 1039 1069 laudibus.

322 1104 394 1175 Arg.
414 1103 546 1174 Arreptss
564 1101 646 1155 hehet
663 1102 758 1157 laudes
775 1103 876 1175 quibus
893 1109 985 1159 umen
1008 1103 1155 1175 indignum
1173 1121 1202 1160 se

357 1192 519 1265 profitetur:
535 1197 563 1245 et
576 1208 626 1262 pro
639 1191 761 1246 oratione
775 1193 921 1247 Miloniana
933 1193 1049 1265 aliisque
1064 1193 1203 1250 Ciceronis

357 1282 486 1356 operibus
500 1297 583 1354 quam
599 1280 732 1335 maximas
746 1281 847 1351 gratias
860 1282 924 1352 agit.

163 1374 213 1447 Ep.
233 1374 277 1429 17.
298 1375 445 1429 Gunsnro
463 1376 649 1426 onsuuumc'o
667 1370 870 1424 Pmueus1.-
883 1371 1135 1427 Adolesoerstrlum
1153 1390 1203 1428 no·

357 1470 460 1519 stmm.
861 1474 864 1479 '

322 1554 394 1626 Arg.
415 1550 596 1608 Commendat
612 1552 638 1606 ei
658 1550 893 1607 adolescentulum
908 1568 1006 1620 suum,
1025 1558 1053 1606 et
1069 1553 1151 1624 plura
1169 1552 1202 1606 de

357 1643 450 1715 pueris
462 1646 536 1695 reete
549 1638 725 1695 instituendis
738 1644 944 1694 commemorat.

164 1732 214 1805 Ep.
235 1733 279 1788 18.
299 1733 499 1809 Lauoiuuorro
513 1732 707 1785 Pescennio.
717 1759 753 1770 -
763 1729 898 1783 Haerebat
910 1730 1032 1783 wlomo.

324 1824 396 1894 Arg.
415 1820 509 1876 llultis
522 1837 553 1875 se
565 1819 639 1874 curis
651 1818 789 1873 laborare:
804 1819 907 1874 amoris
915 1823 1008 1873 autem
1017 1816 1144 1874 flammas
1154 1834 1203 1873 nec

357 1928 516 1967 sermonum
529 1927 580 1965 nee
594 1908 748 1964 carminum
762 1907 931 1979 argumentis
944 1907 1088 1979 restingui.

583 2139 691 2202 LlBEli
711 2138 779 2201 Vlll.

164 2360 213 2433 Ep.
250 2359 277 2413 1.
298 2359 451 2414 Sreensuo
466 2355 611 2412 Couuuum
624 2370 747 2412 senione.
760 2386 795 2397 -
805 2356 869 2411 Heu
883 2357 1048 2410 musanus
1061 2373 1158 2412 sense.

322 2450 393 2521 Arg.
410 2446 572 2502 Consolatur
589 2446 623 2501 de
637 2452 725 2501 morte
740 2445 869 2518 Iohannis
881 2444 1033 2501 Cerdinslis
1047 2447 1095 2518 qui
1109 2463 1202 2519 super·

359 2543 417 2593 erat
429 2553 503 2592 unus
516 2552 549 2590 ex
562 2536 625 2592 filiis
639 2536 708 2590 eius.

164 2630 211 2701 Ep.
249 2629 275 2682 1.
296 2628 439 2682 Ouruero.
451 2655 486 2665 -
496 2623 580 2678 Nihil
593 2624 674 2678 omns·
686 2641 722 2679 err
732 2629 829 2695 porte.

322 2715 393 2785 Arg.
413 2712 492 2767 Dolet
511 2727 539 2764 se
558 2712 657 2765 Parma
675 2711 794 2766 abluisse
813 2712 842 2765 in
860 2711 978 2766 adventu
996 2711 1055 2766 sius
1078 2717 1106 2766 et
1123 2711 1202 2765 amici

356 2799 469 2854 alterius
485 2798 532 2868 qui
547 2813 562 2852 e
576 2798 663 2852 Gallia
677 2815 741 2852 eum
754 2799 840 2853 visuri
853 2804 994 2853 venerant.

164 2889 211 2961 Ep.
250 2889 276 2942 3.
298 2885 763 2957 onrnr10.-Expeetaoianeie.

320 2978 392 3049 Arg.
413 2975 448 3030 Se
462 2974 532 3028 nihil
546 2976 639 3029 minus
653 2992 737 3046 quam
752 2975 872 3030 reditum
886 2976 915 3031 in
929 2975 1031 3030 Gallias
1045 2975 1173 3046 cogitare.

163 3069 211 3141 Ep.
249 3067 275 3121 1.
296 3066 437 3122 Osrueio.
448 3094 484 3104 -
495 3063 595 3117 Omnis
609 3081 693 3119 amor
708 3065 872 3136 impations.

321 3158 391 3227 Arg.
413 3153 497 3207 Enixe
512 3154 638 3207 hortatur
652 3159 684 3208 ut
697 3171 754 3208 una
767 3171 830 3210 cum
844 3155 939 3211 amicis
952 3171 1046 3210 seeum
1059 3155 1202 3211 oontuber-

356 3245 394 3299 nii
408 3249 435 3298 et
448 3243 532 3297 totius
545 3243 606 3297 vitae
619 3244 842 3298 communionem
856 3244 926 3299 inire
940 3244 1013 3299 velit.

163 3335 211 3405 Ep.
249 3334 275 3387 5.
297 3333 435 3387 Ouuueio.
447 3329 558 3384 -lam
571 3329 719 3400 superiori
732 3331 869 3402 epistole.

321 3424 391 3493 Arp.
412 3420 591 3491 Prosequitur
605 3419 754 3489 superioris
767 3421 888 3492 epistole
901 3426 1105 3492 argumentum.

163 3514 211 3585 Ep.
248 3513 275 3567 6.
296 3513 518 3566 Bsnruoeouno
533 3523 675 3564 EREEITAE.
686 3539 722 3549 -
732 3510 813 3575 Quod
823 3511 1033 3582 professionem
1048 3515 1138 3565 tuom.

322 3602 392 3671 Arg.
413 3602 494 3655 Mittit
518 3617 613 3654 versus
636 3599 770 3671 quosdam
795 3601 923 3673 operibus
946 3600 1032 3654 sancti
1055 3599 1202 3670 Augustini

357 3688 551 3744 subiiciendos.
909 3690 912 3697 ’

164 3780 211 3851 Ep.
251 3779 276 3832 7.
299 3779 431 3833 Socerum.
443 3780 529 3833 —Mi
543 3782 645 3849 frater.

323 3870 392 3939 Arg.
412 3869 452 3922 De
473 3874 561 3923 morte
583 3869 703 3940 plurium
727 3872 893 3937 amicorum,
915 3876 942 3924 et
964 3869 999 3923 de
1019 3858 1099 3924 elade'
1118 3885 1200 3940 quam
