2692 5024
401 724 494 774 eman
514 724 904 780 susurrus-arissam
924 732 965 781 ιν.
1179 727 1219 790 99

141 870 209 939 mel
236 866 326 939 male
353 866 599 939 tractaverint?
630 868 766 941 Nullius
796 893 951 945 amorem
982 876 1095 968 magis
1120 878 1223 953 arde-

141 1010 253 1073 scere,
269 1007 374 1080 quam
392 986 468 1058 eius
486 987 545 1081 qui
563 1009 649 1082 erga
664 989 918 1064 benemeritam
936 1014 975 1066 se
993 997 1104 1087 gessit
1119 1020 1223 1093 aspe-

141 1113 238 1184 rius?
254 1110 309 1180 Au
327 1121 361 1183 te
378 1110 681 1202 magisexterruit
696 1112 849 1185 edictum
861 1114 996 1208 patriae,
1009 1139 1089 1209 quo,
1107 1120 1221 1212 poenis

140 1234 323 1320 adhibitis,
349 1244 504 1317 cavetur,
532 1257 576 1305 ne
601 1234 646 1307 de
670 1236 877 1309 revocandis
903 1239 1067 1313 exulibus
1093 1242 1223 1331 mentio

141 1359 211 1429 ulla
223 1355 284 1428 fiat
296 1356 342 1429 ad
354 1359 544 1450 populum?
560 1356 656 1445 Scire
671 1368 787 1430 autem
801 1359 921 1446 debes,
936 1365 1141 1455 populorum
1158 1386 1223 1439 vo-

142 1480 293 1550 luntates
318 1477 410 1550 sicut
434 1477 600 1568 ingressu
622 1480 811 1552 frementes
842 1491 878 1552 et
907 1484 1016 1555 varim
1046 1497 1140 1572 sunt,
1171 1485 1223 1557 sic

141 1620 333 1692 progressu
349 1598 466 1670 faciles
484 1606 520 1671 et
535 1598 716 1673 instabiles
733 1603 817 1675 iore.
839 1604 910 1677 Sed
929 1613 986 1677 est
1004 1605 1167 1700 quaedam
1186 1607 1224 1679 iu

142 1721 267 1793 animis
292 1720 507 1807 mortalium,
533 1744 640 1814 quam
663 1733 701 1796 et
725 1726 874 1798 tenuiter
899 1727 1016 1814 video,
1044 1739 1082 1813 et
1104 1728 1224 1802 verbis

79 1852 88 1864 ’
144 1843 311 1937 consequi
340 1864 493 1935 nequeo,
530 1838 750 1916 miserabilis
765 1858 802 1919 et
825 1849 965 1920 funesta
993 1849 1224 1943 perversitas,

144 1988 247 2038 aures
274 1965 533 2040 obstruentium
562 1966 736 2039 adversus
766 1971 937 2041 salutares
967 1973 1224 2043 consolatorum

143 2108 261 2174 voees,
276 2099 381 2179 atque
397 2085 561 2158 omnibus
577 2087 691 2158 modis
712 2085 748 2158 id
764 2088 957 2180 agentium,
971 2098 1011 2160 ut
1022 2089 1224 2164 miseriores

144 2211 240 2293 liant,
255 2232 346 2283 neve
362 2209 506 2303 aliquid,
523 2211 618 2304 quod
635 2210 791 2282 dolorem
803 2210 913 2282 lenire
925 2211 1047 2304 possit,
1061 2211 1223 2305 obrepat:

145 2357 214 2426 quo
239 2333 324 2405 nihil
348 2332 542 2424 excogitari
566 2342 695 2425 potest,
717 2354 763 2404 ne
781 2331 893 2405 dicam
914 2332 1113 2405 dementius
1132 2352 1224 2404 esse.

144 2457 242 2528 Nunc
260 2478 356 2541 vero,
377 2455 541 2549 quoniam
563 2455 613 2526 sic
633 2464 668 2526 te
687 2454 847 2527 affectum
868 2453 1023 2539 invenio,
1042 2464 1082 2526 ut
1097 2454 1227 2547 despo-

145 2580 312 2655 rationem
333 2578 467 2650 reditus
487 2577 537 2649 tui
557 2599 620 2670 pro
640 2575 792 2670 quadarn
814 2576 868 2672 (ut
892 2576 940 2649 ita
964 2574 1136 2671 dixerim)
1163 2597 1226 2649 vo·

145 2707 274 2799 luptate
291 2702 479 2795 suscipias,
498 2701 544 2773 ab
559 2701 617 2772 illa
629 2711 727 2794 parte
739 2724 882 2774 manum
896 2700 1082 2786 retraham,
1097 2699 1133 2772 in
1145 2721 1225 2794 qua,
1317 2751 1320 2754 -

146 2828 293 2897 multum
324 2821 544 2908 intractabili,
580 2822 833 2898 medicamenta
856 2824 905 2895 nil
930 2827 1098 2898 relevant.
1134 2822 1228 2908 Quid

147 2958 262 3019 autem
278 2944 452 3039 prohibet,
471 2944 608 3018 illorum
624 2968 722 3019 more
741 2945 802 3041 qui
823 2968 893 3018 uno
913 2958 974 3019 aut
993 2947 1103 3019 altero
1119 2965 1229 3015 mem-

147 3069 212 3142 bro
227 3067 371 3161 perdito,
388 3090 434 3140 ne
450 3089 514 3161 per
526 3067 699 3162 reliquum
719 3092 848 3163 corpus
860 3068 1000 3140 iniectae
1017 3066 1125 3160 partis
1146 3085 1230 3135 oon-

149 3189 242 3283 tagia
251 3187 456 3273 dilabantur,
470 3188 631 3284 proxima
641 3187 905 3272 circumliniunt,
919 3186 1076 3259 vulneris
1089 3205 1230 3279 quoque

148 3313 197 3386 tui
213 3334 294 3386 oras
310 3312 458 3399 ambire,
480 3323 529 3398 et,
552 3335 597 3385 ne
616 3312 652 3384 in
673 3322 783 3385 totum
803 3311 959 3385 animum
978 3310 1078 3384 dolor
1099 3317 1228 3402 serpat,

148 3433 352 3528 conquisitis
369 3455 477 3527 prope
492 3433 653 3507 lomentis
670 3404 876 3508 occurrere?
892 3432 984 3519 Noli,
1002 3451 1138 3527 quaeso,
1162 3439 1233 3501 tre·

148 3556 285 3650 pidare:
303 3576 374 3628 non
389 3554 471 3627 illuc
486 3555 616 3648 digitos
634 3556 779 3630 inieram
792 3556 853 3629 ubi
866 3566 904 3629 tu
916 3558 1034 3629 forsan
1050 3561 1231 3646 expectas:

149 3679 234 3751 nibil
253 3688 377 3752 contra
395 3678 593 3773 opinionem
613 3692 708 3752 tuam
728 3679 834 3753 hodie
853 3678 1010 3752 dicturus
1031 3696 1122 3747 sum.
1144 3671 1232 3744 illud

151 3801 275 3893 potius,
310 3820 365 3887 ne,
400 3823 480 3873 cum
514 3800 620 3873 unius
653 3801 704 3874 rei
733 3799 992 3894 desperatione,
1027 3803 1233 3867 caetcrarum

152 3922 307 3994 omnium
325 3923 499 3997 subeunte
515 3922 669 4010 fastidio,
688 3925 794 3997 totius
811 3922 896 3994 vitae
916 3931 987 3992 tuae
1003 3912 1233 4008 tranquillitas

152 4053 283 4137 pereat,
297 4046 425 4130 enitor3
439 4045 579 4139 quando
592 4045 640 4118 ita
652 4046 723 4131 vis,
737 4054 777 4117 ut
788 4038 1069 4134 redintegrandae
1085 4035 1146 4109 tibi
1160 4034 1236 4129 spei

152 4168 246 4239 nulla
269 4167 355 4239 mihi
377 4189 460 4262 spes
482 4167 644 4262 supersit.
666 4166 776 4258 Finge
794 4165 910 4258 itaque
929 4161 966 4231 in
986 4156 1091 4232 exilio
1112 4155 1237 4228 viven-

151 4286 236 4362 dum
252 4289 322 4376 tibi,
341 4290 377 4363 in
393 4290 500 4365 exilio
513 4288 743 4363 moriendum.
757 4287 882 4372 Habea,
898 4282 1013 4367 credo,
1027 4281 1122 4376 quod
1133 4278 1234 4375 petis,

152 4421 204 4497 ut,
222 4434 280 4485 me
296 4414 449 4500 favente,
465 4412 615 4487 reditum
627 4410 664 4483 in
676 4409 823 4506 patriam
837 4408 1026 4501 desperare
1046 4403 1108 4478 tibi
1125 4403 1235 4477 liceat.

152 4534 300 4624 Verum,
317 4528 583 4614 accumulatius
599 4556 676 4613 mos
696 4544 839 4627 geratur
858 4528 1059 4635 aegritudini
1079 4539 1164 4613 tua,
1184 4524 1239 4597 in-
