2692 5024
363 703 457 754 nmnn
478 703 871 758 securius-semrom
891 709 922 758 x.
1134 697 1193 761 lte

74 891 77 896 -
107 847 301 919 clarissime
327 848 397 932 vir,
419 869 529 919 unum
549 849 594 920 de
620 858 655 921 te
687 849 791 922 bonae
816 850 891 944 spei
914 851 1042 945 pignus
1067 851 1190 927 habeo.

106 969 244 1042 Videris
264 969 349 1040 mihi
375 970 448 1043 vim
479 970 566 1065 pati,
587 980 636 1057 et,
658 973 720 1066 qui
749 975 931 1067 proximus
965 974 1011 1047 ad
1044 978 1191 1048 salutem

106 1094 239 1187 gradus
255 1102 324 1179 est,
341 1103 468 1179 statum
483 1104 554 1165 tuae
566 1093 693 1167 mentis
713 1117 915 1187 agnoscere.
936 1097 1076 1171 Videris
1095 1098 1190 1184 milri,

105 1215 341 1308 indignatione
366 1215 565 1309 magnilica,
585 1219 832 1314 cumprimum
860 1241 900 1292 se
925 1221 1070 1294 facultas
1091 1221 1193 1293 obtu-

106 1337 198 1422 lerit,
220 1359 269 1409 ex
289 1337 345 1409 his
365 1337 594 1431 compedibus
614 1360 800 1412 evasurus.
821 1340 918 1412 Vale.

248 1481 292 1537 Ad
306 1482 410 1538 iontem
424 1483 544 1554 Sorgiae,
560 1482 621 1538 Kal.
638 1483 711 1538 Maii,

613 1684 692 1696 *-

527 1884 703 1951 EPISTOLA
728 1886 773 1950 XI.

221 2079 417 2131 susoctscus
435 2079 603 2131 assalitus
621 2080 760 2132 subatro
778 2081 936 2133 COLUHNAE
953 2084 980 2134 S.
998 2085 1026 2135 Ρ.
1044 2084 1074 2134 D·
1149 2078 1151 2083 ⁴

464 2247 565 2303 Secum
578 2251 717 2301 coenatum
730 2246 835 2302 invitat.

207 2445 263 2519 Ad
282 2469 419 2520 coenam
440 2455 647 2542 expectatus
668 2447 803 2530 venieS,
825 2466 1029 2540 memorque
1047 2466 1116 2517 non
1138 2445 1195 2517 hic

110 2568 380 2665 Cupedinarium
393 2572 506 2642 forum
519 2592 610 2642 esse.
624 2572 801 2643 Poetioum
815 2569 876 2641 tibi
887 2569 1089 2644 convivium
1102 2590 1195 2662 prae-

110 2704 164 2766 sto
188 2703 266 2765 est:
291 2693 439 2787 ideoque
464 2716 533 2764 non
558 2693 733 2766 luvenalis
758 2703 819 2768 aut
842 2693 968 2781 Flacci,
1002 2691 1066 2768 sed
1090 2693 1194 2785 quale

112 2837 133 2886 a
154 2814 296 2907 Virgilio
315 2817 490 2911 pastorale
510 2815 739 2889 describitur:

749 3005 832 3069 llitia
847 3022 953 3087 poma,

311 3104 464 3171 castaneae
480 3106 601 3184 molles,
620 3113 651 3170 et
670 3108 768 3188 pressi
783 3107 869 3187 copia
885 3105 978 3170 lactis.

110 3310 247 3382 Caetera
268 3308 431 3392 duriora3
452 3307 703 3381 inelaboratum
729 3330 771 3380 ao
795 3308 947 3401 rigidum
966 3328 1106 3402 panem,
1125 3306 1197 3379 ior-

111 3433 236 3505 tuitum
249 3434 417 3528 leporem,
437 3443 498 3504 aut
514 3432 733 3528 peregrinam
752 3452 876 3524 gruem
890 3456 898 3515 ;
912 3428 1017 3524 idque
1028 3451 1193 3525 perraro3

110 3566 146 3628 et
157 3558 283 3629 callum
296 3555 455 3627 fortassis
468 3555 543 3650 apri
556 3554 761 3629 rancidioris
774 3554 945 3627 invenies,
959 3553 1050 3639 Quid
1063 3554 1197 3623 multa‘l

110 3700 226 3772 neque
258 3679 412 3749 locorum
443 3701 507 3750 nec
536 3679 652 3751 victus
683 3679 856 3773 asperitas
888 3680 1006 3771 ignota
1035 3684 1091 3746 est
1122 3671 1193 3744 tibi.
1323 3731 1328 3739 .

111 3799 234 3891 ltaque
268 3819 338 3871 non
367 3800 516 3895 pedibus
546 3810 695 3888 tantum,
728 3803 806 3888 sed,
829 3811 868 3872 ut
886 3802 996 3870 facete
1020 3794 1197 3890 plautinus

111 3921 292 3995 Parasitus
315 3922 386 4008 ait,
419 3923 582 3996 calceatis
607 3925 771 3999 dentibus
803 3934 843 3996 ut
867 3922 989 3995 venias
1015 3916 1194 3990 admoneo.

113 4047 208 4121 Vale.

254 4194 299 4251 Ad
312 4194 418 4255 ionum
432 4193 551 4266 Sergia,
566 4191 661 4248 ldibus
675 4189 819 4248 Ianuariis.
