2692 5024
446 380 454 396 1

363 682 455 731 utura
477 683 599 732 antuus.
614 657 814 732 -rrrsroun
837 685 899 732 uu.
1130 677 1166 737 ot

95 832 198 901 lretus
221 828 310 897 alter
329 825 531 898 libidinosos
546 838 729 914 aetrnum,
749 827 998 921 brutorumque
1014 831 1169 903 animan-

93 952 175 1024 tium
192 948 353 1021 moribus
370 948 573 1034 simillimos,
590 952 675 1021 alter
688 959 844 1041 agrestes
865 959 899 1019 et
919 950 1026 1021 duros
1041 951 1076 1021 in
1091 955 1169 1024 saxi

92 1073 250 1156 modum,
267 1081 371 1163 atque
384 1070 617 1142 intractabiles
636 1072 779 1157 animos
796 1072 841 1142 ad
854 1073 1166 1160 mansuetudinem,

91 1205 126 1267 et
142 1193 302 1267 omnium
322 1214 439 1264 rerum
460 1192 657 1286 patientiam
684 1194 836 1264 creditur
862 1194 1048 1265 animasse.
1070 1193 1169 1267 Adde

93 1319 187 1411 quod
197 1317 267 1387 boc
280 1314 395 1385 studio
408 1315 525 1385 multis
544 1314 578 1383 in
596 1315 784 1405 longinqua
802 1315 944 1407 regione
961 1316 1167 1408 degentibus

94 1438 259 1532 prodesse
279 1436 520 1528 permittimur.
542 1433 598 1507 Ad
616 1457 704 1528 quos
731 1437 841 1508 nostri
868 1437 966 1531 oopia
989 1447 1025 1508 et
1049 1440 1170 1510 oonvi-

94 1568 169 1630 etus
182 1579 362 1650 nunquam
375 1559 462 1629 lorte
477 1567 646 1629 venturus
664 1567 734 1654 est,
754 1580 869 1628 sermo
887 1559 1075 1652 perveniet.
1095 1562 1168 1631 lam

97 1703 176 1753 vero
194 1690 364 1774 quamum
389 1679 538 1772 posteris
564 1680 722 1751 collaturi
749 1679 873 1765 simus,
896 1684 1023 1775 optime
1048 1683 1169 1754 mette

94 1821 183 1885 mur,
203 1800 234 1871 si
252 1811 422 1892 quantum
441 1800 541 1873 nobis
559 1802 766 1874 contulerint
782 1802 952 1872 maiorum
970 1814 1167 1875 nostrorum

96 1920 234 1994 inventa
259 1923 529 1994 meminerimus.
556 1924 625 1995 Sed
649 1923 706 1994 hic
731 1944 855 1994 rursus
882 1944 1060 1993 occurres:
1082 1924 1167 2015 quid

94 2043 183 2112 enim
202 2051 259 2113 est
277 2065 366 2137 opus
386 2045 533 2138 amplius
553 2043 743 2127 elaborare,
760 2045 790 2114 si
803 2044 930 2128 omnia,
943 2064 1023 2136 quae
1041 2043 1085 2115 ad
1103 2043 1170 2114 uti-

95 2166 203 2236 litates
235 2165 413 2237 bominum
448 2175 613 2258 spectant,
636 2166 703 2237 iam
725 2177 804 2236 ante
835 2167 927 2236 mille
952 2189 1060 2237 annos
1100 2178 1168 2237 tam

98 2285 213 2356 multis
245 2286 479 2358 voluminibus
510 2288 588 2359 stilo
617 2308 762 2381 prorsus
791 2286 954 2369 mirabili,
980 2297 1016 2356 et
1040 2287 1169 2358 divinis

96 2405 241 2499 ingeniis
274 2406 402 2500 scripta
428 2410 589 2479 manent?
612 2409 720 2493 Pone,
742 2429 880 2501 quaeso,
902 2409 992 2480 hane
1019 2408 1168 2479 solicitu-

96 2529 226 2610 dinem;
247 2550 425 2620 nunquam
447 2540 479 2600 te
499 2552 556 2601 res
577 2530 644 2601 ista
670 2530 785 2601 trahat
810 2531 854 2602 ad
881 2531 1049 2601 inertiam.
1071 2533 1169 2601 Hunc

94 2651 184 2721 enim
219 2660 348 2721 metum
375 2664 410 2722 et
439 2652 581 2743 quidam
614 2674 660 2724 ex
685 2652 864 2725 veteribus
890 2654 991 2724 nobis
1018 2653 1171 2725 abstule-

96 2783 187 2856 runt,
214 2783 250 2843 et
281 2795 348 2865 ego
380 2783 461 2866 post
486 2796 541 2843 me
568 2775 722 2845 venturis
748 2777 877 2846 aufero.
904 2778 1029 2848 Decem
1056 2775 1170 2848 adbuc

96 2898 238 2969 redeant
263 2918 434 2968 annorum
459 2897 581 2981 millia3
604 2899 733 2969 saecula
759 2899 896 2969 saeoulis
922 2887 1167 2989 aggregentur,

95 3041 269 3111 nunquam
293 3018 376 3090 satis
397 3018 595 3092 laudabitur
615 3021 743 3100 virtus3
761 3040 936 3110 nunquam
956 3017 1000 3088 ad
1018 3039 1168 3087 amorem

16 3148 19 3158 '
94 3140 167 3226 Dei,
183 3141 227 3213 ad
239 3141 357 3214 odium
371 3144 584 3234 voluptatum
603 3151 777 3234 praeoepta
794 3138 979 3221 sufficient;
992 3160 1170 3230 nunquam

95 3263 204 3335 acutis
225 3262 373 3356 ingeniis
391 3263 457 3345 iter
472 3262 671 3334 obstruetur
688 3262 734 3333 ad
750 3282 922 3332 novarum
940 3282 1056 3334 rerum
1073 3260 1171 3333 inda-

95 3385 221 3476 ginem.
242 3385 337 3456 Bono
358 3385 463 3476 igitur
482 3383 598 3457 animo
619 3385 745 3455 simus:
767 3407 837 3456 non
856 3383 1055 3457 laboramus
1072 3383 1108 3453 in
1125 3383 1171 3453 ir-

95 3507 210 3576 ritum.
231 3505 306 3578 Non
326 3509 454 3579 trustra
475 3506 692 3591 laborabunt,
716 3506 775 3600 qui
795 3516 875 3599 post
899 3510 1027 3578 multas
1048 3514 1170 3575 aetates

95 3625 163 3696 sub
183 3624 287 3698 tinem
305 3629 425 3699 mundi
443 3627 657 3700 senescentis
676 3629 845 3702 orientur:
863 3630 979 3721 potius
998 3622 1082 3695 illud
1099 3643 1172 3691 me-

94 3749 259 3820 tuendum
285 3760 353 3834 est,
380 3751 546 3843 ueprius
572 3752 729 3824 homines
758 3774 839 3823 esse
863 3751 1037 3830 desinant,
1063 3766 1169 3836 quam

95 3869 140 3938 ad
160 3869 315 3941 intimum
342 3873 499 3944 veritatis
525 3894 690 3944 arcanum
717 3873 947 3964 humanorum
975 3863 1169 3935 studiorum

94 4011 179 4062 eura
197 3995 400 4089 perruperit.
418 3995 609 4081 Postremo,
627 3996 657 4067 si
670 4004 875 4065 eaeterorum
893 3988 1071 4060 hominum
1088 3984 1172 4054 oba-

94 4111 176 4185 ritas
196 4117 291 4189 nulla
311 4137 374 4187 nos
395 4124 547 4209 cogeret,
569 4118 736 4211 optimum
758 4124 887 4195 tamen,
908 4120 943 4181 et
962 4106 1063 4179 nobis
1084 4105 1169 4199 ipsis

93 4236 408 4309 fructuosissimum
430 4239 629 4322 arbitrarer,
651 4234 857 4326 eloquentiae
879 4230 1033 4303 studium
1050 4250 1118 4301 non
1135 4230 1170 4300 in

92 4359 221 4431 ultimis
243 4358 383 4432 hahere.
404 4363 454 4433 De
475 4383 513 4433 se
534 4358 590 4430 alii
612 4356 777 4429 viderint:
796 4355 840 4428 de
857 4376 913 4426 me
933 4362 1059 4437 autem,
1086 4351 1171 4446 quid

92 4493 289 4554 mereantur
321 4481 356 4549 in
390 4482 573 4556 solitudine
598 4478 761 4574 quaedam
787 4500 891 4550 voees
918 4476 1104 4550 familiares
1131 4493 1171 4543 ae
