2692 5024
390 643 483 693 tuna
505 643 873 703 enarras-arumna
894 646 945 693 ιιι.
1144 631 1200 695 241

127 788 243 861 Habes
265 786 405 881 quibus,
423 789 491 860 nisi
512 791 625 875 fallor,
647 800 683 861 et
709 788 921 884 respondere
946 789 1050 876 velis,
1072 801 1108 864 et
1133 799 1204 864 tam

128 910 300 996 breviter,
329 921 366 984 ut
389 911 554 1005 putabas,
575 934 644 984 non
665 912 801 1007 possis;
835 934 943 985 unum
967 912 1145 1000 adderem,
1173 916 1204 988 si

128 1030 305 1105 bonafide
330 1035 467 1105 veniam
493 1035 612 1120 dares,
635 1035 730 1128 quod
749 1034 843 1119 clim,
864 1034 1001 1107 durnin
1020 1037 1204 1109 Vasconiae

127 1156 286 1251 partibus
305 1156 508 1230 adolescens
531 1178 688 1250 agerem,
710 1160 908 1231 verecunde
933 1159 1092 1253 quidem,
1110 1168 1150 1231 ut
1166 1160 1206 1230 il-

127 1282 198 1351 lam
215 1289 355 1351 aetatem
375 1279 506 1364 decuit,
530 1280 591 1351 tibi
609 1281 793 1374 scripsisse
809 1284 934 1367 recolo,
955 1305 1032 1355 eum
1053 1283 1207 1375 vulgari-

127 1400 197 1475 bus
219 1402 355 1496 scriptis
375 1404 444 1475 tuis
463 1404 669 1489 offenderer,
692 1426 774 1499 quae
794 1406 841 1478 ad
859 1427 953 1491 eum,
979 1406 1079 1477 cuius
1099 1426 1207 1501 supra

129 1510 283 1610 memini,
302 1525 466 1597 Iacobum
486 1528 536 1598 De
554 1526 721 1599 Columna
736 1527 910 1601 interdum
935 1550 979 1601 ea
1003 1536 1208 1621 tempestate

130 1647 308 1732 mittebas,
334 1647 434 1719 cuius
451 1669 507 1719 me
524 1668 622 1719 amor
642 1650 731 1722 sicut
749 1650 785 1721 in
809 1673 871 1724 eas
895 1662 1005 1725 terras
1032 1659 1205 1736 traxerat,

130 1771 182 1843 sic
206 1770 242 1842 in
267 1770 475 1864 AEthiopiam
508 1771 685 1846 traxisset.
711 1773 781 1846 Sed
801 1785 882 1846 tunc
901 1794 1000 1868 paene
1019 1775 1205 1869 pueriliter,

131 1895 249 1988 utqui
268 1895 332 1965 vix
355 1893 439 1966 dum
464 1897 586 1967 lerulae
611 1918 751 1968 manum
783 1897 1041 1970 subduxeram:
1068 1907 1207 1991 tempus

130 2025 188 2090 est
211 2017 337 2090 utiam
358 2017 468 2090 virilis
497 2017 606 2089 oratic
631 2040 709 2090 mea
735 2018 801 2089 sit:
826 2017 873 2090 ita
899 2028 1030 2103 tamen,
1054 2027 1093 2089 ut
1115 2016 1205 2104 dixi,

131 2142 163 2213 si
182 2154 220 2214 tn
239 2140 377 2212 veniam
395 2139 547 2212 dederis.
568 2140 660 2225 Quid
679 2140 759 2211 ais‘l
783 2139 901 2226 Rides,
923 2150 1016 2233 puto.
1033 2141 1128 2211 Bene
1144 2139 1208 2211 ba·

130 2265 203 2349 bet,
225 2265 364 2336 veniam
387 2263 544 2335 tribuisti.
579 2260 670 2334 Audi
702 2284 804 2356 crgo,
832 2273 943 2357 pater,
975 2276 1011 2336 et
1042 2263 1138 2349 vide,
1172 2273 1209 2335 et

131 2387 255 2460 inclina
279 2409 397 2458 aurem
420 2398 528 2468 tuam,
556 2407 671 2480 nequa
696 2395 843 2458 externa
867 2385 962 2459 auris
987 2386 1206 2471 interveniat;

132 2508 193 2581 tibi
213 2509 306 2581 enim
328 2509 465 2601 loquor,
487 2516 523 2578 et
543 2516 577 2579 te
601 2529 718 2580 rerum
744 2517 881 2582 tuarum
905 2507 1054 2582 iudicem
1077 2517 1203 2593 statuo,

131 2654 211 2726 quae
231 2653 397 2705 accusare
423 2631 558 2717 videor,
590 2632 665 2704 aliis
694 2631 952 2717 accusantibus,
979 2632 1206 2717 delensnruS,

133 2778 199 2827 nec
219 2766 334 2828 tamen
355 2756 512 2848 ignarus,
534 2756 636 2827 nimis
662 2756 927 2830 acrimonicsam
947 2766 983 2829 et
1002 2755 1206 2829 insolentem

134 2879 194 2951 filii
220 2878 264 2953 ad
287 2888 421 2973 patrem
451 2879 631 2972 epistolam
660 2880 957 2974 reprehensoriam
983 2879 1103 2951 videri.
1138 2877 1209 2951 Sed

135 3025 231 3076 amor
255 3002 436 3074 audaciam
457 3014 612 3074 excuset.
635 3004 685 3075 lta
701 3004 793 3074 enirn
811 3003 894 3074 mihi
916 3005 1047 3074 clarum
1066 3022 1206 3087 nomen,

133 3147 202 3198 non
239 3123 415 3222 popularis
439 3145 536 3195 aurae
556 3123 734 3215 suffragio,
762 3125 826 3197 sed
858 3124 985 3195 virtute
1015 3122 1206 3215 contingat,

134 3258 173 3318 ut
192 3246 238 3319 ab
253 3248 393 3319 ineunte
413 3254 518 3319 aetate
536 3244 723 3337 singularis
740 3243 901 3338 quaedam
922 3244 1006 3315 mihi
1027 3244 1077 3317 tui
1096 3244 1209 3318 nomi·

132 3371 187 3443 nis
200 3393 284 3442 cura
298 3371 372 3442 luit.
399 3372 480 3442 Haec
501 3390 556 3440 me
573 3367 665 3460 loqui
682 3368 789 3461 cogit,
811 3390 869 3453 ne,
893 3368 923 3439 si
941 3390 1007 3462 ego
1027 3370 1206 3453 tacuerim,

133 3494 225 3566 idem
242 3494 288 3565 ab
305 3492 381 3566 aliis
399 3493 536 3578 audias,
555 3495 611 3564 vel
631 3492 746 3587 (quod
763 3493 986 3565 metuendum
1004 3493 1117 3585 magis
1132 3491 1207 3585 est)

133 3618 236 3690 tacitc
257 3617 383 3689 iudicio
408 3617 587 3702 lacereris,
610 3626 646 3687 et
664 3615 805 3710 quidam
824 3616 933 3710 iniqui
953 3639 1069 3688 rerum
1090 3615 1209 3687 arbitri

134 3741 386 3836 amplissimum
406 3740 584 3832 ingenium
606 3748 703 3810 tuum
724 3761 770 3811 ex
788 3738 856 3825 his,
877 3736 1005 3832 quibus
1029 3738 1153 3809 ludens
1174 3748 1208 3810 te

134 3863 293 3950 includis,
315 3865 509 3958 peregrinae
529 3862 701 3936 facultatis
718 3860 891 3956 angustiis
908 3861 1104 3932 metiantur.
1125 3856 1209 3930 dni-

134 3985 306 4058 madverti
325 3987 433 4073 enim,
455 3996 488 4057 te
509 3986 543 4056 in
565 3985 701 4082 scriptis
720 3985 788 4058 tuis
804 3984 897 4058 omni
915 3982 1030 4055 studio
1047 3994 1085 4053 ut
1104 4004 1209 4077 appa-

134 4132 212 4182 reas
232 4111 305 4182 niti.
326 4111 412 4182 Hinc
432 4111 487 4182 ille
509 4109 690 4182 discursus
714 4131 776 4203 per
809 4107 926 4199 ignota
950 4105 1139 4191 volumina,
1170 4117 1210 4178 ut

133 4256 181 4306 ex
201 4234 348 4328 singulis
381 4233 510 4327 aliquid
542 4232 734 4326 decerpens
765 4229 871 4302 rebus
909 4229 977 4300 tuis
1008 4228 1207 4303 interseras.

132 4359 305 4431 Plaudnnt
330 4357 392 4428 tibi
412 4356 582 4453 discipuli,
601 4365 637 4426 et
661 4353 866 4426 omniscium
885 4363 1025 4439 vocant,
1051 4352 1209 4425 innume·

133 4480 293 4555 rabilium
322 4490 502 4553 auctorum
526 4478 723 4554 nominibus
747 4477 899 4565 attoniti;
930 4476 1032 4571 quasi
1055 4476 1206 4563 omnium

286 4614 302 4652 1.
1052 4599 1083 4650 ta
