<?xml version="1.0" encoding="UTF-8"?>
<!DOCTYPE html PUBLIC "-//W3C//DTD XHTML 1.0 Transitional//EN"
    "http://www.w3.org/TR/xhtml1/DTD/xhtml1-transitional.dtd">
<html xmlns="http://www.w3.org/1999/xhtml" xml:lang="en" lang="en">
 <head>
  <title>
</title>
<meta http-equiv="Content-Type" content="text/html;charset=utf-8" />
  <meta name='ocr-system' content='tesseract 3.04.00' />
  <meta name='ocr-capabilities' content='ocr_page ocr_carea ocr_par ocr_line ocrx_word'/>
</head>
<body>
  <div class='ocr_page' id='page_1' title='image "./epistolaederebu00fracgoog_0249.png"; bbox 0 0 2692 5024; ppageno 0'>
   <div class='ocr_carea' id='block_1_1' title="bbox 171 646 915 709">
    <p class='ocr_par' dir='ltr' id='par_1_1' title="bbox 171 646 915 709">
     <span class='ocr_line' id='line_1_1' title="bbox 171 646 915 709; baseline -0.008 0"><span class='ocrx_word' id='word_1_1' title='bbox 171 646 211 709; x_wconf 82' lang='grc'><strong>86</strong></span> <span class='ocrx_word' id='word_1_2' title='bbox 511 653 672 705; x_wconf 76' lang='lat' dir='ltr'><strong>museus</strong></span> <span class='ocrx_word' id='word_1_3' title='bbox 692 652 915 703; x_wconf 72' lang='lat' dir='ltr'><strong>susurremus</strong></span> 
     </span>
    </p>
   </div>
   <div class='ocr_carea' id='block_1_2' title="bbox 169 798 1252 4315">
    <p class='ocr_par' dir='ltr' id='par_1_2' title="bbox 169 798 1252 4315">
     <span class='ocr_line' id='line_1_2' title="bbox 171 798 1250 895; baseline 0.003 -22"><span class='ocrx_word' id='word_1_4' title='bbox 171 803 223 895; x_wconf 79' lang='lat' dir='ltr'><strong>git</strong></span> <span class='ocrx_word' id='word_1_5' title='bbox 241 804 390 875; x_wconf 81' lang='lat' dir='ltr'><strong>tolerare</strong></span> <span class='ocrx_word' id='word_1_6' title='bbox 406 806 477 871; x_wconf 82' lang='lat' dir='ltr'><strong>tom</strong></span> <span class='ocrx_word' id='word_1_7' title='bbox 502 798 649 871; x_wconf 87' lang='lat' dir='ltr'><strong>fortiter:</strong></span> <span class='ocrx_word' id='word_1_8' title='bbox 674 800 802 871; x_wconf 82' lang='lat' dir='ltr'><strong>loetum</strong></span> <span class='ocrx_word' id='word_1_9' title='bbox 826 818 954 890; x_wconf 83' lang='lat' dir='ltr'>nempe</span> <span class='ocrx_word' id='word_1_10' title='bbox 971 798 1050 869; x_wconf 90' lang='lat' dir='ltr'><strong>eius</strong></span> <span class='ocrx_word' id='word_1_11' title='bbox 1069 820 1112 871; x_wconf 84' lang='lat' dir='ltr'><strong>ec</strong></span> <span class='ocrx_word' id='word_1_12' title='bbox 1131 800 1250 889; x_wconf 78' lang='lat' dir='ltr'><strong>verbu,</strong></span> 
     </span>
     <span class='ocr_line' id='line_1_3' title="bbox 171 919 1249 1016; baseline 0 -19"><span class='ocrx_word' id='word_1_13' title='bbox 171 922 328 997; x_wconf 80' lang='lat' dir='ltr'><strong>accensis</strong></span> <span class='ocrx_word' id='word_1_14' title='bbox 347 920 488 1011; x_wconf 77' lang='lat' dir='ltr'><strong>animis,</strong></span> <span class='ocrx_word' id='word_1_15' title='bbox 514 919 694 1015; x_wconf 71' lang='lat' dir='ltr'><strong>egregium</strong></span> <span class='ocrx_word' id='word_1_16' title='bbox 713 919 773 993; x_wconf 92' lang='lat' dir='ltr'><strong>illo</strong></span> <span class='ocrx_word' id='word_1_17' title='bbox 791 919 851 993; x_wconf 89' lang='lat' dir='ltr'><strong>die</strong></span> <span class='ocrx_word' id='word_1_18' title='bbox 870 919 1051 993; x_wconf 82' lang='lat' dir='ltr'><strong>victoriam</strong></span> <span class='ocrx_word' id='word_1_19' title='bbox 1067 943 1249 1016; x_wconf 82' lang='lat' dir='ltr'><strong>peponem.</strong></span> 
     </span>
     <span class='ocr_line' id='line_1_4' title="bbox 171 1040 1251 1140; baseline 0.004 -23"><span class='ocrx_word' id='word_1_20' title='bbox 171 1045 244 1119; x_wconf 87' lang='lat' dir='ltr'><strong>Nec</strong></span> <span class='ocrx_word' id='word_1_21' title='bbox 263 1043 378 1117; x_wconf 89' lang='lat' dir='ltr'><strong>minus</strong></span> <span class='ocrx_word' id='word_1_22' title='bbox 397 1044 476 1119; x_wconf 90' lang='lat' dir='ltr'><strong>ideo</strong></span> <span class='ocrx_word' id='word_1_23' title='bbox 495 1044 575 1140; x_wconf 87' lang='lat' dir='ltr'><strong>pins</strong></span> <span class='ocrx_word' id='word_1_24' title='bbox 596 1052 653 1117; x_wconf 86' lang='lat' dir='ltr'><strong>est</strong></span> <span class='ocrx_word' id='word_1_25' title='bbox 676 1040 833 1127; x_wconf 74' lang='lat' dir='ltr'><strong>imitus,</strong></span> <span class='ocrx_word' id='word_1_26' title='bbox 858 1064 965 1135; x_wconf 83' lang='lat' dir='ltr'><strong>quom</strong></span> <span class='ocrx_word' id='word_1_27' title='bbox 991 1041 1022 1114; x_wconf 88' lang='lat' dir='ltr'><strong>si</strong></span> <span class='ocrx_word' id='word_1_28' title='bbox 1045 1043 1251 1121; x_wconf 78' lang='lat' dir='ltr'>incumbens</span> 
     </span>
     <span class='ocr_line' id='line_1_5' title="bbox 170 1163 1251 1263; baseline -0.001 -22"><span class='ocrx_word' id='word_1_29' title='bbox 170 1167 334 1241; x_wconf 86' lang='lat' dir='ltr'><strong>cndoveri</strong></span> <span class='ocrx_word' id='word_1_30' title='bbox 365 1190 407 1239; x_wconf 86' lang='lat' dir='ltr'><strong>nc</strong></span> <span class='ocrx_word' id='word_1_31' title='bbox 429 1165 645 1239; x_wconf 76' lang='lat' dir='ltr'><strong>muliebriter</strong></span> <span class='ocrx_word' id='word_1_32' title='bbox 669 1163 918 1258; x_wconf 73' lang='lat' dir='ltr'>ingemiscens,</span> <span class='ocrx_word' id='word_1_33' title='bbox 947 1165 984 1235; x_wconf 93' lang='lat' dir='ltr'><strong>in</strong></span> <span class='ocrx_word' id='word_1_34' title='bbox 1008 1186 1053 1237; x_wconf 91' lang='lat' dir='ltr'><strong>eo</strong></span> <span class='ocrx_word' id='word_1_35' title='bbox 1075 1167 1251 1263; x_wconf 80' lang='lat' dir='ltr'><strong>praecipue</strong></span> 
     </span>
     <span class='ocr_line' id='line_1_6' title="bbox 171 1286 1252 1382; baseline 0 -19"><span class='ocrx_word' id='word_1_36' title='bbox 171 1312 287 1363; x_wconf 91' lang='lat' dir='ltr'><strong>rerum</strong></span> <span class='ocrx_word' id='word_1_37' title='bbox 320 1298 427 1377; x_wconf 88' lang='lat' dir='ltr'><strong>stotn,</strong></span> <span class='ocrx_word' id='word_1_38' title='bbox 452 1310 532 1361; x_wconf 92' lang='lat' dir='ltr'><strong>cum</strong></span> <span class='ocrx_word' id='word_1_39' title='bbox 557 1308 696 1360; x_wconf 86' lang='lat' dir='ltr'><strong>summo</strong></span> <span class='ocrx_word' id='word_1_40' title='bbox 719 1306 796 1359; x_wconf 81' lang='lat' dir='ltr'><strong>suec</strong></span> <span class='ocrx_word' id='word_1_41' title='bbox 823 1286 1024 1382; x_wconf 70' lang='lat' dir='ltr'><strong>reipublice</strong></span> <span class='ocrx_word' id='word_1_42' title='bbox 1048 1286 1252 1363; x_wconf 89' lang='lat' dir='ltr'><strong>discrimine</strong></span> 
     </span>
     <span class='ocr_line' id='line_1_7' title="bbox 170 1407 1251 1505; baseline 0 -20"><span class='ocrx_word' id='word_1_43' title='bbox 170 1410 371 1505; x_wconf 77' lang='lat' dir='ltr'><strong>torpuisset.</strong></span> <span class='ocrx_word' id='word_1_44' title='bbox 391 1411 444 1483; x_wconf 89' lang='lat' dir='ltr'><strong>&#39;ln</strong></span> <span class='ocrx_word' id='word_1_45' title='bbox 462 1431 573 1503; x_wconf 79' lang='lat' dir='ltr'><strong>genus</strong></span> <span class='ocrx_word' id='word_1_46' title='bbox 598 1407 777 1500; x_wconf 77' lang='lat' dir='ltr'><strong>unguibus</strong></span> <span class='ocrx_word' id='word_1_47' title='bbox 796 1409 950 1495; x_wconf 79' lang='lat' dir='ltr'><strong>foderes,</strong></span> <span class='ocrx_word' id='word_1_48' title='bbox 971 1412 1040 1483; x_wconf 85' lang='lat' dir='ltr'><strong>tole</strong></span> <span class='ocrx_word' id='word_1_49' title='bbox 1058 1411 1192 1504; x_wconf 82' lang='lat' dir='ltr'><strong>obquid</strong></span> <span class='ocrx_word' id='word_1_50' title='bbox 1215 1412 1251 1485; x_wconf 93' lang='lat' dir='ltr'><strong>in</strong></span> 
     </span>
     <span class='ocr_line' id='line_1_8' title="bbox 171 1531 1250 1627; baseline 0.002 -22"><span class='ocrx_word' id='word_1_51' title='bbox 171 1534 241 1606; x_wconf 88' lang='lat' dir='ltr'><strong>tuis</strong></span> <span class='ocrx_word' id='word_1_52' title='bbox 270 1532 407 1619; x_wconf 90' lang='lat' dir='ltr'><strong>videns,</strong></span> <span class='ocrx_word' id='word_1_53' title='bbox 437 1554 508 1605; x_wconf 93' lang='lat' dir='ltr'><strong>non</strong></span> <span class='ocrx_word' id='word_1_54' title='bbox 536 1542 606 1607; x_wconf 75' lang='lat' dir='ltr'><strong>mm</strong></span> <span class='ocrx_word' id='word_1_55' title='bbox 631 1542 771 1627; x_wconf 89' lang='lat' dir='ltr'><strong>propter</strong></span> <span class='ocrx_word' id='word_1_56' title='bbox 799 1531 922 1605; x_wconf 90' lang='lat' dir='ltr'><strong>mortis</strong></span> <span class='ocrx_word' id='word_1_57' title='bbox 946 1532 1118 1617; x_wconf 89' lang='lat' dir='ltr'><strong>dolorem,</strong></span> <span class='ocrx_word' id='word_1_58' title='bbox 1143 1554 1250 1627; x_wconf 80' lang='lat' dir='ltr'><strong>quem</strong></span> 
     </span>
     <span class='ocr_line' id='line_1_9' title="bbox 170 1653 1248 1750; baseline -0.001 -22"><span class='ocrx_word' id='word_1_59' title='bbox 170 1666 311 1749; x_wconf 90' lang='lat' dir='ltr'><strong>propter</strong></span> <span class='ocrx_word' id='word_1_60' title='bbox 329 1653 555 1748; x_wconf 78' lang='lat' dir='ltr'><strong>ignominiam</strong></span> <span class='ocrx_word' id='word_1_61' title='bbox 572 1657 773 1750; x_wconf 72' lang='lat' dir='ltr'><strong>sepulture.</strong></span> <span class='ocrx_word' id='word_1_62' title='bbox 799 1654 934 1728; x_wconf 79' lang='lat' dir='ltr'><strong>Nautici</strong></span> <span class='ocrx_word' id='word_1_63' title='bbox 956 1676 1042 1747; x_wconf 75' lang='lat' dir='ltr'><strong>ergo</strong></span> <span class='ocrx_word' id='word_1_64' title='bbox 1066 1654 1248 1742; x_wconf 90' lang='lat' dir='ltr'><strong>homines,</strong></span> 
     </span>
     <span class='ocr_line' id='line_1_10' title="bbox 171 1775 1251 1871; baseline 0.002 -22"><span class='ocrx_word' id='word_1_65' title='bbox 171 1777 266 1871; x_wconf 91' lang='lat' dir='ltr'><strong>qued</strong></span> <span class='ocrx_word' id='word_1_66' title='bbox 284 1775 405 1849; x_wconf 83' lang='lat' dir='ltr'><strong>amicis</strong></span> <span class='ocrx_word' id='word_1_67' title='bbox 424 1775 567 1851; x_wconf 83' lang='lat' dir='ltr'><strong>carituri</strong></span> <span class='ocrx_word' id='word_1_68' title='bbox 587 1775 671 1863; x_wconf 90' lang='lat' dir='ltr'><strong>sint,</strong></span> <span class='ocrx_word' id='word_1_69' title='bbox 692 1777 810 1851; x_wconf 88' lang='lat' dir='ltr'><strong>dolent</strong></span> <span class='ocrx_word' id='word_1_70' title='bbox 828 1788 868 1851; x_wconf 88' lang='lat' dir='ltr'><strong>ut</strong></span> <span class='ocrx_word' id='word_1_71' title='bbox 884 1776 1020 1861; x_wconf 77' lang='lat' dir='ltr'><strong>steteri3</strong></span> <span class='ocrx_word' id='word_1_72' title='bbox 1039 1776 1138 1871; x_wconf 89' lang='lat' dir='ltr'><strong>quod</strong></span> <span class='ocrx_word' id='word_1_73' title='bbox 1155 1799 1251 1851; x_wconf 82' lang='lat' dir='ltr'><strong>mure</strong></span> 
     </span>
     <span class='ocr_line' id='line_1_11' title="bbox 170 1896 1252 1993; baseline 0.004 -22"><span class='ocrx_word' id='word_1_74' title='bbox 170 1899 248 1971; x_wconf 88' lang='lat' dir='ltr'><strong>illos</strong></span> <span class='ocrx_word' id='word_1_75' title='bbox 267 1898 405 1985; x_wconf 83' lang='lat' dir='ltr'><strong>hebent,</strong></span> <span class='ocrx_word' id='word_1_76' title='bbox 423 1898 632 1993; x_wconf 76' lang='lat' dir='ltr'><strong>equebilins</strong></span> <span class='ocrx_word' id='word_1_77' title='bbox 650 1902 779 1986; x_wconf 74' lang='lat' dir='ltr'><strong>femur,</strong></span> <span class='ocrx_word' id='word_1_78' title='bbox 799 1899 905 1992; x_wconf 88' lang='lat' dir='ltr'><strong>idque</strong></span> <span class='ocrx_word' id='word_1_79' title='bbox 922 1896 1053 1984; x_wconf 83' lang='lat' dir='ltr'><strong>evenit,</strong></span> <span class='ocrx_word' id='word_1_80' title='bbox 1070 1898 1156 1993; x_wconf 87' lang='lat' dir='ltr'><strong>quin</strong></span> <span class='ocrx_word' id='word_1_81' title='bbox 1169 1899 1252 1975; x_wconf 81' lang='lat' dir='ltr'><strong>telio</strong></span> 
     </span>
     <span class='ocr_line' id='line_1_12' title="bbox 171 2004 1252 2116; baseline 0 -22"><span class='ocrx_word' id='word_1_82' title='bbox 171 2004 305 2116; x_wconf 75' lang='lat' dir='ltr'><strong>perpeti</strong></span> <span class='ocrx_word' id='word_1_83' title='bbox 327 2023 432 2114; x_wconf 79' lang='lat' dir='ltr'><strong>longe</strong></span> <span class='ocrx_word' id='word_1_84' title='bbox 455 2022 709 2095; x_wconf 90' lang='lat' dir='ltr'><strong>consuetudine</strong></span> <span class='ocrx_word' id='word_1_85' title='bbox 733 2020 941 2096; x_wconf 89' lang='lat' dir='ltr'><strong>didicerunt.</strong></span> <span class='ocrx_word' id='word_1_86' title='bbox 966 2019 1060 2105; x_wconf 84' lang='lat' dir='ltr'><strong>Quid</strong></span> <span class='ocrx_word' id='word_1_87' title='bbox 1083 2019 1119 2091; x_wconf 91' lang='lat' dir='ltr'><strong>ni</strong></span> <span class='ocrx_word' id='word_1_88' title='bbox 1144 2018 1252 2113; x_wconf 77' lang='lat' dir='ltr'><strong>igitur</strong></span> 
     </span>
     <span class='ocr_line' id='line_1_13' title="bbox 170 2142 1251 2237; baseline 0.002 -24"><span class='ocrx_word' id='word_1_89' title='bbox 170 2143 344 2235; x_wconf 79' lang='lat' dir='ltr'><strong>indigner,</strong></span> <span class='ocrx_word' id='word_1_90' title='bbox 365 2166 446 2215; x_wconf 90' lang='lat' dir='ltr'><strong>cum</strong></span> <span class='ocrx_word' id='word_1_91' title='bbox 466 2142 645 2230; x_wconf 80' lang='lat' dir='ltr'><strong>Cicerone,</strong></span> <span class='ocrx_word' id='word_1_92' title='bbox 667 2147 746 2237; x_wconf 86' lang='lat' dir='ltr'><strong>ptus</strong></span> <span class='ocrx_word' id='word_1_93' title='bbox 766 2164 872 2217; x_wconf 89' lang='lat' dir='ltr'><strong>usum</strong></span> <span class='ocrx_word' id='word_1_94' title='bbox 890 2163 999 2235; x_wconf 88' lang='lat' dir='ltr'><strong>posse</strong></span> <span class='ocrx_word' id='word_1_95' title='bbox 1020 2164 1127 2235; x_wconf 82' lang='lat' dir='ltr'><strong>quem</strong></span> <span class='ocrx_word' id='word_1_96' title='bbox 1146 2142 1251 2215; x_wconf 83' lang='lat' dir='ltr'><strong>retio-</strong></span> 
     </span>
     <span class='ocr_line' id='line_1_14' title="bbox 171 2265 1251 2359; baseline 0.001 -22"><span class='ocrx_word' id='word_1_97' title='bbox 171 2268 277 2337; x_wconf 83' lang='lat' dir='ltr'><strong>nem‘l</strong></span> <span class='ocrx_word' id='word_1_98' title='bbox 301 2265 431 2339; x_wconf 87' lang='lat' dir='ltr'><strong>Poterit</strong></span> <span class='ocrx_word' id='word_1_99' title='bbox 455 2277 562 2340; x_wconf 81' lang='lat' dir='ltr'><strong>nanto</strong></span> <span class='ocrx_word' id='word_1_100' title='bbox 585 2266 684 2341; x_wconf 87' lang='lat' dir='ltr'><strong>rudis</strong></span> <span class='ocrx_word' id='word_1_101' title='bbox 710 2266 787 2339; x_wconf 88' lang='lat' dir='ltr'><strong>sine</strong></span> <span class='ocrx_word' id='word_1_102' title='bbox 811 2265 962 2339; x_wconf 79' lang='lat' dir='ltr'><strong>lacrimis</strong></span> <span class='ocrx_word' id='word_1_103' title='bbox 988 2286 1148 2351; x_wconf 83' lang='lat' dir='ltr'><strong>cernere,</strong></span> <span class='ocrx_word' id='word_1_104' title='bbox 1168 2265 1251 2359; x_wconf 84' lang='lat' dir='ltr'><strong>quio</strong></span> 
     </span>
     <span class='ocr_line' id='line_1_15' title="bbox 170 2387 1250 2483; baseline 0.001 -23"><span class='ocrx_word' id='word_1_105' title='bbox 170 2398 372 2472; x_wconf 87' lang='lat' dir='ltr'><strong>consuetus,</strong></span> <span class='ocrx_word' id='word_1_106' title='bbox 405 2389 502 2481; x_wconf 90' lang='lat' dir='ltr'><strong>quod</strong></span> <span class='ocrx_word' id='word_1_107' title='bbox 533 2400 571 2460; x_wconf 89' lang='lat' dir='ltr'><strong>tu</strong></span> <span class='ocrx_word' id='word_1_108' title='bbox 598 2390 826 2483; x_wconf 88' lang='lat' dir='ltr'><strong>philosophus</strong></span> <span class='ocrx_word' id='word_1_109' title='bbox 852 2409 922 2461; x_wconf 93' lang='lat' dir='ltr'><strong>non</strong></span> <span class='ocrx_word' id='word_1_110' title='bbox 946 2387 1088 2481; x_wconf 88' lang='lat' dir='ltr'><strong>poteris,</strong></span> <span class='ocrx_word' id='word_1_111' title='bbox 1115 2387 1250 2461; x_wconf 80' lang='lat' dir='ltr'><strong>radone</strong></span> 
     </span>
     <span class='ocr_line' id='line_1_16' title="bbox 171 2509 1249 2595; baseline 0.001 -16"><span class='ocrx_word' id='word_1_112' title='bbox 171 2512 280 2580; x_wconf 76' lang='lat' dir='ltr'><strong>fretus</strong></span> <span class='ocrx_word' id='word_1_113' title='bbox 300 2521 336 2582; x_wconf 89' lang='lat' dir='ltr'><strong>et</strong></span> <span class='ocrx_word' id='word_1_114' title='bbox 356 2521 405 2582; x_wconf 90' lang='lat' dir='ltr'><strong>tot</strong></span> <span class='ocrx_word' id='word_1_115' title='bbox 424 2510 526 2581; x_wconf 91' lang='lat' dir='ltr'><strong>bonis</strong></span> <span class='ocrx_word' id='word_1_116' title='bbox 546 2509 680 2583; x_wconf 85' lang='lat' dir='ltr'><strong>artibus</strong></span> <span class='ocrx_word' id='word_1_117' title='bbox 702 2509 906 2595; x_wconf 84' lang='lat' dir='ltr'><strong>instructus,</strong></span> <span class='ocrx_word' id='word_1_118' title='bbox 930 2521 1102 2583; x_wconf 79' lang='lat' dir='ltr'><strong>tentorum</strong></span> <span class='ocrx_word' id='word_1_119' title='bbox 1127 2532 1249 2581; x_wconf 87' lang='lat' dir='ltr'><strong>exem-</strong></span> 
     </span>
     <span class='ocr_line' id='line_1_17' title="bbox 170 2629 1248 2724; baseline 0.004 -25"><span class='ocrx_word' id='word_1_120' title='bbox 170 2632 305 2722; x_wconf 92' lang='lat' dir='ltr'><strong>plorum</strong></span> <span class='ocrx_word' id='word_1_121' title='bbox 321 2631 420 2724; x_wconf 86' lang='lat' dir='ltr'><strong>copia</strong></span> <span class='ocrx_word' id='word_1_122' title='bbox 437 2631 620 2703; x_wconf 77' lang='lat' dir='ltr'><strong>suffultus?</strong></span> <span class='ocrx_word' id='word_1_123' title='bbox 635 2631 923 2705; x_wconf 78' lang='lat' dir='ltr'><strong>Animadvertere</strong></span> <span class='ocrx_word' id='word_1_124' title='bbox 935 2633 1014 2705; x_wconf 89' lang='lat' dir='ltr'><strong>licet</strong></span> <span class='ocrx_word' id='word_1_125' title='bbox 1029 2654 1078 2705; x_wconf 79' lang='lat' dir='ltr'><strong>ex</strong></span> <span class='ocrx_word' id='word_1_126' title='bbox 1093 2629 1248 2703; x_wconf 85' lang='lat' dir='ltr'><strong>historiis</strong></span> 
     </span>
     <span class='ocr_line' id='line_1_18' title="bbox 171 2750 1250 2847; baseline 0.004 -26"><span class='ocrx_word' id='word_1_127' title='bbox 171 2750 378 2843; x_wconf 79' lang='lat' dir='ltr'><strong>multiplices</strong></span> <span class='ocrx_word' id='word_1_128' title='bbox 398 2751 577 2823; x_wconf 90' lang='lat' dir='ltr'><strong>bominum</strong></span> <span class='ocrx_word' id='word_1_129' title='bbox 598 2752 687 2823; x_wconf 88' lang='lat' dir='ltr'><strong>ritus</strong></span> <span class='ocrx_word' id='word_1_130' title='bbox 708 2752 743 2824; x_wconf 94' lang='lat' dir='ltr'><strong>in</strong></span> <span class='ocrx_word' id='word_1_131' title='bbox 764 2753 964 2847; x_wconf 80' lang='lat' dir='ltr'><strong>sepulturis,</strong></span> <span class='ocrx_word' id='word_1_132' title='bbox 986 2764 1023 2825; x_wconf 88' lang='lat' dir='ltr'><strong>et</strong></span> <span class='ocrx_word' id='word_1_133' title='bbox 1040 2752 1086 2825; x_wconf 86' lang='lat' dir='ltr'><strong>nb</strong></span> <span class='ocrx_word' id='word_1_134' title='bbox 1100 2774 1169 2825; x_wconf 90' lang='lat' dir='ltr'><strong>usu</strong></span> <span class='ocrx_word' id='word_1_135' title='bbox 1187 2773 1250 2825; x_wconf 95' lang='lat' dir='ltr'><strong>no-</strong></span> 
     </span>
     <span class='ocr_line' id='line_1_19' title="bbox 172 2872 1248 2969; baseline 0.002 -26"><span class='ocrx_word' id='word_1_136' title='bbox 172 2883 245 2945; x_wconf 92' lang='lat' dir='ltr'><strong>stro</strong></span> <span class='ocrx_word' id='word_1_137' title='bbox 285 2872 519 2967; x_wconf 89' lang='lat' dir='ltr'><strong>multipliciter</strong></span> <span class='ocrx_word' id='word_1_138' title='bbox 559 2873 797 2947; x_wconf 84' lang='lat' dir='ltr'><strong>abhorrentes.</strong></span> <span class='ocrx_word' id='word_1_139' title='bbox 839 2878 866 2947; x_wconf 81' lang='lat' dir='ltr'><strong>ll</strong></span> <span class='ocrx_word' id='word_1_140' title='bbox 908 2875 1037 2969; x_wconf 88' lang='lat' dir='ltr'><strong>quibus</strong></span> <span class='ocrx_word' id='word_1_141' title='bbox 1074 2874 1248 2969; x_wconf 76' lang='lat' dir='ltr'><strong>quosdam</strong></span> 
     </span>
     <span class='ocr_line' id='line_1_20' title="bbox 171 2995 1248 3091; baseline 0 -25"><span class='ocrx_word' id='word_1_142' title='bbox 171 3016 315 3067; x_wconf 91' lang='lat' dir='ltr'><strong>suorum</strong></span> <span class='ocrx_word' id='word_1_143' title='bbox 333 3019 479 3091; x_wconf 82' lang='lat' dir='ltr'><strong>corpore</strong></span> <span class='ocrx_word' id='word_1_144' title='bbox 499 2997 593 3070; x_wconf 94' lang='lat' dir='ltr'><strong>domi</strong></span> <span class='ocrx_word' id='word_1_145' title='bbox 619 3018 775 3082; x_wconf 84' lang='lat' dir='ltr'><strong>seruere,</strong></span> <span class='ocrx_word' id='word_1_146' title='bbox 797 3019 934 3069; x_wconf 90' lang='lat' dir='ltr'><strong>summo</strong></span> <span class='ocrx_word' id='word_1_147' title='bbox 955 2997 1070 3071; x_wconf 89' lang='lat' dir='ltr'><strong>studio</strong></span> <span class='ocrx_word' id='word_1_148' title='bbox 1089 2995 1248 3069; x_wconf 82' lang='lat' dir='ltr'><strong>condito:</strong></span> 
     </span>
     <span class='ocr_line' id='line_1_21' title="bbox 169 3118 1250 3211; baseline 0 -22"><span class='ocrx_word' id='word_1_149' title='bbox 169 3120 341 3211; x_wconf 82' lang='lat' dir='ltr'><strong>quosdam</strong></span> <span class='ocrx_word' id='word_1_150' title='bbox 366 3143 409 3193; x_wconf 85' lang='lat' dir='ltr'><strong>en</strong></span> <span class='ocrx_word' id='word_1_151' title='bbox 431 3119 554 3193; x_wconf 86' lang='lat' dir='ltr'><strong>bestiis</strong></span> <span class='ocrx_word' id='word_1_152' title='bbox 579 3119 730 3193; x_wconf 89' lang='lat' dir='ltr'><strong>obiicere</strong></span> <span class='ocrx_word' id='word_1_153' title='bbox 752 3118 886 3205; x_wconf 88' lang='lat' dir='ltr'><strong>solitos,</strong></span> <span class='ocrx_word' id='word_1_154' title='bbox 913 3120 959 3192; x_wconf 84' lang='lat' dir='ltr'><strong>ad</strong></span> <span class='ocrx_word' id='word_1_155' title='bbox 979 3119 1015 3192; x_wconf 94' lang='lat' dir='ltr'><strong>id</strong></span> <span class='ocrx_word' id='word_1_156' title='bbox 1035 3142 1159 3201; x_wconf 89' lang='lat' dir='ltr'><strong>unum,</strong></span> <span class='ocrx_word' id='word_1_157' title='bbox 1187 3140 1250 3211; x_wconf 88' lang='lat' dir='ltr'><strong>pm</strong></span> 
     </span>
     <span class='ocr_line' id='line_1_22' title="bbox 172 3239 1250 3334; baseline 0.006 -27"><span class='ocrx_word' id='word_1_158' title='bbox 172 3239 387 3329; x_wconf 79' lang='lat' dir='ltr'><strong>singulorum</strong></span> <span class='ocrx_word' id='word_1_159' title='bbox 407 3242 640 3328; x_wconf 73' lang='lat' dir='ltr'><strong>facultatibuS‚</strong></span> <span class='ocrx_word' id='word_1_160' title='bbox 663 3244 772 3314; x_wconf 89' lang='lat' dir='ltr'><strong>multo</strong></span> <span class='ocrx_word' id='word_1_161' title='bbox 796 3252 877 3313; x_wconf 84' lang='lat' dir='ltr'><strong>ente</strong></span> <span class='ocrx_word' id='word_1_162' title='bbox 895 3241 1105 3334; x_wconf 81' lang='lat' dir='ltr'><strong>comparetis</strong></span> <span class='ocrx_word' id='word_1_163' title='bbox 1124 3264 1166 3315; x_wconf 85' lang='lat' dir='ltr'><strong>oc</strong></span> <span class='ocrx_word' id='word_1_164' title='bbox 1184 3265 1250 3313; x_wconf 94' lang='lat' dir='ltr'><strong>nu-</strong></span> 
     </span>
     <span class='ocr_line' id='line_1_23' title="bbox 172 3359 1250 3459; baseline 0.006 -30"><span class='ocrx_word' id='word_1_165' title='bbox 172 3359 273 3444; x_wconf 87' lang='lat' dir='ltr'><strong>tritis,</strong></span> <span class='ocrx_word' id='word_1_166' title='bbox 296 3373 331 3432; x_wconf 91' lang='lat' dir='ltr'><strong>et</strong></span> <span class='ocrx_word' id='word_1_167' title='bbox 350 3365 511 3452; x_wconf 80' lang='lat' dir='ltr'><strong>generosi</strong></span> <span class='ocrx_word' id='word_1_168' title='bbox 530 3366 626 3436; x_wconf 84' lang='lat' dir='ltr'><strong>canis</strong></span> <span class='ocrx_word' id='word_1_169' title='bbox 645 3368 776 3449; x_wconf 83' lang='lat' dir='ltr'><strong>alvum,</strong></span> <span class='ocrx_word' id='word_1_170' title='bbox 795 3365 963 3456; x_wconf 89' lang='lat' dir='ltr'><strong>optimum</strong></span> <span class='ocrx_word' id='word_1_171' title='bbox 981 3368 1172 3459; x_wconf 83' lang='lat' dir='ltr'><strong>sepulturae</strong></span> <span class='ocrx_word' id='word_1_172' title='bbox 1188 3388 1250 3457; x_wconf 81' lang='lat' dir='ltr'><strong>ge-</strong></span> 
     </span>
     <span class='ocr_line' id='line_1_24' title="bbox 171 3482 1251 3580; baseline 0.006 -27"><span class='ocrx_word' id='word_1_173' title='bbox 171 3505 239 3554; x_wconf 91' lang='lat' dir='ltr'><strong>nus</strong></span> <span class='ocrx_word' id='word_1_174' title='bbox 259 3482 404 3577; x_wconf 85' lang='lat' dir='ltr'><strong>opinari:</strong></span> <span class='ocrx_word' id='word_1_175' title='bbox 421 3485 592 3576; x_wconf 83' lang='lat' dir='ltr'><strong>quosdam</strong></span> <span class='ocrx_word' id='word_1_176' title='bbox 614 3510 699 3578; x_wconf 74' lang='lat' dir='ltr'><strong>vero</strong></span> <span class='ocrx_word' id='word_1_177' title='bbox 716 3509 778 3578; x_wconf 90' lang='lat' dir='ltr'><strong>per</strong></span> <span class='ocrx_word' id='word_1_178' title='bbox 804 3510 843 3559; x_wconf 87' lang='lat' dir='ltr'><strong>se</strong></span> <span class='ocrx_word' id='word_1_179' title='bbox 867 3486 961 3580; x_wconf 88' lang='lat' dir='ltr'><strong>ipsos</strong></span> <span class='ocrx_word' id='word_1_180' title='bbox 986 3487 1182 3560; x_wconf 80' lang='lat' dir='ltr'><strong>devorasse</strong></span> <span class='ocrx_word' id='word_1_181' title='bbox 1201 3492 1251 3560; x_wconf 89' lang='lat' dir='ltr'><strong>le·</strong></span> 
     </span>
     <span class='ocr_line' id='line_1_25' title="bbox 171 3604 1248 3699; baseline 0.004 -23"><span class='ocrx_word' id='word_1_182' title='bbox 171 3606 297 3698; x_wconf 77' lang='lat' dir='ltr'><strong>gimus.</strong></span> <span class='ocrx_word' id='word_1_183' title='bbox 324 3604 511 3676; x_wconf 79' lang='lat' dir='ltr'><strong>Artemisia</strong></span> <span class='ocrx_word' id='word_1_184' title='bbox 535 3607 591 3678; x_wconf 86' lang='lat' dir='ltr'><strong>illa</strong></span> <span class='ocrx_word' id='word_1_185' title='bbox 617 3607 729 3680; x_wconf 84' lang='lat' dir='ltr'><strong>Coriae</strong></span> <span class='ocrx_word' id='word_1_186' title='bbox 749 3608 885 3699; x_wconf 83' lang='lat' dir='ltr'><strong>regina,</strong></span> <span class='ocrx_word' id='word_1_187' title='bbox 906 3608 1099 3699; x_wconf 78' lang='lat' dir='ltr'><strong>coniugalis</strong></span> <span class='ocrx_word' id='word_1_188' title='bbox 1119 3609 1248 3683; x_wconf 84' lang='lat' dir='ltr'><strong>amoris</strong></span> 
     </span>
     <span class='ocr_line' id='line_1_26' title="bbox 169 3728 1250 3823; baseline 0.006 -24"><span class='ocrx_word' id='word_1_189' title='bbox 169 3730 370 3821; x_wconf 82' lang='lat' dir='ltr'><strong>exemplum</strong></span> <span class='ocrx_word' id='word_1_190' title='bbox 384 3728 473 3799; x_wconf 85' lang='lat' dir='ltr'><strong>inter</strong></span> <span class='ocrx_word' id='word_1_191' title='bbox 485 3740 610 3801; x_wconf 84' lang='lat' dir='ltr'><strong>cuncta</strong></span> <span class='ocrx_word' id='word_1_192' title='bbox 626 3729 900 3815; x_wconf 89' lang='lat' dir='ltr'><strong>celeberrimum,</strong></span> <span class='ocrx_word' id='word_1_193' title='bbox 916 3729 999 3800; x_wconf 92' lang='lat' dir='ltr'><strong>nibil</strong></span> <span class='ocrx_word' id='word_1_194' title='bbox 1018 3729 1141 3802; x_wconf 88' lang='lat' dir='ltr'><strong>habuit</strong></span> <span class='ocrx_word' id='word_1_195' title='bbox 1156 3731 1250 3823; x_wconf 91' lang='lat' dir='ltr'><strong>quod</strong></span> 
     </span>
     <span class='ocr_line' id='line_1_27' title="bbox 169 3849 1249 3943; baseline 0.001 -22"><span class='ocrx_word' id='word_1_196' title='bbox 169 3850 246 3921; x_wconf 92' lang='lat' dir='ltr'><strong>viro</strong></span> <span class='ocrx_word' id='word_1_197' title='bbox 263 3861 334 3922; x_wconf 85' lang='lat' dir='ltr'><strong>tam</strong></span> <span class='ocrx_word' id='word_1_198' title='bbox 354 3850 478 3922; x_wconf 89' lang='lat' dir='ltr'><strong>dilecto</strong></span> <span class='ocrx_word' id='word_1_199' title='bbox 498 3849 635 3922; x_wconf 88' lang='lat' dir='ltr'><strong>dulcius</strong></span> <span class='ocrx_word' id='word_1_200' title='bbox 652 3862 846 3943; x_wconf 86' lang='lat' dir='ltr'><strong>praestaret‚</strong></span> <span class='ocrx_word' id='word_1_201' title='bbox 867 3872 973 3943; x_wconf 85' lang='lat' dir='ltr'><strong>quem</strong></span> <span class='ocrx_word' id='word_1_202' title='bbox 991 3861 1030 3921; x_wconf 90' lang='lat' dir='ltr'><strong>ut</strong></span> <span class='ocrx_word' id='word_1_203' title='bbox 1044 3849 1249 3923; x_wconf 75' lang='lat' dir='ltr'><strong>defunctum</strong></span> 
     </span>
     <span class='ocr_line' id='line_1_28' title="bbox 169 3972 1250 4066; baseline 0.002 -23"><span class='ocrx_word' id='word_1_204' title='bbox 169 3972 252 4044; x_wconf 90' lang='lat' dir='ltr'><strong>vivo</strong></span> <span class='ocrx_word' id='word_1_205' title='bbox 264 3974 429 4045; x_wconf 89' lang='lat' dir='ltr'><strong>conderet</strong></span> <span class='ocrx_word' id='word_1_206' title='bbox 442 3974 636 4066; x_wconf 87' lang='lat' dir='ltr'><strong>sepulchro.</strong></span> <span class='ocrx_word' id='word_1_207' title='bbox 645 3974 834 4046; x_wconf 74' lang='lat' dir='ltr'><strong>Reductum</strong></span> <span class='ocrx_word' id='word_1_208' title='bbox 844 3973 935 4044; x_wconf 89' lang='lat' dir='ltr'><strong>enim</strong></span> <span class='ocrx_word' id='word_1_209' title='bbox 949 3973 985 4043; x_wconf 92' lang='lat' dir='ltr'><strong>in</strong></span> <span class='ocrx_word' id='word_1_210' title='bbox 998 3973 1144 4058; x_wconf 89' lang='lat' dir='ltr'><strong>cineres,</strong></span> <span class='ocrx_word' id='word_1_211' title='bbox 1154 3995 1250 4045; x_wconf 90' lang='lat' dir='ltr'><strong>sum-</strong></span> 
     </span>
     <span class='ocr_line' id='line_1_29' title="bbox 169 4095 1251 4190; baseline 0.003 -26"><span class='ocrx_word' id='word_1_212' title='bbox 169 4117 294 4188; x_wconf 82' lang='lat' dir='ltr'><strong>maque</strong></span> <span class='ocrx_word' id='word_1_213' title='bbox 319 4096 530 4188; x_wconf 85' lang='lat' dir='ltr'><strong>parsimonie</strong></span> <span class='ocrx_word' id='word_1_214' title='bbox 557 4106 787 4180; x_wconf 84' lang='lat' dir='ltr'><strong>reservatum,</strong></span> <span class='ocrx_word' id='word_1_215' title='bbox 815 4095 979 4188; x_wconf 84' lang='lat' dir='ltr'><strong>paulatim</strong></span> <span class='ocrx_word' id='word_1_216' title='bbox 1005 4096 1101 4190; x_wconf 93' lang='lat' dir='ltr'><strong>potui</strong></span> <span class='ocrx_word' id='word_1_217' title='bbox 1128 4118 1251 4190; x_wconf 89' lang='lat' dir='ltr'><strong>super-</strong></span> 
     </span>
     <span class='ocr_line' id='line_1_30' title="bbox 169 4215 1252 4315; baseline 0.008 -36"><span class='ocrx_word' id='word_1_218' title='bbox 169 4215 327 4303; x_wconf 78' lang='lat' dir='ltr'><strong>fundens,</strong></span> <span class='ocrx_word' id='word_1_219' title='bbox 350 4218 447 4304; x_wconf 87' lang='lat' dir='ltr'><strong>bibit,</strong></span> <span class='ocrx_word' id='word_1_220' title='bbox 467 4231 501 4292; x_wconf 87' lang='lat' dir='ltr'><strong>et</strong></span> <span class='ocrx_word' id='word_1_221' title='bbox 518 4230 633 4293; x_wconf 83' lang='lat' dir='ltr'><strong>arneto</strong></span> <span class='ocrx_word' id='word_1_222' title='bbox 649 4219 784 4315; x_wconf 85' lang='lat' dir='ltr'><strong>corpori</strong></span> <span class='ocrx_word' id='word_1_223' title='bbox 803 4222 871 4292; x_wconf 81' lang='lat' dir='ltr'><strong>tole</strong></span> <span class='ocrx_word' id='word_1_224' title='bbox 888 4220 942 4292; x_wconf 88' lang='lat' dir='ltr'><strong>sui</strong></span> <span class='ocrx_word' id='word_1_225' title='bbox 960 4221 1118 4314; x_wconf 89' lang='lat' dir='ltr'><strong>corporis</strong></span> <span class='ocrx_word' id='word_1_226' title='bbox 1132 4219 1252 4313; x_wconf 89' lang='lat' dir='ltr'><strong>bospi-</strong></span> 
     </span>
    </p>
   </div>
   <div class='ocr_carea' id='block_1_3' title="bbox 169 4331 1250 4561">
    <p class='ocr_par' dir='ltr' id='par_1_3' title="bbox 169 4331 1250 4561">
     <span class='ocr_line' id='line_1_31' title="bbox 169 4331 1250 4436; baseline 0.011 -36"><span class='ocrx_word' id='word_1_227' title='bbox 169 4331 253 4404; x_wconf 92' lang='lat' dir='ltr'><strong>tium</strong></span> <span class='ocrx_word' id='word_1_228' title='bbox 271 4336 376 4409; x_wconf 87' lang='lat' dir='ltr'><strong>dedit.</strong></span> <span class='ocrx_word' id='word_1_229' title='bbox 393 4341 464 4413; x_wconf 90' lang='lat' dir='ltr'><strong>Nec</strong></span> <span class='ocrx_word' id='word_1_230' title='bbox 480 4341 565 4414; x_wconf 92' lang='lat' dir='ltr'><strong>illud</strong></span> <span class='ocrx_word' id='word_1_231' title='bbox 582 4342 685 4414; x_wconf 93' lang='lat' dir='ltr'><strong>modo</strong></span> <span class='ocrx_word' id='word_1_232' title='bbox 700 4344 886 4436; x_wconf 82' lang='lat' dir='ltr'><strong>quaeritur,</strong></span> <span class='ocrx_word' id='word_1_233' title='bbox 906 4354 1045 4417; x_wconf 84' lang='lat' dir='ltr'><strong>rectene</strong></span> <span class='ocrx_word' id='word_1_234' title='bbox 1062 4343 1098 4416; x_wconf 93' lang='lat' dir='ltr'><strong>id</strong></span> <span class='ocrx_word' id='word_1_235' title='bbox 1115 4342 1250 4416; x_wconf 88' lang='lat' dir='ltr'><strong>lecerit:</strong></span> 
     </span>
     <span class='ocr_line' id='line_1_32' title="bbox 169 4455 1248 4561; baseline 0.013 -39"><span class='ocrx_word' id='word_1_236' title='bbox 169 4455 251 4526; x_wconf 92' lang='lat' dir='ltr'><strong>illud</strong></span> <span class='ocrx_word' id='word_1_237' title='bbox 269 4457 382 4548; x_wconf 86' lang='lat' dir='ltr'><strong>potius</strong></span> <span class='ocrx_word' id='word_1_238' title='bbox 396 4461 522 4551; x_wconf 78' lang='lat' dir='ltr'><strong>egitur,</strong></span> <span class='ocrx_word' id='word_1_239' title='bbox 542 4475 581 4535; x_wconf 88' lang='lat' dir='ltr'><strong>ut</strong></span> <span class='ocrx_word' id='word_1_240' title='bbox 600 4463 781 4556; x_wconf 77' lang='lat' dir='ltr'><strong>intelliges,</strong></span> <span class='ocrx_word' id='word_1_241' title='bbox 800 4469 916 4540; x_wconf 84' lang='lat' dir='ltr'><strong>omnia</strong></span> <span class='ocrx_word' id='word_1_242' title='bbox 929 4468 1060 4561; x_wconf 87' lang='lat' dir='ltr'><strong>quibus</strong></span> <span class='ocrx_word' id='word_1_243' title='bbox 1077 4469 1248 4559; x_wconf 78' lang='lat' dir='ltr'><strong>angimur,</strong></span> 
     </span>
    </p>
   </div>
   <div class='ocr_carea' id='block_1_4' title="bbox 0 0 1350 5024">
    <p class='ocr_par' dir='ltr' id='par_1_4' title="bbox 0 0 1350 5024">
     <span class='ocr_line' id='line_1_33' title="bbox 0 0 1350 5024; baseline 0 0"><span class='ocrx_word' id='word_1_244' title='bbox 0 0 1350 5024; x_wconf 95' lang='lat' dir='ltr'><strong> </strong></span> 
     </span>
    </p>
   </div>
  </div>
 </body>
</html>
