2692 5024
171 606 231 667 tul
508 616 549 664 oe
570 614 670 663 nauus
692 612 913 661 rnulurnnurus

175 773 394 848 revocatum,
415 763 482 835 etsi
516 762 648 846 multis,
679 761 768 832 inter
793 781 882 854 quos
912 758 995 829 mibi
1023 757 1166 841 misero,
1188 756 1252 829 diu

175 898 255 960 ante
291 908 396 979 quam
433 886 604 956 vellemus
638 894 698 954 aut
727 882 992 978 suspicaremur,
1027 879 1250 951 abscesserit.

174 1009 272 1102 Piget
295 1008 428 1103 opinari
449 1008 483 1078 in
504 1017 552 1092 te,
581 1029 625 1079 ne
651 1006 763 1079 dicam
788 1004 958 1076 consolari
985 1003 1062 1074 illos
1087 1003 1255 1075 mollissi-

175 1154 252 1205 mos
272 1131 483 1225 plebeiarum
509 1131 663 1224 gentium
689 1131 853 1202 allectus:
880 1128 1027 1221 utquid
1053 1137 1123 1198 tam
1151 1131 1254 1220 longe

175 1257 326 1349 positum
351 1277 445 1325 mors
466 1254 607 1326 abstulit
622 1280 630 1337 3
646 1275 754 1347 quare
781 1252 891 1348 patrio
915 1251 1026 1323 caruit
1051 1248 1254 1345 sepulchro,

176 1402 238 1451 cur
255 1379 375 1450 videre
400 1400 469 1449 non
494 1376 639 1468 contigit
666 1376 903 1469 expirantem:
921 1374 1036 1467 qualia
1056 1373 1152 1466 apud
1171 1394 1256 1467 poe-

178 1512 248 1571 tarn
273 1501 376 1571 etiam
399 1499 454 1568 ille
475 1500 529 1570 vir
550 1500 660 1583 sortia,
688 1500 750 1571 sed
776 1499 878 1569 nimis
905 1519 1040 1591 semper
1056 1518 1190 1591 pronus
1211 1498 1257 1569 ad

178 1625 350 1707 lacrimas,
371 1622 508 1695 videtur
528 1623 724 1694 lamentari:

695 1817 750 1894 Te,
768 1818 879 1893 amice,
896 1817 1022 1897 nequivi

337 1919 529 1999 Conspicere,
547 1924 577 1980 et
592 1916 688 1996 patria
706 1916 850 1980 decedens
866 1932 980 1994 ponere
995 1923 1087 1978 terra.

179 2127 330 2217 Vulgata
351 2147 419 2196 non
437 2125 608 2216 ingeram,
637 2146 700 2195 nee
719 2133 848 2217 quanta
868 2123 913 2193 sit
934 2132 1037 2191 terrm
1058 2121 1165 2192 totius
1182 2124 1259 2192 exi-

180 2249 308 2338 guitas,
336 2247 551 2340 geometricis
572 2244 927 2319 demonstrationibus
946 2244 1037 2314 nitar
1056 2243 1258 2323 ostendere

181 2370 274 2463 quod
295 2371 536 2463 undecumque
562 2371 722 2461 digresso
748 2392 816 2439 una
844 2377 899 2438 est
937 2368 981 2440 ad
1017 2370 1144 2439 coelum
1179 2368 1258 2447 via;

180 2498 275 2588 ‹puod
288 2519 357 2567 non
378 2498 488 2565 solum
510 2518 611 2566 omne
633 2496 743 2564 solum
761 2494 839 2563 sorti
857 2494 967 2587 patria
985 2503 1051 2577 est,
1075 2493 1139 2564 sed
1156 2515 1261 2565 omne

182 2617 310 2687 bomini
336 2619 450 2686 natale
471 2619 592 2687 solum.
612 2616 697 2700 Quis
716 2617 808 2687 enim
839 2616 904 2688 ista
931 2638 1000 2687 non
1029 2618 1149 2687 norit?
1174 2616 1263 2687 lllud

181 2740 295 2832 potius
308 2739 436 2825 dicam,
459 2749 646 2832 utrumque
662 2743 820 2810 consulto
833 2740 987 2812 divinam
998 2741 1164 2811 statuisse
1181 2761 1264 2834 pro-

181 2862 388 2933 videntiam:
413 2864 561 2956 primurn
591 2863 719 2934 scilicet
744 2875 795 2948 ut,
818 2862 956 2935 duabus
979 2867 1081 2956 longe
1100 2864 1178 2935 licet
1197 2864 1265 2935 im-

181 2983 323 3075 paribus
349 2984 516 3071 urbibuS,
544 2986 589 3056 ab
621 3009 663 3057 eo
689 2987 771 3058 dum
798 2984 887 3055 vixit
913 2986 1132 3077 singulariter
1158 3010 1265 3059 exor-

181 3107 285 3192 natis,
313 3107 426 3178 ambae
459 3108 598 3201 quidem
628 3110 828 3181 defunctum
860 3109 1005 3179 viriliter
1030 3111 1263 3201 partirentur,

182 3239 218 3298 et
237 3231 345 3301 Roma
371 3231 425 3301 sui
447 3232 534 3302 civis
559 3242 761 3326 perpetuum
789 3242 823 3302 et
857 3233 1085 3302 immortalem
1118 3234 1262 3317 lamam,

182 3351 439 3424 Lomberiensis
464 3355 620 3426 Ecclesia
648 3354 846 3426 veneranda
870 3354 1045 3425 Pontifieis
1073 3376 1156 3424 ossa
1187 3378 1266 3426 ser-

184 3484 298 3559 varet,
320 3478 448 3546 nullum
473 3478 557 3571 (nisi
575 3479 672 3548 fallor
693 3477 856 3569 augurio}
877 3477 1101 3547 celebriorem
1124 3476 1266 3548 titulum

182 3598 343 3669 omnibus
365 3601 502 3670 saeculis
529 3598 705 3679 habiturae
732 3599 761 3669 si
789 3608 902 3671 tamen
936 3599 971 3670 id
1004 3599 1051 3667 illi
1083 3599 1265 3692 proprium

183 3745 222 3791 ao
235 3734 438 3816 perpetuum
456 3721 673 3816 permiseris;
692 3721 794 3793 audio
812 3723 919 3807 enirn,
943 3734 975 3792 te
992 3721 1035 3791 de
1052 3724 1268 3793 transferen-

183 3844 237 3914 dis
268 3848 411 3915 Romam
439 3844 591 3936 reliquiis
618 3844 785 3935 eogitare3
818 3846 911 3938 quod
936 3868 999 3916 nee
1025 3844 1174 3916 suadere
1202 3869 1268 3918 nec

183 3966 389 4038 dissuadere
415 3969 630 4060 propositum
651 3980 726 4053 est,
758 3992 801 4040 ne
831 3971 925 4039 illum
954 3980 1013 4039 aut
1033 3967 1110 4038 urbi
1133 3967 1167 4037 in
1194 3993 1268 4062 qua

184 4090 289 4175 ciriS,
312 4103 372 4162 aut
392 4093 549 4162 ecclesie
571 4094 604 4163 in
624 4118 693 4187 qua
713 4094 899 4166 eanonicus
914 4115 1007 4175 sum,
1024 4089 1194 4161 invidisse
1213 4094 1269 4161 vi-

185 4213 290 4284 dear:
314 4218 505 4288 secundum
527 4227 575 4304 ut,
598 4243 666 4291 uno
685 4243 732 4289 ex
750 4218 849 4290 nobis
867 4218 1027 4289 adstante
1053 4214 1109 4306 qui
1132 4213 1268 4285 abeun-

188 4335 230 4404 tis
251 4343 433 4433 amplexus
452 4363 685 4433 supremaque
703 4342 810 4412 rerba
825 4342 1036 4436 perciperet,
1056 4348 1269 4408 caeterorum

189 4458 372 4531 luminibus
399 4474 613 4554 parceretur;
636 4464 810 4554 quoniam,
836 4464 924 4534 sient
941 4463 1184 4554 experimento
1205 4461 1271 4531 ‹le-
