2692 5024
390 662 556 713 rnnncrscr
576 664 750 714 nunninus
772 664 948 714 nuenario.
1165 656 1204 718 25

129 811 173 884 de
192 810 271 882 ullis
293 809 356 880 fori
379 810 594 895 turbinibuS,
618 810 697 904 quis
719 833 773 883 me
792 813 836 883 de
856 825 996 906 paterna
1017 815 1133 900 domo,
1161 817 1205 888 de

128 933 275 1008 fortunis
295 931 452 1026 perditis,
475 932 519 1003 de
539 932 647 1024 gioria
667 933 859 1019 imminuta,
887 935 931 1005 de
955 937 1099 1028 pecunia
1119 937 1206 1010 dila·

130 1069 176 1142 ta,
204 1058 250 1129 de
274 1054 432 1127 absentia
457 1054 645 1127 amicorum
671 1054 828 1128 flebiliter
858 1069 1017 1149 agentem
1042 1061 1206 1132 audivit?

129 1179 264 1266 Quibus
290 1177 430 1271 quidem
456 1177 490 1246 in
516 1177 683 1248 molestiis
707 1186 778 1250 tam
805 1179 951 1252 molliter
974 1180 1047 1271 agit
1071 1182 1202 1268 Cicero,

130 1314 167 1374 ut
186 1312 356 1396 qnantum
376 1299 455 1372 stilo
474 1300 637 1384 delector,
657 1311 791 1373 tantum
808 1322 902 1396 saepe
919 1303 1087 1376 sententia
1099 1304 1206 1376 offen-

131 1424 205 1497 dar.
225 1422 325 1495 Adde
344 1422 513 1514 litigiosas
533 1422 712 1515 epistolas,
733 1433 768 1493 et
788 1424 960 1496 adversus
980 1425 1203 1511 clarissimos,

131 1560 234 1642 atque
258 1548 304 1620 ab
327 1548 449 1619 codem
475 1549 579 1639 paulo
599 1557 677 1618 ante
697 1547 955 1620 laudatissimus
974 1549 1072 1621 viros
1093 1550 1206 1643 iurgia

131 1694 170 1744 ac
194 1671 335 1765 probra,
362 1670 554 1741 miraeum
580 1670 683 1741 animi
709 1670 868 1743 levitate:
890 1669 1018 1764 quibus
1046 1672 1204 1764 legendis

130 1795 292 1869 delinitus
312 1793 442 1886 pariter
460 1803 496 1865 et
514 1792 683 1878 offensus
704 1805 893 1888 temperare
913 1794 998 1865 mihi
1017 1818 1090 1877 non
1112 1795 1207 1889 potui

130 1919 324 2012 quominus,
346 1918 398 1988 ira
418 1915 575 2001 dictante,
604 1916 669 1987 sibi
691 1927 866 2009 tamquam
887 1927 1062 1989 coaetaneo
1079 1919 1203 2002 amico,

130 2039 357 2111 familiaritate
389 2059 470 2131 quae
502 2039 587 2108 mihi
614 2062 693 2110 eum
723 2039 813 2110 illius
843 2038 982 2129 ingenio
1006 2051 1076 2124 est,
1104 2040 1206 2131 quasi

130 2173 328 2255 temporum
355 2160 499 2246 oblitus,
531 2160 731 2246 scriberem,
757 2171 792 2231 et
817 2160 945 2252 quibus
971 2162 1006 2232 iu
1031 2185 1072 2234 eo
1105 2163 1206 2237 dictis

131 2284 322 2356 offenderer
340 2285 583 2357 admonerem:
610 2304 689 2377 quae
714 2283 798 2354 mihi
819 2283 981 2374 cogitatio
1001 2284 1206 2379 principium

130 2410 195 2481 fuit
214 2418 304 2480 utet
323 2410 462 2481 Senecae
484 2407 705 2500 tragoediam,
728 2427 808 2499 quae
828 2405 1027 2478 inscribitur
1046 2408 1204 2493 Octavia,

130 2545 209 2627 post
233 2554 343 2603 annos
369 2535 540 2623 relegens,
567 2531 667 2627 parili
691 2533 818 2625 impetu
845 2531 956 2603 eidem
985 2554 1137 2625 quoque,
1166 2555 1206 2604 ac

129 2656 266 2740 deiude,
294 2654 392 2726 varia
416 2664 615 2725 occurrente
639 2654 798 2740 materia,
821 2654 969 2724 Varroni
993 2653 1206 2747 Virgilioque

129 2789 233 2870 atque
266 2777 342 2848 aliis
375 2775 582 2857 scriberem3
615 2799 635 2846 e
667 2775 796 2869 quibus
827 2776 962 2868 aliquas
989 2776 1024 2846 in
1050 2786 1207 2848 extrema

129 2911 225 2994 parte
251 2899 356 2970 huius
382 2897 494 2992 operis
520 2897 651 2968 inserui
674 2900 766 2991 (quae
791 2898 857 2967 nisi
883 2899 1124 2991 praemonitum
1159 2900 1206 2967 le-

131 3038 258 3097 ctorem
280 3023 394 3095 subita
411 3033 554 3115 possent
567 3021 793 3094 admiratione
806 3021 1034 3114 perfundere),
1044 3019 1206 3111 quaedam

133 3150 168 3219 iu
192 3149 248 3220 illo
272 3147 409 3242 publico
435 3146 591 3217 incendio
617 3144 758 3237 periere.
786 3141 905 3225 Qualis
933 3141 988 3212 illc
1008 3141 1063 3212 vir
1088 3152 1205 3213 tantus

131 3273 166 3344 in
186 3270 363 3344 doloribus
385 3268 458 3340 suis
479 3267 555 3353 suit,
580 3266 656 3338 talis
676 3288 741 3357 ego
768 3265 803 3336 iu
824 3264 909 3335 meis
929 3265 1073 3335 sueram.
1099 3263 1207 3335 Hodie

133 3405 184 3488 'rut
210 3393 300 3464 scias
326 3404 529 3487 praesentem
556 3388 661 3460 animi
682 3388 748 3459 mei
767 3386 957 3480 habitum),
979 3412 1091 3482 neque
1114 3388 1206 3459 euim

133 3515 342 3587 invidiosum
363 3514 466 3585 suerit
485 3513 520 3585 id
540 3513 624 3584 mihi
646 3512 807 3598 tribuero,
825 3513 920 3606 quod
940 3510 1105 3605 imperitis
1125 3534 1207 3581 eve

132 3639 209 3710 nire
228 3638 275 3711 ait
295 3639 435 3722 Seneca,
457 3639 567 3707 iactus
590 3657 667 3706 sum
687 3658 734 3706 ex
754 3636 830 3729 ipsa
848 3634 1086 3727 desperatione
1107 3652 1206 3699 secu-

133 3762 213 3835 rior.
239 3763 330 3847 Quid
359 3762 451 3833 onim
477 3772 608 3834 metuat
636 3760 695 3853 qui
725 3758 825 3829 toties
851 3780 930 3828 cum
956 3763 1066 3824 morte
1099 3754 1206 3823 lucta-

134 3885 278 3957 tussit?

316 4063 378 4126 Una
395 4064 473 4126 salus
490 4061 579 4125 victis
595 4063 707 4126 nullam
724 4078 847 4141 sperare
864 4063 1002 4123 salutem.

133 4240 336 4315 Animosius
362 4242 396 4313 in
420 4244 495 4316 dies
521 4265 625 4336 agere
651 4240 799 4324 videbis,
827 4239 1016 4310 animosius
1038 4237 1140 4332 loqui.
1163 4239 1207 4312 Et

134 4365 164 4436 si
195 4367 281 4459 quid
317 4367 400 4437 sorte
434 4367 512 4438 stilo
546 4366 689 4457 dignum
728 4387 766 4434 sc
797 4362 976 4444 obtulerit,
1009 4361 1075 4432 erit
1106 4361 1206 4457 stilus

133 4487 207 4581 ipse
230 4489 421 4563 nervosior.
443 4491 551 4562 Multa
571 4510 655 4561 sane
677 4509 714 4559 sc
738 4485 889 4559 offerent.
917 4483 1094 4559 Scribendi
1114 4485 1205 4557 enim
