2692 5024
206 691 263 763 att
545 701 586 750 nn
606 701 706 751 nunus
727 700 950 751 susurramus

205 849 326 922 crebra
358 850 510 942 undique
546 853 643 921 velut
672 848 874 920 instantium
903 849 1140 943 prooellarum
1175 849 1289 942 signa.

204 974 337 1045 Graves
359 975 490 1045 frontes
524 970 660 1043 turbida
689 970 803 1042 nubes
834 969 1047 1056 obduxerat,
1082 982 1119 1043 et
1151 971 1292 1044 turbida

205 1108 345 1190 pectora
360 1116 538 1191 pugnaces
556 1093 727 1186 urgebant
743 1094 849 1165 venti.
867 1094 1108 1186 Fulgurabant
1126 1096 1219 1168 oculi
1236 1119 1292 1168 ar-

204 1221 342 1305 dentes,
362 1219 494 1291 tlabant
513 1240 573 1290 ora
593 1216 737 1289 minacia
760 1214 1006 1311 tonabantque3
1029 1195 1140 1313 prope
1157 1231 1237 1290 erat
1258 1229 1291 1290 nt

206 1367 330 1417 manus
351 1342 466 1435 impiae
486 1341 717 1412 fulminarent.
745 1341 876 1435 AEquor
901 1342 1051 1414 aulicum
1077 1341 1149 1412 iam
1179 1352 1289 1414 turne

206 1467 279 1539 bat:
301 1468 439 1558 iamque
464 1474 575 1534 aestus
600 1462 806 1535 horrisonus
831 1470 866 1533 et
892 1461 1057 1556 reciproci
1083 1463 1233 1551 fluctus,
1259 1475 1291 1536 et

206 1588 382 1661 obsooenae
403 1607 504 1668 aves,
530 1595 567 1656 et
591 1583 773 1678 peregrina
793 1584 951 1680 prodigia
970 1585 1102 1659 vestris
1123 1589 1199 1658 late
1221 1587 1290 1660 lito

205 1710 302 1783 ribus
321 1709 558 1816 recursabant.
580 1710 689 1782 Morte
710 1709 804 1802 regis
825 1718 958 1780 mutua
978 1709 1077 1802 regni
1102 1710 1235 1796 facies,
1258 1723 1292 1784 et

206 1859 285 1909 cum
302 1835 407 1909 unius
427 1834 493 1908 viri
514 1836 642 1919 anima,
655 1833 810 1906 omnium
830 1833 931 1925 vigor
951 1844 987 1906 et
999 1833 1188 1907 consilium
1210 1859 1290 1910 evu-

189 1960 328 2032 nuisse
341 1958 558 2032 videbantur.
575 1957 824 2052 spectabamus
837 1958 915 2029 baec
930 1979 1064 2044 omnes,
1087 1959 1288 2055 futurisque

207 2107 276 2157 non
297 2106 398 2157 secus
415 2106 456 2155 ao
477 2083 710 2177 praesentibus
729 2081 944 2173 angebamur
960 2083 1073 2155 malis.
1092 2086 1211 2180 Loqui
1232 2109 1289 2158 an-

208 2220 276 2280 tem
298 2206 378 2303 quis
398 2208 542 2280 auderet
562 2206 620 2278 ubi
642 2207 702 2277 vix
721 2204 817 2276 liberi
838 2207 1010 2297 cogitatus
1030 2221 1147 2295 erant,
1167 2220 1205 2283 et
1224 2230 1307 2284 non·

208 2343 339 2404 tantum
355 2330 512 2415 vocibus,
530 2330 592 2401 sed
605 2330 747 2401 nutibus
762 2341 880 2424 parata
895 2329 1086 2422 supplicia?
1111 2334 1288 2417 Quamob

208 2480 280 2528 rem
306 2456 341 2526 in
362 2454 474 2524 triviis
498 2455 584 2523 muti
605 2476 748 2536 omnes;
772 2453 807 2523 in
841 2453 1000 2524 thalamis
1027 2477 1195 2528 murmur
1222 2480 1288 2529 am-

209 2579 371 2670 biguum,
409 2587 534 2646 moesta
569 2577 761 2668 praesagia,
797 2588 831 2648 ct
865 2576 1142 2668 impendentium
1183 2584 1289 2652 nuntii

211 2704 391 2783 matorum,
415 2699 507 2769 taciti
527 2720 693 2789 augures,
717 2710 829 2768 metus
855 2720 895 2769 ac
919 2698 1027 2769 dolor.
1055 2701 1220 2794 Denique
1246 2705 1289 2775 sio

209 2824 338 2916 apertis
363 2821 471 2892 oculis
498 2828 699 2913 torpuerant
718 2819 838 2904 animi,
861 2820 960 2912 quasi
981 2843 1070 2913 quos
1097 2823 1204 2895 vicini
1230 2828 1289 2897 lul

210 2946 312 3016 minis
346 2949 407 3015 lux
436 2943 610 3015 horrenda
642 2943 898 3035 perstringeret.
929 2943 1052 3029 Nemo,
1080 2946 1152 3016 nisi
1178 2950 1285 3031 fallor,

210 3094 299 3142 unus
326 3070 504 3141 bominum
526 3091 581 3139 me
602 3070 754 3161 apertius
782 3066 905 3150 timuit,
933 3067 1112 3158 doluitque
1135 3070 1287 3142 liberius.

209 3195 319 3262 Nemo
336 3193 391 3261 illa
412 3191 518 3262 curiae
539 3200 697 3282 portenta
716 3201 750 3261 et
770 3191 974 3282 introspexit
992 3193 1140 3277 acutius,
1157 3206 1195 3265 et
1211 3218 1288 3266 con-

212 3314 380 3383 tumacius
402 3321 461 3384 aut
484 3314 601 3403 lingua
618 3312 790 3405 percussit
805 3322 866 3382 aut
885 3315 1028 3384 calamo.
1047 3315 1124 3386 Heu
1144 3330 1286 3409 quanta,

211 3455 386 3527 quamque
398 3435 542 3505 evidens
557 3434 818 3526 proverbiorum
838 3433 944 3505 fides!
960 3436 1050 3505 lllala
1068 3437 1286 3524 vaticinetur,

212 3560 383 3652 inquiunt,
399 3560 457 3651 qui
475 3570 574 3629 vates
594 3557 767 3628 veridicus
785 3556 857 3628 fieri
876 3561 959 3628 vult.
980 3559 1024 3629 Et
1040 3559 1193 3632 iterum:
1214 3585 1289 3634 raro

212 3685 280 3753 ulla
300 3681 476 3753 calamitas
496 3681 691 3751 solaverit.
713 3681 769 3750 Sic
789 3693 857 3765 est,
881 3682 931 3752 sic
950 3680 996 3751 ab
1016 3681 1172 3774 antiquis
1194 3687 1290 3759 audi-

212 3807 342 3886 vimus
363 3804 412 3875 sic
428 3804 601 3875 videmus.
621 3804 747 3894 Magna
765 3825 903 3896 semper
922 3824 1160 3878 aerumnarum
1182 3810 1289 3889 acies;

212 3926 419 3998 incomitatae
440 3948 508 3997 non
528 3926 700 4017 prodeunt
726 3926 885 3997 miseriae.
908 3928 947 3997 ln
972 3929 1099 4000 multas
1125 3931 1290 4004 incidisse

214 4071 251 4118 se
277 4050 426 4133 noverit,
454 4047 573 4141 quiin
600 4070 704 4119 unam
729 4048 856 4121 incidit.
878 4050 1047 4143 Equidem
1075 4052 1170 4123 utin
1197 4065 1291 4125 tanta

213 4175 380 4242 malorum
419 4170 517 4265 eopia
550 4170 696 4242 miseros
734 4175 861 4244 multos
899 4195 980 4244 esse
1021 4195 1173 4247 necesse
1214 4190 1289 4256 est;

214 4294 321 4364 sicin
348 4305 442 4366 tanta
468 4294 636 4365 bonorum
664 4295 790 4389 inopia,
817 4297 935 4368 felices
968 4319 1108 4389 paucos.
1136 4300 1182 4370 Et
1207 4323 1290 4373 sane

214 4414 349 4484 miseris
395 4417 672 4512 miserorumque
718 4418 904 4511 gemitibus
951 4441 993 4491 ac
1036 4424 1192 4513 querelis
1238 4448 1292 4496 re-

213 4534 300 4603 ferta
321 4545 402 4606 sunt
420 4540 545 4611 omnia.
568 4541 692 4611 Contra
719 4551 849 4626 autem,
877 4564 981 4633 quam
1008 4540 1054 4614 sit
1083 4548 1290 4621 mortalibus
