2692 5024
426 720 576 771 urlsromt
597 723 638 771 ΑΙ)
658 723 827 773 POSTEROS.
1141 712 1160 771 5

91 865 161 935 vita
185 863 357 934 destituit:
384 864 516 934 infelix!
545 887 652 955 quum
678 865 816 935 feliciter
846 875 924 935 ante
949 865 1040 935 Petri
1065 888 1158 936 aram

90 985 175 1056 mori
200 994 235 1056 et
259 985 296 1053 in
321 987 423 1056 domo
448 985 586 1078 propria
610 986 788 1077 potuisset.
811 986 891 1057 Sive
910 986 1001 1056 enim
1023 1008 1160 1056 succes-

91 1130 186 1180 sores
206 1108 282 1179 eius
304 1108 338 1176 in
359 1130 423 1179 sua
449 1109 532 1179 sede
553 1109 769 1193 mansissent,
791 1118 826 1179 et
850 1109 924 1202 ipse
944 1109 1024 1180 boni
1045 1112 1159 1201 operis

89 1240 209 1303 auctor
228 1238 317 1312 erat;
338 1229 412 1300 sive
429 1229 602 1314 abiissent,
621 1239 655 1300 et
672 1241 765 1301 tanto
782 1231 892 1324 ipsius
909 1233 1032 1303 clarior
1047 1233 1159 1303 virtus

91 1364 219 1448 quanto
231 1353 366 1423 illorum
383 1355 483 1445 culpa
496 1353 718 1446 conspectior.
734 1353 802 1425 Sed
814 1355 890 1425 haeo
906 1355 1039 1445 longior
1056 1364 1159 1447 atque

92 1476 242 1547 incidens
268 1486 322 1546 est
345 1477 494 1567 querela.
521 1475 570 1545 lbi
596 1476 700 1567 igitur
725 1477 958 1549 ventosissimi
979 1478 1089 1548 amnis
1115 1477 1159 1551 ad

91 1600 198 1692 ripam
224 1599 404 1691 pueritiam
432 1597 498 1668 sub
521 1599 737 1692 parentibus
759 1622 799 1670 ac
823 1597 945 1671 deinde
972 1599 1039 1670 sub
1062 1599 1160 1670 vani-

92 1721 217 1792 tatibus
239 1721 324 1791 meis
346 1720 609 1803 adolescentiam
635 1730 741 1792 totam
765 1722 834 1812 egi,
856 1744 926 1793 non
951 1730 1064 1794 tanmn
1085 1721 1159 1793 sine

91 1843 224 1934 magnis
251 1842 535 1934 digressionibus.
561 1844 717 1936 Namque
742 1844 807 1915 hoc
833 1854 984 1937 tempore
1010 1846 1160 1938 Carpen-

92 1975 184 2036 toras
209 1966 330 2038 civitas
357 1987 464 2057 parva
487 1974 523 2035 et
546 1965 594 2035 illi
619 1966 664 2037 ad
689 1966 852 2036 orientem
879 1967 1049 2058 proxima,
1073 1990 1160 2059 qua-

91 2087 244 2158 driennio
262 2089 395 2178 integro
420 2110 475 2159 me
499 2087 628 2170 habuit,
649 2087 752 2180 inque
773 2088 827 2158 his
848 2088 984 2160 duabus
1005 2089 1159 2180 aliquan-

91 2211 199 2279 tulum
222 2209 468 2292 Grammaticae‚
496 2208 688 2279 Dialecticae
713 2231 753 2279 ac
778 2209 969 2280 Rhetoricae
991 2221 1158 2302 quantum

91 2342 178 2402 aetas
208 2332 316 2423 potuit
344 2331 462 2415 didici,
494 2342 662 2424 quantum
694 2331 820 2401 scilicet
848 2332 883 2399 in
914 2332 1040 2402 scholis
1072 2332 1157 2403 disci

91 2454 189 2537 solet,
216 2455 309 2545 quod
333 2455 538 2546 quantulum
565 2453 620 2538 sit,
647 2453 825 2524 carissime
845 2455 962 2538 lector,
984 2453 1156 2545 intelligis.

31 2623 37 2636 .
89 2575 169 2646 lnde
194 2576 240 2647 ad
264 2577 413 2647 Montem
438 2577 665 2648 Pessulanum
690 2578 804 2666 legum
831 2576 875 2647 ad
902 2576 1053 2648 studium
1079 2598 1159 2668 pro

88 2701 205 2783 lectus,
224 2699 485 2791 quadriennium
505 2700 552 2770 ihi
570 2702 730 2784 alterum3
748 2701 828 2772 inde
843 2701 1041 2786 Bononiam,
1060 2708 1095 2771 et
1111 2699 1158 2770 ibi

90 2821 269 2892 triennium
285 2822 448 2914 expendi,
467 2832 502 2892 et
521 2832 629 2893 totum
647 2824 734 2895 luris
752 2823 869 2894 Civilis
886 2844 1012 2916 corpus
1029 2821 1155 2905 audivi,

89 2944 223 3013 futurus
254 2944 368 3035 magni
399 2947 569 3036 proiectus
600 2945 815 3028 adolescens
846 2954 885 3014 ut
914 2944 1009 3013 multi
1040 2943 1157 3034 opina-

91 3063 227 3150 bantur,
256 3067 284 3136 si
310 3075 423 3159 coepto
447 3067 661 3149 insisterem;
687 3088 753 3156 ego
777 3086 862 3135 vero
888 3064 1042 3134 studium
1072 3064 1155 3136 illud

90 3209 189 3258 omne
212 3188 363 3259 destitui.
389 3190 486 3272 Mox,
514 3199 553 3258 ut
578 3210 632 3258 me
657 3196 837 3280 parentum
869 3209 951 3257 cura
984 3186 1154 3272 destituit,

90 3334 156 3383 non
185 3312 266 3404 quia
299 3314 414 3403 legum
448 3312 531 3383 mihi
561 3332 629 3381 non
661 3312 809 3402 placeret
837 3310 1041 3394 auctoritas,
1076 3330 1156 3402 quae

89 3435 221 3527 absque
238 3433 342 3506 dubio
360 3457 485 3526 magna
501 3443 562 3517 est,
585 3444 618 3505 et
635 3435 798 3504 Romauae
817 3432 1029 3525 antiquitatis
1046 3433 1154 3525 plena,

90 3578 159 3647 qua
178 3555 338 3641 delector,
362 3558 423 3629 sed
443 3558 524 3650 quia
547 3579 666 3628 earum
693 3576 778 3625 usus
803 3555 955 3647 nequitia
980 3555 1154 3626 hominum

90 3677 311 3768 depravatum
329 3679 445 3771 itaque
466 3679 576 3770 piguit
594 3678 800 3770 perdiscere,
819 3699 888 3769 quo
908 3677 1086 3746 inhoneste
1106 3674 1155 3742 uti

89 3801 210 3869 nollem
235 3788 270 3871 et
299 3801 441 3871 honeste
470 3800 533 3871 vix
562 3822 714 3892 possem,
745 3809 780 3870 et
806 3800 835 3870 si
860 3799 994 3879 vellem,
1021 3793 1155 3885 puritas

91 3919 233 3991 inscitiae
263 3919 442 3993 tribuenda
470 3930 573 3992 esset.
605 3922 722 4012 ltaque
748 3917 936 3989 secundum
965 3924 999 3984 et
1027 3913 1156 4003 vigesi-

89 4064 181 4113 mum
207 4067 333 4114 annum
359 4066 464 4134 agens
490 4043 631 4115 domum
661 4041 763 4112 redii:
793 4038 932 4109 domum
959 4057 1045 4107 voco
1070 4033 1154 4104 Avi-

88 4166 252 4236 nionense
272 4166 356 4237 illud
381 4166 538 4250 exilium,
561 4165 620 4234 ubi
646 4163 691 4234 ab
715 4160 866 4231 inlantiae
887 4179 974 4228 meae
995 4156 1063 4227 fine
1082 4158 1155 4228 lue-

89 4310 172 4358 ram.
200 4288 309 4359 Habet
333 4290 424 4360 enim
441 4286 667 4360 'consuetudo
692 4281 884 4377 proximam
913 4279 983 4349 vim
1008 4287 1151 4351 naturae.

88 4409 136 4479 lbi
155 4431 240 4499 crgo
261 4411 328 4480 iam
349 4411 444 4481 nosci
468 4430 547 4501 ego,
575 4418 609 4477 et
635 4401 845 4475 familiaritas
872 4421 949 4471 mea
975 4425 995 4473 a
1019 4400 1153 4492 magnis

89 4532 171 4603 viris
189 4533 304 4624 expeti
321 4541 487 4625 coeperat:
505 4554 567 4602 cur
583 4539 707 4609 autem,
722 4522 854 4596 nescire
869 4547 960 4597 nunc
976 4548 1032 4597 me
1046 4527 1154 4625 fateor
