2692 5024
350 694 442 743 ιιιιιιιι
463 689 821 742 marrus-murum
840 691 905 740 ιιιιι.
1106 678 1160 741 tu

88 843 178 938 pelle
203 839 359 912 delicias:
394 837 424 909 si
455 837 584 907 malum
610 856 713 907 omne
745 834 800 905 vis
825 834 969 929 pellere',
998 836 1088 930 pelle
1111 833 1164 907 di·

89 964 204 1037 vitias.
228 961 322 1034 Vale.

230 1108 273 1163 lld
287 1108 392 1164 lentem
405 1106 526 1178 Surgiae,
542 1103 567 1161 11
581 1104 643 1159 Kal.
658 1103 732 1159 lulii.

497 1488 672 1555 EPISTOLA
689 1491 758 1555 XIV.

325 1681 519 1731 rnlncrscus
536 1650 766 1731 resurectio
784 1682 937 1733 ranoruu.

236 1872 390 1944 Paupercm
403 1888 432 1925 se
447 1887 502 1926 non
517 1887 598 1943 posse
609 1870 767 1942 indigentia
780 1872 839 1926 eius
855 1872 994 1945 opitulari.

185 2083 320 2174 Regum
341 2080 537 2152 cervicibus
571 2080 771 2174 impositum
804 2081 961 2176 pecuniae
982 2082 1101 2176 iugum
1128 2086 1168 2156 li-

88 2204 240 2278 berrima
260 2205 495 2297 indignatione
516 2202 643 2274 reiicio.
664 2203 740 2273 Non
759 2204 885 2289 sinam,
905 2205 935 2276 si
952 2206 1025 2277 Deo
1044 2208 1164 2299 placet,

87 2328 236 2400 metallis
256 2327 389 2398 servire
407 2325 561 2398 animum
579 2326 625 2398 ad
640 2326 770 2398 maiora
789 2327 1007 2423 dispositum.
1028 2331 1087 2402 llla
1104 2329 1169 2422 igi-

88 2461 153 2538 tur,
173 2450 334 2545 quoniam
353 2470 510 2543 praeesse
526 2446 707 2544 prohibeo,
727 2449 874 2522 subesse
891 2472 960 2524 non
978 2452 1114 2546 patitur,
1133 2463 1169 2525 ct

87 2598 192 2670 quem
215 2595 357 2645 servum
375 2571 505 2643 habere
521 2593 590 2642 non
607 2582 734 2667 potest,
750 2573 930 2646 dominum
947 2574 1166 2668 dedignatur.

86 2700 203 2772 Minus
224 2699 363 2789 loquor3
385 2695 568 2790 superbior
586 2706 642 2767 est
660 2720 766 2791 quam
786 2696 876 2769 dixi:
898 2721 963 2799 nec
984 2721 1040 2772 me
1056 2699 1169 2773 domi-

88 2846 174 2897 num
186 2823 263 2894 vult
279 2821 421 2905 habere,
441 2842 505 2891 nec
522 2822 698 2892 comitem:
716 2832 856 2894 recusat
872 2821 1065 2916 imperium,
1083 2824 1170 2894 ami-

88 2948 204 3022 citiam
224 2969 293 3019 non
313 2945 476 3017 admittit:
497 2945 626 3038 trangit
646 2955 776 3029 vectes
801 2947 906 3017 solvit
925 2946 1046 3031 nodos,
1070 2967 1169 3038 sper-

89 3071 141 3143 nit
168 3072 293 3143 arculae
318 3089 407 3139 meae
434 3089 561 3139 seram.
588 3070 678 3139 llum
706 3067 876 3139 clausisse
909 3068 1001 3139 illam
1022 3068 1165 3154 videor,

88 3192 209 3286 nescio
230 3193 359 3287 quibus
385 3189 519 3261 rimulis
545 3189 658 3262 invisa
683 3188 856 3261 dilabitur.
885 3190 923 3263 ld
949 3210 1035 3262 sane
1059 3190 1165 3278 mibi,

88 3328 127 3391 ut
140 3338 234 3413 saepe
247 3317 444 3399 molestum,
460 3316 511 3386 sic
528 3313 716 3406 gloriosum
736 3337 874 3408 semper
890 3313 1063 3403 existimo,
1083 3315 1168 3388 dum

86 3438 327 3533 circumspicio
346 3437 476 3532 quibus
508 3438 565 3509 illa
597 3435 793 3533 mancipiis,
820 3446 857 3507 et
880 3459 1028 3532 quorum
1061 3439 1170 3512 soleat

87 3561 240 3656 hospitio
265 3559 437 3632 delectari.
465 3559 526 3631 His
547 3560 594 3633 ita
621 3581 658 3631 se
683 3559 907 3647 habentibus,
935 3561 1111 3654 ignosces,
1140 3559 1170 3630 si

89 3682 197 3780 (quod
224 3683 333 3754 multo
359 3681 443 3753 mihi
476 3704 581 3777 qnam
612 3680 672 3753 tibi
697 3672 841 3776 gravius
866 3682 933 3777 est)
960 3690 1170 3775 praesentem

88 3805 315 3899 indigentiam
336 3815 445 3891 tuam,
479 3806 677 3901 pecuniaria
710 3829 775 3903 ope
807 3828 876 3879 non
910 3806 1037 3877 relevo.
1060 3803 1105 3875 Αι
1124 3824 1169 3875 ne

89 3929 174 3999 nibil
192 3938 294 4023 putes
316 3939 347 4000 te
368 3928 551 4001 scribendo
567 3931 768 4025 profecisse,
786 3929 872 4001 scito
891 3927 1027 4021 copiam
1046 3927 1170 4020 pigno-

90 4074 168 4123 rum
189 4055 397 4146 0ptim0rum
418 4059 572 4145 paratam
595 4053 656 4124 tibi
678 4051 770 4146 apud
791 4073 862 4136 me,
885 4071 991 4144 quam
1012 4059 1051 4122 ut
1070 4048 1116 4122 ad
1136 4056 1170 4123 ta

88 4176 274 4270 perterret,
296 4176 439 4247 nuntius
461 4186 540 4248 tuus
562 4177 656 4248 nullo
677 4174 741 4245 sibi
762 4173 965 4269 persuaderi
987 4173 1099 4267 quivit
1117 4174 1171 4243 in·

89 4299 203 4392 genio.
226 4299 310 4371 lube
331 4299 427 4370 illum
444 4298 488 4370 ad
508 4320 573 4383 mc,
597 4297 661 4370 sed
678 4297 903 4382 exorabilem,
918 4296 1057 4370 reverti.
1076 4293 1171 4370 Alio·

88 4423 174 4517 quin
197 4445 297 4495 meus
318 4422 363 4494 ad
384 4432 418 4493 te
438 4420 564 4506 veniet,
586 4421 653 4493 etsi
673 4422 802 4493 vulnus
821 4429 980 4492 nostrum
994 4419 1089 4508 nulli,
1102 4420 1171 4493 nisi

90 4547 235 4637 medico,
257 4549 449 4620 revelatum
468 4543 584 4619 velim.
604 4546 777 4620 Praeterea
797 4542 854 4616 bis
872 4542 958 4617 illud
977 4541 1170 4621 addiderim
