2692 5024
406 657 499 707 urana
518 658 887 716 ausurus-neumis
907 662 947 709 iv.
1151 648 1206 711 211

133 823 213 872 cum
234 799 355 870 litteris
376 799 420 871 ad
440 822 496 870 me
517 803 619 873 venit.
643 803 701 872 llle
722 825 777 872 me
799 803 1084 895 exquisitissimis
1107 804 1211 875 ratio-

134 921 238 994 nibus
259 933 298 993 ut
313 944 391 994 eam
410 923 580 994 Patisium
601 923 770 996 hortatur.
789 924 875 1007 Quis
898 947 1062 1017 unquam,
1085 947 1146 996 oro
1167 936 1208 1012 te,

134 1052 342 1116 eventurum
361 1047 428 1117 tale
448 1044 579 1138 aliquid
599 1045 664 1116 bos
690 1046 777 1117 inter
804 1050 964 1142 scopulos
989 1046 1212 1119 divinasset?
1295 1073 1298 1077 ·

133 1169 179 1238 Et
198 1189 295 1252 sane,
314 1167 397 1260 quia
421 1189 479 1238 res
500 1189 600 1261 paene
621 1167 830 1239 incredibilis
856 1169 1007 1254 videtur,
1030 1179 1211 1262 utramque

132 1291 316 1386 epistolam
337 1289 455 1360 illaesis
477 1289 587 1380 signis
608 1290 653 1362 ad
674 1300 708 1361 te
729 1291 818 1361 misi.
845 1293 927 1364 Haeo
951 1291 996 1363 ad
1021 1291 1208 1378 orientem,

133 1415 214 1487 haeo
239 1414 284 1486 ad
308 1412 521 1484 occidentem
548 1422 659 1484 vocat.
686 1413 829 1485 Videbis
854 1437 959 1506 quam
985 1413 1110 1485 validis
1132 1414 1211 1485 bino

133 1547 239 1630 atque
258 1536 350 1607 illine
369 1537 584 1626 argumentis
605 1558 752 1629 premor.
775 1537 853 1609 Soio
877 1537 1019 1629 quidem
1045 1537 1080 1607 in
1106 1536 1211 1609 rebus

132 1660 297 1732 humanis
318 1661 389 1731 lere
407 1657 569 1729 omnibns
586 1658 669 1729 nibil
689 1659 788 1760 solidi
807 1662 934 1732 inesse.
953 1662 1087 1752 Magna,
1102 1661 1138 1731 ni
1150 1663 1213 1732 lul-

133 1784 200 1869 lor,
235 1782 270 1852 in
302 1794 399 1876 parte
418 1803 579 1853 curarum
610 1791 819 1876 actuumque
848 1793 1046 1855 nostrorum
1078 1781 1212 1857 umbris

133 1904 316 1977 eludimur.
339 1904 483 1988 Tamen,
503 1914 543 1974 ut
559 1912 617 1974 est
632 1904 768 1976 animus
789 1906 954 1978 iuvenum
972 1906 1092 1996 gloriae
1107 1928 1214 2001 appe-

132 2027 260 2099 tentior
279 2050 384 2120 quam
405 2027 563 2113 virtutis,
590 2051 653 2099 our
673 2050 742 2098 non
766 2050 832 2119 ego
860 2026 1033 2122 (quoniam
1060 2027 1154 2121 apud
1179 2036 1214 2099 ta

131 2149 347 2222 familiariter
368 2148 537 2242 gloriandi
559 2162 706 2244 praestas
732 2147 927 2243 audaciam)
949 2160 1020 2220 tam
1040 2151 1109 2221 hoo
1128 2150 1213 2220 mihi

132 2273 324 2364 gloriosum
345 2295 434 2359 rear,
466 2296 573 2368 quam
601 2273 666 2344 sibi
693 2273 773 2344 olim
799 2274 1062 2368 potentissimus
1086 2272 1214 2345 Africae

131 2418 255 2487 negum
276 2398 434 2492 Syphax,
457 2399 553 2492 quod
577 2419 645 2470 uno
669 2397 862 2491 eodemque
888 2407 1041 2491 tempore
1065 2397 1213 2469 duarum

131 2528 204 2590 toto
216 2519 301 2590 orbe
315 2522 548 2593 maximarum
562 2521 711 2606 urbium,
726 2522 846 2592 Romae
863 2531 969 2614 atque
983 2520 1211 2613 Carthaginis,

130 2641 166 2712 in
191 2642 377 2713 amicitiam
398 2648 601 2715 vocaretur?
620 2644 791 2715 Nimirum
817 2643 987 2736 idregno
1005 2644 1081 2715 eius
1107 2654 1213 2738 atque

130 2763 256 2858 opibus
278 2764 507 2850 tribuebatur3
529 2769 595 2840 boo
614 2767 709 2838 mihi.
730 2769 851 2862 ltaque
870 2766 965 2837 illnm
978 2768 1067 2839 inter
1087 2789 1214 2839 aurum

130 2911 172 2960 ao
192 2910 348 2981 gemmas
371 2891 521 2984 superbo
547 2891 634 2963 solio
660 2890 865 2978 subnixum,
888 2901 923 2961 et
943 2891 1086 2962 armatis
1108 2891 1213 2984 stipa-

130 3022 205 3083 tum
232 3011 438 3083 satellitibus
461 3014 514 3084 sui
542 3013 713 3107 supplices
736 3034 910 3107 raperere;
937 3035 994 3082 me
1017 3011 1211 3103 solivagum

130 3157 233 3207 mane
253 3134 289 3204 in
311 3133 422 3219 silvis,
447 3157 525 3205 sero
546 3146 661 3205 autem
683 3135 717 3204 in
739 3135 856 3228 pratis,
880 3135 1013 3224 Sorgiae
1038 3133 1122 3226 ripis
1148 3132 1212 3203 ob-

131 3256 366 3330 ambulantem
383 3257 592 3328 invenerunt
608 3258 692 3327 mei:
710 3256 794 3327 mihi
812 3256 922 3328 honor
934 3255 1083 3340 offertur,
1098 3256 1143 3328 ab
1155 3255 1213 3330 illo

131 3381 299 3453 auxilium
321 3379 538 3473 poscebatur.
557 3379 803 3474 sedquoniam
817 3379 934 3451 laetitia
948 3379 1086 3453 inimica
1097 3379 1213 3454 oonsi-

132 3504 178 3575 lio
199 3513 265 3587 est,
285 3507 411 3592 fateor,
436 3513 474 3575 ut
495 3508 595 3576 laetus
617 3513 761 3589 eventu,
783 3503 832 3574 sic
849 3501 979 3575 dubius
996 3503 1101 3574 animi
1120 3525 1209 3575 sumt

98 3667 108 3675 ·
131 3629 240 3720 Urget
263 3628 355 3699 enim
382 3630 461 3702 hine
487 3628 651 3700 novitatis
675 3628 800 3719 gratia,
826 3627 907 3698 bino
931 3626 1126 3698 reverentia
1150 3645 1211 3695 ve-

131 3752 288 3834 tustatis3
309 3750 389 3823 hino
408 3751 555 3837 amicus,
573 3750 652 3821 bino
671 3750 792 3844 patria.
807 3751 920 3820 Unum
934 3748 979 3819 ab
993 3749 1101 3817 altera
1115 3747 1211 3817 lanea

130 3874 387 3967 praeponderat,
410 3874 505 3966 quod
531 3897 596 3944 rex
621 3874 757 3945 Siculus
784 3875 818 3944 in
845 3872 941 3943 ltalia
967 3880 1033 3954 est,
1061 3889 1164 3961 quem
1190 3889 1211 3939 a

130 3994 264 4067 cunctis
286 3996 500 4082 mortalibus
519 3995 672 4088 aequiore
690 3997 814 4080 animo,
830 3993 957 4086 ingenii
975 3991 1122 4065 iudicem
1141 3991 1211 4082 pati

130 4139 286 4211 possum.
306 4122 475 4213 Cnrarum
496 4138 652 4188 mearum
674 4118 801 4190 fluctus
822 4116 934 4187 vides.
957 4117 1023 4199 Tu,
1043 4112 1211 4208 quemad

129 4263 250 4313 earum
272 4242 509 4334 gubernacula
528 4260 653 4309 manns
673 4237 852 4330 porrigere
878 4258 946 4308 non
973 4236 1108 4330 puduit,
1142 4234 1209 4306 flu-

129 4373 305 4436 ctuantem
327 4365 480 4434 animum
496 4362 639 4433 consilio
662 4371 721 4430 tuo
742 4381 857 4451 reges.
879 4362 974 4431 Vale.
1205 4361 1210 4370 '

273 4507 315 4560 ild
329 4507 432 4562 sontem
447 4506 568 4577 Sorgiae,
584 4503 645 4595 llal.
660 4503 814 4577 Septembr.
830 4504 865 4561 ud
879 4522 1031 4579 vesperam.
