2692 5024
333 678 424 726 uruuu
448 677 651 727 uerutus·
666 679 819 728 urrsrouu
838 681 869 728 u.
1084 667 1139 729 tt}

62 823 208 906 irritato,
236 844 298 915 pro
324 846 514 918 paucorum
541 826 627 894 forte
649 825 784 895 dierum
806 825 934 916 gaudio
956 835 1141 918 praerepto,

61 947 248 1016 multorum
271 943 370 1015 nohis
393 966 561 1015 annorum
590 945 786 1016 iucunditas
812 956 1068 1038 compensetur.
1094 949 1144 1018 De

59 1065 125 1138 hoc
148 1076 262 1138 tamen
284 1067 341 1138 iila
363 1067 503 1150 viderit,
527 1067 627 1139 cuius
648 1067 869 1139 adamantina
895 1067 1023 1138 duritie
1049 1089 1144 1160 saepe

60 1189 203 1259 humani
222 1189 354 1261 consilii
376 1189 470 1260 acies
491 1187 627 1259 infirma
646 1188 852 1260 retunditur.
876 1190 976 1260 Certe
1001 1210 1068 1280 ego
1094 1189 1144 1259 sic

59 1310 143 1380 mihi
166 1308 275 1402 fingo,
300 1312 349 1381 sic
369 1311 496 1401 cogito,
520 1310 570 1380 sic
592 1332 706 1403 spero,
729 1321 765 1382 et
785 1312 818 1381 in
847 1312 911 1382 hac
938 1332 1000 1402 spe
1026 1309 1144 1380 multis

58 1430 229 1502 obsessus
255 1431 432 1502 laboribus
458 1430 678 1524 conquiesco.
704 1435 754 1503 De
775 1455 845 1526 quo
871 1432 956 1525 quid
981 1431 1142 1514 seutiam,

59 1553 191 1644 quidve
217 1553 276 1623 tibi
305 1575 476 1624 suasurus
504 1552 583 1636 sim,
612 1553 705 1645 quod
729 1564 765 1625 et
790 1576 916 1644 magna
937 1574 995 1625 res
1016 1563 1082 1638 est,
1109 1561 1146 1625 et

59 1675 203 1746 nuntius
232 1675 287 1746 hic
317 1675 467 1760 festinat,
497 1674 530 1744 in
564 1675 657 1747 diem
692 1675 796 1747 alium
830 1675 969 1749 differre
1002 1683 1144 1748 coactus

59 1820 149 1868 sum.
172 1799 266 1869 Vale.

202 1942 240 1996 111
256 1941 349 1997 Nonas
363 1944 457 1998 Maiae.

481 2305 657 2370 uersuum
681 2307 723 2369 ΙΙΙ.

216 2505 408 2554 FRANCISCUS
430 2503 597 2552 Parauaea
623 2502 758 2550 out'twto
780 2504 839 2550 SUO
861 2504 886 2551 S.
909 2505 936 2551 P.
959 2505 988 2552 D.

214 2687 249 2740 Se
263 2685 331 2740 nihil
346 2684 439 2738 miuus
454 2699 539 2754 quam
553 2682 675 2737 reditum
689 2685 717 2738 iu
734 2684 837 2739 Gallias
852 2685 982 2756 cogitare.

155 2915 349 3009 Expectavi
383 2915 503 2996 auxie3
543 2917 691 2988 necdum
724 2926 785 2985 aut
818 2917 951 3008 patiens
982 2916 1139 2995 nuntius,

56 3051 117 3110 aut
136 3037 270 3110 otiosus
291 3036 368 3109 dies
389 3035 509 3107 adsuit.
532 3037 651 3130 ltaque
674 3037 775 3107 simui
807 3045 975 3132 concepta
996 3035 1141 3129 carptim

54 3161 204 3256 explico,
220 3182 288 3231 uon
307 3158 448 3251 quidem
462 3180 509 3228 ex
526 3158 631 3228 animi
652 3158 716 3228 mei
736 3158 906 3229 sententia
923 3182 930 3240 ;
950 3157 1031 3229 novi
1049 3156 1142 3228 enim

55 3282 220 3355 orationis
242 3289 420 3375 perpetuae
440 3292 571 3372 quauta
591 3276 657 3349 vis.
684 3281 743 3350 ille
769 3280 992 3352 orientalium
1019 3280 1143 3351 duvio-

56 3427 132 3473 rum
148 3403 337 3486 maximus
357 3401 475 3473 multis
492 3400 675 3472 distinctus
694 3377 818 3486 aiveis,
839 3403 942 3475 vides
955 3426 1059 3496 quam
1074 3425 1143 3473 nou

55 3525 160 3597 modo
186 3524 422 3618 permeabilis,
445 3524 633 3597 sedetiam
656 3525 927 3618 contemptibilis
946 3527 1057 3597 iactus
1075 3535 1140 3595 est.

56 3648 125 3719 Sed
147 3670 330 3742 pareamus
352 3649 509 3740 tempori,
534 3648 578 3718 sit
598 3646 732 3717 libitum
760 3647 854 3738 quod
881 3647 974 3730 iicet,
1003 3645 1142 3739 quando

55 3770 150 3860 quod
176 3779 231 3840 est
263 3770 398 3841 libitum
425 3792 493 3840 nou
520 3771 606 3840 iicet.
633 3771 677 3838 Et
701 3771 863 3862 quoniam
891 3770 1002 3840 nuntii
1035 3769 1140 3838 huius

55 3890 151 3962 haud
170 3901 224 3962 sat
239 3894 421 3985 explorata
442 3890 530 3962 fides
550 3902 638 3975 erat,
664 3913 765 3961 unam
785 3892 968 3963 dumtaxat
984 3890 1141 3985 epistotae

56 4022 126 4083 tuae
160 4025 291 4106 partem
317 4034 491 4106 exequar,
520 4013 579 4083 ubi
606 4013 754 4083 reditum
781 4015 826 4085 ad
852 4015 979 4084 sontem
1007 4011 1140 4102 Surgiae

54 4134 255 4219 dissuades,
284 4146 321 4205 ut
342 4134 433 4207 iliam
461 4134 523 4205 tibi
550 4133 801 4207 solicitudinem
827 4135 982 4227 eripiam.
1004 4133 1140 4204 Videris

55 4258 148 4328 euim
173 4257 256 4326 mihi
277 4257 322 4328 de
343 4256 408 4328 hac
435 4280 472 4329 re
493 4280 561 4327 nou
583 4255 804 4327 mediocriter
824 4278 960 4339 curare,
990 4278 1053 4327 uec
1079 4255 1142 4326 im-

56 4379 199 4461 merito;
221 4381 316 4472 quod
340 4402 384 4452 eo
410 4377 540 4470 saepius
567 4385 751 4448 vocantem
779 4379 955 4448 Socratem
982 4390 1139 4451 nostrum

56 4520 124 4571 nou
151 4502 272 4574 audire
297 4526 365 4574 nou
391 4501 496 4594 potui.
525 4502 646 4592 Itaque
672 4500 787 4572 victus
814 4499 951 4572 tandem
979 4501 1139 4597 precibus

182 4633 199 4672 ι.
950 4621 981 4670 27
