2692 5024
405 722 497 770 111111
519 718 859 771 antuus-nmmum
882 720 924 768 111.
1171 706 1210 767 uc

128 873 279 955 additur,
303 889 557 960 supervacuum
579 867 654 938 erit.
678 868 720 938 Ut
737 877 853 937 tamen
870 867 990 959 paucis
1008 867 1208 960 expediam,

127 992 221 1066 haud
254 989 423 1060 absimilis
456 1001 511 1060 est
543 988 616 1059 seni
641 987 814 1071 Plautin0,
836 988 936 1058 ouius
958 1010 1072 1060 mores
1107 1001 1211 1082 atque

129 1115 281 1186 animum
306 1111 459 1182 mordaci
481 1112 553 1180 sale
574 1130 782 1201 respergens
809 1130 934 1181 servus
960 1110 1017 1180 ille
1043 1110 1211 1182 111111111-

130 1238 230 1310 laria:

246 1377 363 1440 Pumex
374 1372 500 1455 (inquit)
516 1389 576 1435 non
587 1388 674 1458 aeque
685 1378 730 1435 est
741 1373 845 1435 aridus
855 1372 1005 1450 atquebic
1016 1379 1062 1436 est
1073 1389 1180 1436 senex:

249 1474 328 1548 Quin
341 1474 450 1537 divum
465 1478 556 1550 atque
573 1470 734 1533 bominum
750 1471 859 1533 clamat
876 1472 1021 1533 continuo
1039 1472 1145 1548 tldom,

250 1573 343 1636 Suam
360 1585 428 1634 rom
447 1569 576 1648 periisse
591 1585 685 1649 seque
702 1570 901 1646 cradicaricr,

249 1671 291 1734 lle
307 1687 364 1733 suo
381 1667 475 1747 tigillo
492 1668 598 1730 tumus
614 1667 642 1729 si
659 1683 719 1746 qua
738 1667 802 1729 exit
818 1668 915 1744 toras,

251 1764 345 1840 Quin,
363 1780 436 1825 cum
453 1762 476 1823 it
490 1761 675 1840 dormitum,
694 1762 796 1825 iollem
811 1762 974 1842 obstringit
991 1766 1031 1829 ob
1047 1764 1149 1846 gulam

252 1911 339 1926 .....
354 1861 397 1923 111
413 1861 487 1939 quid
499 1860 608 1922 animae
625 1861 704 1922 torto
721 1861 839 1924 amittat
856 1862 1021 1926 dormiens.

249 1962 369 2040 Aquam
384 1960 484 2021 1111111
500 1957 612 2039 plorat,
625 1973 698 2019 oum
715 1957 809 2033 lavat,
826 1958 1023 2037 profundere.

251 2057 375 2119 Famem
390 2055 490 2118 hercle
508 2055 650 2118 utendam
669 2054 695 2115 si
712 2070 816 2131 roges,
834 2070 993 2134 nunquam
1009 2056 1098 2120 (labit.

251 2151 332 2224 Quin
350 2150 407 2231 ipsi
424 2150 544 2230 pridem
558 2157 663 2212 tonsor
680 2166 798 2227 ungues
814 2152 985 2231 dempserat
990 2175 999 2227 ;

253 2247 378 2324 Collegit
394 2248 512 2322 omnia,
530 2246 651 2309 abstulit
666 2248 876 2327 praesegmina.

253 2345 445 2407 Pulmentnm
458 2344 578 2424 pridem
596 2345 696 2408 eidem
713 2346 827 2424 eripuit
844 2346 971 2421 milvus;

254 2442 351 2504 Homo
367 2443 405 2505 ad
420 2448 586 2520 praetorem
602 2443 846 2522 deplorabundus
863 2444 959 2506 venit:

255 2538 323 2601 111111
340 2538 382 2601 ibi
398 2542 552 2617 postulare
567 2541 703 2620 plorans,
721 2541 850 2616 eiulans,

254 2637 290 2702 Ut
307 2638 366 2702 sibi
386 2637 491 2700 liceret
511 2638 642 2701 milvum
661 2640 810 2704 vadarier.

252 2735 397 2800 Sexcenta
414 2742 484 2799 sunt
501 2754 570 2817 quae
588 2754 775 2814 memorem,
793 2738 819 2802 si
837 2741 876 2801 sit
894 2740 1004 2801 otium.

136 2887 225 2959 Haec
245 2887 312 2958 ille.
333 2887 444 2957 Huius
466 2896 581 2958 autem
602 2889 712 2959 nostri
734 2889 850 2960 sexies
870 2897 1033 2958 sexcenta
1055 2886 1136 2957 talia
1152 2908 1214 2956 cu·

136 3008 250 3080 riosus
283 3006 456 3078 fabulator
490 3008 650 3080 inveniet.
677 3009 854 3100 Hospitem
885 3004 1021 3099 Apuleii
1053 3006 1214 3075 Milonem

136 3128 387 3219 prodigalitatis
410 3140 534 3219 arguet
558 3129 719 3221 quisquis
745 3129 838 3198 hunc
862 3127 1003 3210 viderit,
1026 3127 1081 3195 vel
1108 3127 1213 3195 semel

137 3249 285 3323 audierit
305 3250 523 3344 disciplinam
544 3251 593 3320 rei
611 3248 791 3320 familiaris
809 3247 1030 3321 oeconomicis
1049 3247 1133 3317 nulli
1152 3271 1216 3318 un-

136 3396 243 3466 quam
257 3372 462 3465 philosopho
474 3372 622 3463 cognitis
638 3371 768 3462 regulis
779 3380 1022 3443 coarctantem.
1031 3369 1099 3442 Sed
1112 3370 1215 3444 nimis

137 3492 259 3565 alienis
280 3491 375 3565 vitiis
393 3494 629 3565 immoramur.
648 3494 843 3566 Redeamus
861 3494 906 3565 ad
924 3495 1073 3587 propria.
1088 3495 1216 3565 Omnes

137 3616 208 3685 sere
228 3616 391 3685 mortales
413 3637 482 3686 uno
507 3614 628 3687 morbo
653 3615 868 3687 laboramus:
889 3615 1056 3686 extremis
1081 3623 1218 3684 contra-

139 3735 198 3807 riis
219 3735 398 3807 iactamur.
420 3737 464 3806 Et
483 3747 538 3806 est
557 3736 643 3808 illud
663 3737 774 3809 Flacci
795 3738 1032 3809 verissimum:

297 3884 378 3946 llum
395 3885 492 3947 ritant
508 3884 591 3948 stulti
608 3885 698 3960 vitia,
717 3886 749 3948 in
769 3884 920 3947 contraria
937 3889 1075 3946 currunt.

140 4023 232 4106 Quid
253 4034 366 4095 autem
387 4028 554 4098 interesse
574 4027 749 4097 credimus
771 4026 860 4096 inter
877 4023 991 4094 Rufilli
1009 4023 1164 4116 pastillos
1182 4034 1217 4095 et

139 4147 302 4238 Gorgonii
323 4149 471 4233 hircum,
491 4157 550 4218 ant
570 4148 658 4217 inter
679 4146 843 4238 Aristippi
863 4145 1028 4214 iacturam
1047 4155 1081 4215 et
1098 4145 1218 4214 Staile

141 4271 181 4339 rii
200 4271 439 4362 epigramma?
458 4272 534 4342 Non
554 4278 690 4362 oportet
709 4289 826 4338 errare
847 4289 907 4359 per
928 4266 1042 4350 devia,
1061 4277 1096 4337 et
1115 4269 1218 4357 longe

141 4410 300 4480 quaerere
320 4389 404 4481 quid
425 4389 543 4462 beatos
565 4390 676 4460 saciat.
691 4387 784 4459 Vitia
800 4389 834 4457 in
856 4387 1023 4461 extremis
1044 4387 1217 4469 habitant;

141 4511 254 4583 virtus
276 4513 310 4582 in
332 4511 445 4584 medio
468 4513 535 4586 sita
553 4523 618 4586 est.
639 4512 734 4584 Vale.
