2692 5024
142 666 240 721 culli
522 664 790 717 momontum.

135 806 185 881 Ep.
203 806 249 863 tc.
268 806 399 863 timuero
412 818 448 861 er
465 802 613 863 Looovrco
629 820 667 863 os
679 804 823 863 Conmcm
835 820 1005 865 meremus.
1015 810 1177 885 -Episto

329 898 391 953 lam
404 900 540 953 mmm.
794 922 799 939 ·

292 984 365 1059 Arp.
387 986 569 1044 lamentetur
588 990 709 1043 mortem
729 985 831 1059 panis,
856 1002 943 1060 seque
959 1001 1007 1044 cos
1019 994 1178 1046 constanter

326 1082 485 1135 amoturum
497 1076 645 1151 promittit.

133 1169 185 1245 Ep.
202 1168 249 1227 tr.
267 1168 313 1225 Ao
324 1182 465 1228 tortorum.
473 1168 617 1241 -Epoo
627 1182 711 1225 meuc
723 1164 846 1225 stoidis
858 1166 927 1223 tois.

292 1260 366 1335 stop.
382 1261 463 1329 Quod
475 1276 581 1333 epum
593 1274 678 1315 sunm
689 1254 850 1315 custodierit
862 1270 1019 1329 unumque
1039 1256 1178 1314 remiserit

326 1348 428 1421 μᾶν
440 1348 511 1421 cpit:
525 1352 555 1403 et
566 1345 728 1421 patientium
739 1344 771 1403 in
782 1344 905 1403 summis
917 1344 1025 1402 suadet.

132 1438 183 1515 Ep.
202 1437 248 1497 te
267 1438 312 1495 Ao
324 1451 458 1495 tortores.
467 1435 702 1495 -Eccottents'oe
713 1440 816 1491 oestro
828 1434 951 1491 littsm

292 1528 366 1601 Arp.
380 1526 462 1585 Dolet
480 1530 601 1583 mortem
623 1523 711 1599 petris
730 1540 845 1595 corum,
861 1529 891 1581 et
908 1523 944 1581 nh
960 1524 1021 1581 eins
1038 1524 1177 1599 epitaphio

327 1612 473 1671 scribendo
484 1628 516 1669 sc
528 1616 642 1669 monost
654 1612 690 1669 ob
701 1613 806 1669 malem
818 1611 864 1669 sui
875 1610 1073 1669 custudinem

131 1705 182 1781 Ep.
201 1704 247 1763 to.
266 1702 363 1761 ltooio
375 1702 536 1759 Psnmst.
545 1732 583 1745 -
591 1702 658 1759 Hos
670 1702 750 1759 milti
757 1701 835 1777 ,quid
845 1702 909 1761 lice.

289 1792 522 1867 Arpliomormi
542 1790 830 1865 AsonisdeCorripic
851 1790 1177 1851 momoriamsilsicmis-

325 1882 426 1940 simam
438 1882 563 1939 lacrimis
575 1886 604 1939 et
615 1880 753 1939 desiderio
766 1882 955 1956 prosequitur.

132 1976 182 2049 Ep.
200 1973 246 2033 9).
265 1972 310 2029 Ao
321 1984 462 2031 tortorum
471 1972 605 2029 -lttoo
615 1971 675 2027 siri
687 1971 806 2045 optiru.

288 2062 361 2136 stop.
376 2060 457 2129 Quod
468 2058 604 2117 nuncium
616 2076 701 2117 suum
712 2059 830 2117 comitor
840 2061 978 2134 exceperit
989 2063 1091 2135 predas
1103 2060 1173 2135 cpit:

325 2150 401 2224 quod
422 2150 505 2207 illum
524 2149 644 2223 pecnnia
662 2146 808 2205 domrerit
827 2146 978 2205 amicitiam
998 2149 1059 2206 eius
1080 2167 1177 2224 repre·

326 2240 434 2297 hendit.

130 2332 180 2405 Ep.
199 2330 245 2386 91.
264 2331 380 2386 Docimo
393 2328 685 2385 Pisuertes-Inter
696 2342 839 2384 arrarum
850 2343 996 2385 morare.

288 2420 361 2493 stop.
371 2418 508 2493 Zelotypia
515 2417 687 2475 laborantem
695 2418 822 2476 hortatur
830 2422 862 2473 ut
870 2432 983 2475 omnem
991 2417 1176 2492 suspicionem

324 2506 418 2563 animo
430 2508 560 2580 deponet.

129 2597 179 2669 Ep.
198 2596 243 2652 99.
263 2597 399 2652 Binesro
413 2596 607 2651 Smuousnor.
616 2594 805 2652 -Inotoose
817 2597 979 2668 somonam.

185 2722 188 2726 -
287 2682 361 2754 Arp.
376 2681 516 2737 Absentie
529 2681 654 2738 dolorem
673 2681 819 2739 scribendo
837 2682 929 2741 leniri.
953 2682 1079 2739 Nimium
1092 2699 1122 2740 se
1139 2683 1175 2740 ab

319 2770 368 2827 illo
381 2770 504 2827 nudari:
519 2770 604 2827 nimis
616 2771 680 2844 plue
692 2786 772 2843 equo
785 2770 848 2827 lteri
865 2772 970 2846 scripte
990 2788 1056 2844 sua,
1072 2772 1176 2847 quibus

323 2860 448 2933 undique
460 2860 621 2933 colligendis
633 2876 748 2934 opernm
760 2860 853 2918 debat.

129 2950 180 3024 Ep.
200 2950 244 3007 93.
265 2951 309 3006 Ao
323 2949 654 3007 lusorum-Iorento
665 2951 733 3023 ipso
746 2951 894 3024 felicitate.
942 2979 954 3001 t

285 3041 358 3113 Arp.
374 3039 497 3113 Epistola
517 3038 577 3097 hec
596 3038 757 3113 mpemosus
768 3040 849 3097 lusus
861 3046 917 3097 est:
933 3041 957 3096 si
978 3047 1054 3111 recto
1075 3043 1173 3101 ordine

321 3137 412 3209 legas,
426 3134 602 3193 commendat
621 3136 703 3193 illum
715 3135 761 3193 cui
773 3136 893 3193 mittitur
912 3143 939 3193 et
956 3138 1050 3193 omnia
1061 3139 1088 3195 ei
1100 3138 1173 3196 bono

323 3232 466 3299 precatur:
480 3224 506 3281 si
518 3224 615 3281 ordine
627 3225 737 3283 moereo
751 3224 787 3282 el)
799 3225 899 3282 ultimo
913 3224 997 3282 verbo
1017 3227 1132 3300 incipias
1144 3234 1173 3284 et

322 3321 476 3371 retrorsum
488 3314 623 3387 gradiaris
635 3314 671 3370 nd
684 3315 822 3388 primum,
836 3315 917 3371 illum
931 3315 966 3370 de
980 3317 1055 3372 omni
1068 3317 1133 3372 vitio
1145 3322 1173 3372 et

325 3404 417 3476 pravis
430 3403 556 3461 moribus
569 3403 731 3477 exprobret,
744 3410 773 3460 et
785 3409 869 3477 caput
881 3403 941 3460 eius
954 3404 1023 3461 diris
1034 3405 1158 3462 devovet.

127 3491 178 3565 Ep.
197 3492 243 3548 94.
263 3491 386 3547 Ionium
401 3493 982 3565 Anrr1no.-1ocondominstuporem.

283 3581 356 3656 Arp.
377 3582 533 3656 Hospitium
543 3600 559 3638 a
569 3583 681 3639 dominc
689 3583 750 3638 eius
758 3582 908 3639 liberaliter
915 3584 1035 3639 Mantuae
1048 3584 1171 3641 delatum

321 3690 351 3728 se
364 3674 480 3729 fortasse
493 3679 636 3747 acceptum
649 3671 820 3728 habiturum.

127 3763 177 3837 Ep.
197 3763 242 3819 95.
262 3764 387 3820 Ionnnru
400 3779 436 3819 os
450 3763 612 3820 esurisse.
622 3761 834 3818 -luoondom
846 3762 1007 3834 coepertum.

285 3855 358 3927 Arp.
378 3854 436 3910 Cur
454 3853 603 3911 Mediolani
621 3851 782 3909 constiterit.
807 3851 847 3907 De
867 3852 982 3908 vulnere
996 3853 1070 3926 quod
1084 3854 1170 3909 codex

320 3946 458 4001 Ciceronis
477 3946 507 4000 in
523 3945 584 4001 eius
599 3960 664 4001 orus
678 3942 780 3999 cadens
794 3942 935 3999 intulerat.
950 3942 991 3999 De
1004 3943 1172 4016 quibusdam

319 4035 427 4106 magnis
446 4035 513 4090 viris
533 4034 578 4090 sui
602 4033 690 4105 gratie
716 4032 871 4090 honorabili
897 4035 1018 4108 exceptis
1040 4033 1168 4108 hospitio.

319 4125 359 4180 De
374 4125 487 4181 Homeri
500 4124 634 4197 poematis
647 4141 663 4180 a
675 4124 790 4180 Leontio
804 4125 887 4181 latine
901 4124 1057 4181 reddendis.

126 4208 176 4282 Ep.
195 4211 240 4266 96.
261 4213 434 4270 Tmlnssno
449 4215 544 4271 Errsc.
555 4214 703 4269 menen.
715 4212 882 4269 maniosa.
893 4212 1171 4283 -Leatriumplio-

321 4305 357 4360 lis
371 4307 482 4361 Romoe.

283 4395 355 4468 Arp.
372 4396 533 4452 Gratulatur
556 4396 592 4453 ob
612 4412 708 4470 pacem
732 4412 765 4451 co
788 4400 954 4468 procurante
977 4393 1073 4449 initam
1095 4392 1169 4448 inter

319 4499 397 4554 roges
411 4484 564 4540 Galliarum
578 4490 606 4540 ct
620 4485 736 4556 Anglire.
