2692 5024
395 665 486 714 mnra
507 666 879 724 curares-semrom
901 671 954 719 xu.
1153 657 1212 722 229

133 828 240 902 quere
259 806 374 879 debet.
391 807 533 880 Videbis
550 832 631 881 eum
652 832 716 882 sue
734 821 888 906 tempore
905 815 1012 883 multo
1034 816 1214 907 augustie

134 953 206 1002 rem
229 931 347 1014 selite,
366 932 543 1025 multoque
556 932 731 1005 laetiorem.
746 934 837 1019 Quid
853 935 911 1005 ni?
925 959 1004 1007 cum
1017 959 1085 1028 ege
1098 938 1212 1011 adbuc

132 1068 213 1125 eum
235 1054 355 1125 videre
371 1075 440 1124 non
457 1054 663 1147 desperem?
683 1054 855 1149 Alioquin,
875 1060 995 1144 fateor,
1019 1059 1213 1131 inconsola-

132 1175 246 1246 biliter
278 1195 433 1267 angerer.
472 1177 558 1262 Quis
588 1177 680 1248 enim
710 1179 794 1249 mibi
829 1179 1015 1263 catholice,
1049 1183 1210 1275 quamvis

131 1295 317 1393 peccatori,
341 1317 439 1389 spem
460 1299 656 1389 negaverit,
680 1321 784 1391 quam
802 1300 948 1392 gentiles
974 1300 1131 1374 hemines
1149 1301 1211 1372 ba-

131 1419 252 1489 buisse
275 1418 476 1510 comperie‘?
496 1419 662 1511 intelligis
687 1418 771 1513 quid
790 1420 905 1492 velim.
932 1422 982 1492 De
1009 1422 1136 1494 Catone
1161 1424 1212 1493 le-

131 1550 272 1635 queret
288 1542 446 1626 Socrate,
476 1564 623 1634 querum
641 1544 675 1612 in
693 1541 758 1615 bac
778 1552 875 1636 parte
893 1545 1083 1616 sententias
1104 1546 1212 1617 adne-

132 1675 206 1734 tare
226 1685 294 1734 nen
313 1664 446 1749 attinet,
462 1686 550 1761 quas
563 1667 671 1736 multe
691 1666 752 1737 tibi
773 1666 926 1738 notiores
947 1667 1095 1740 arbitrer
1115 1691 1209 1755 esse,

130 1809 236 1880 quarn
262 1785 356 1857 mibi.
382 1788 457 1859 Non
478 1788 583 1880 igitur
607 1810 701 1860 mors
721 1792 868 1873 auferre,
900 1790 964 1861 sed
989 1790 1127 1862 differre
1150 1814 1212 1885 po-

132 1911 197 1981 tuit
217 1912 356 1982 fraterni
378 1913 496 1981 vultus
518 1922 715 2005 aspectum;
734 1934 838 2004 quem
856 1912 934 1983 licet
951 1913 986 1982 in
1005 1924 1210 2008 perpetuum

130 2033 350 2117 abstulisset,
376 2054 445 2103 non
472 2043 587 2104 tamen
611 2034 827 2106 immoderati
853 2037 966 2105 luctus
994 2035 1069 2105 viro
1105 2035 1211 2126 digna

130 2165 225 2227 esset
249 2156 395 2225 occasio.
417 2155 505 2225 Nam
527 2155 602 2224 sive
620 2155 715 2225 illum
735 2154 844 2227 desses
861 2157 944 2226 vitae
969 2155 1146 2227 laboribus
1170 2179 1212 2229 ac

130 2276 293 2373 periculis
312 2275 508 2358 liberatum;
533 2287 568 2347 et
593 2275 686 2361 vide,
709 2298 778 2358 ero,
806 2299 850 2347 ne
868 2277 1070 2349 invidentiae
1094 2277 1210 2371 petius

128 2401 195 2472 dici
212 2400 359 2493 possint,
379 2420 484 2491 quam
502 2399 754 2494 compassionis
772 2400 940 2472 lacrimae:
956 2402 1031 2471 sive
1048 2400 1209 2493 teipsum

131 2533 226 2597 tanto
240 2521 404 2618 praesidie
418 2523 614 2615 spoliatum,
627 2533 664 2595 et
676 2521 877 2594 dulcissime
890 2523 1209 2616 iucundissimeque

85 2725 89 2733 ,
130 2647 255 2721 comite
285 2645 318 2715 in
345 2645 457 2716 medie
483 2646 772 2739 peregrinationis
797 2646 902 2717 buius
927 2648 1011 2718 calle
1030 2646 1210 2718 desertum

129 2771 234 2854 dicis3
253 2779 288 2841 et
308 2790 393 2839 vera
410 2768 566 2862 quidem,
586 2768 649 2840 sed
670 2771 890 2864 nequaquam
910 2771 1084 2841 sufficiens
1103 2793 1210 2843 causa

130 2902 198 2976 est,
227 2903 264 2964 ut
286 2893 449 2985 egregios
475 2892 609 2962 animes
634 2894 783 2987 propriae
799 2894 1002 2966 calamitatis
1028 2893 1209 2965 afflictione

130 3014 276 3087 deiiciat.
303 3013 445 3086 Accedit
461 3015 555 3108 qued
575 3014 691 3086 damni
705 3016 755 3087 tui
772 3017 936 3086 memoria
957 3015 1116 3107 quotiens
1131 3027 1210 3088 ante

131 3138 249 3210 oeulos
266 3137 391 3207 mentis
418 3136 527 3219 redit,
552 3137 676 3209 totiens
696 3137 826 3209 divinae
849 3135 1063 3208 liberalitatis
1089 3137 1210 3208 adme

130 3270 211 3331 neat
237 3259 478 3353 aequissimum
504 3269 568 3331 cst.
598 3260 759 3352 Ingratus
784 3261 875 3331 enim
906 3271 983 3344 est,
1016 3260 1076 3354 qui
1106 3259 1209 3334 ablati

130 3405 278 3468 memor,
300 3381 517 3454 obliviscitur
538 3384 679 3476 accepti.
705 3382 867 3467 Proinde,
891 3383 949 3454 ubi
967 3383 1119 3456 animum
1145 3408 1209 3479 pu-

129 3506 228 3600 pugit
247 3505 371 3578 acerba
394 3505 450 3576 illa
475 3505 653 3599 cogitatio:
673 3505 764 3578 eheu
784 3507 922 3599 qualem
939 3508 1080 3579 fratrem
1098 3507 1207 3587 amisi,

130 3632 234 3702 leniat
258 3632 314 3702 illa
334 3630 529 3703 iucundior:
560 3631 605 3704 eb
635 3640 802 3724 quantum
827 3631 969 3700 fratrem
995 3627 1117 3708 babui;
1139 3607 1214 3696 ime

130 3773 230 3822 vere:
248 3761 415 3844 quantum
436 3756 576 3826 fratrem
598 3752 725 3839 babae,
748 3761 783 3824 et
803 3752 838 3823 in
858 3762 1028 3823 aeternum
1056 3744 1206 3829 babebo,

130 3875 210 3945 licet
227 3873 296 3960 ille,
318 3874 429 3947 denec
451 3876 516 3947 sibi
538 3877 640 3948 simul
660 3886 696 3948 et
716 3875 800 3947 mibi
821 3886 856 3946 et
881 3874 1001 3967 patriae
1022 3879 1057 3942 et
1078 3869 1209 3941 munde

129 3997 366 4068 necessarium
384 3999 455 4084 luit,
472 3999 614 4072 brevem
627 3999 829 4071 biomoram
848 3995 1003 4068 traxerit.
1022 3994 1111 4063 Dum
1125 4014 1209 4064 vere

130 4117 196 4189 sibi
218 4121 277 4189 uni
297 4121 540 4214 expedientius
561 4142 641 4191 esse
659 4120 764 4214 coepit
784 4117 829 4188 ab
849 4118 905 4188 his
926 4115 1025 4185 malis
1044 4112 1207 4207 separari,

128 4242 255 4336 eripuit
276 4243 370 4315 illum
392 4246 499 4328 Deus,
520 4242 552 4314 ei
578 4240 708 4313 scilicet
731 4241 932 4322 consulem,
951 4249 986 4309 et
1006 4260 1074 4310 nen
1092 4234 1208 4308 nebis:

128 4361 197 4434 ime
215 4367 332 4436 forsan
345 4377 381 4437 et
394 4365 505 4437 nobis.
524 4362 611 4449 Quis
627 4361 720 4432 enim
738 4360 863 4433 sufficit
880 4358 1017 4432 abditas
1031 4371 1066 4431 et
1082 4359 1211 4452 imper-

129 4489 337 4561 scrutabiles
358 4489 488 4562 divinae
510 4483 740 4582 praeseientiae
760 4507 886 4558 caesas
911 4495 971 4555 aut
991 4483 1110 4555 exitus
1129 4503 1211 4554 eon-
