2692 5024
341 718 434 768 urere
456 690 816 770 scurrus-nrmmm
836 720 887 768 ru.
1057 702 1061 712 '
1095 707 1153 769 ll5

72 884 222 957 quorum
243 861 506 941 innumerabilis
527 863 711 936 multitudo
731 874 797 947 est,
820 884 885 935 nec
906 865 1040 936 amicus
1059 875 1151 951 esto,

72 1007 138 1058 nec
157 984 270 1057 bostis
289 995 395 1069 certe,
418 1006 484 1057 nec
503 986 674 1078 cognitus.
696 986 839 1058 Vultum
862 995 959 1058 tuum
973 988 1151 1082 aspiciant,

71 1109 228 1183 animum
247 1107 417 1200 ignorent.
438 1110 591 1204 Sequere
611 1109 703 1182 illius
730 1110 911 1184 consilium
941 1109 1001 1204 qui
1028 1123 1151 1197 monet

72 1242 110 1304 ut
130 1231 225 1304 intus
259 1234 375 1304 omnia
402 1231 585 1304 dissimilia
619 1233 698 1305 sint.
732 1235 841 1306 Frons
874 1235 1001 1329 populo
1033 1241 1153 1306 nostra

70 1355 268 1427 conveniat.
288 1357 414 1427 Putent
435 1355 495 1442 illi,
525 1366 559 1428 te
578 1377 684 1448 agere
704 1357 798 1450 quod
819 1359 926 1449 vulgo
949 1357 1075 1448 agitur.
1102 1357 1154 1428 Tu

71 1497 159 1548 vero
191 1485 288 1548 tuum
321 1476 416 1549 aliud
444 1477 634 1569 negotium,
662 1489 697 1550 et
722 1478 854 1572 aliquid
880 1500 1018 1573 semper
1039 1488 1153 1551 tecum

71 1598 186 1673 maius
205 1599 309 1692 agito.
332 1600 388 1670 Sic
407 1600 500 1672 enim
521 1600 674 1672 maxime
694 1601 784 1671 inter
809 1602 929 1674 mundi
953 1602 1174 1701 discrimina⁸

72 1744 220 1795 securus
239 1723 385 1807 evades,
408 1723 526 1817 paucis
547 1744 666 1809 carue,
689 1724 807 1794 multis
832 1723 986 1816 ignotus,
1010 1725 1153 1798 odiosus

71 1846 211 1918 nemini.
232 1847 330 1918 Neve
352 1868 407 1917 me
428 1845 531 1918 hodie
551 1847 596 1918 de
613 1845 719 1917 nibilo
735 1846 1015 1942 philosophatum
1037 1858 1151 1941 putes.

71 1969 197 2054 Audio,
221 1981 254 2042 te
274 1970 448 2041 adversus
469 1969 646 2065 improbos
668 1970 791 2064 ingens
812 1970 952 2056 bellum,
975 1982 1011 2042 et
1032 1972 1154 2044 inexo

71 2093 215 2166 rabilem
237 2094 447 2164 simultatem
471 2091 691 2185 suscepisse:
713 2115 801 2186 quos
826 2115 871 2163 an
890 2094 1084 2186 corrigere,
1107 2116 1153 2165 an

71 2216 188 2289 delere
207 2217 347 2308 cogites,
363 2216 533 2288 incertum
546 2225 611 2287 est.
632 2214 820 2308 Utrobique
834 2216 927 2287 enim
945 2238 1008 2309 par
1024 2215 1154 2310 impos·

73 2340 236 2424 sibilitas;
262 2340 328 2411 nisi
362 2339 456 2433 quod
489 2338 666 2430 aliquanto
698 2338 831 2410 facilius
864 2336 1013 2410 arbitror
1044 2339 1154 2411 deleri

71 2485 176 2558 posse
209 2484 314 2555 quam
348 2461 485 2554 corrigi.
519 2463 706 2534 Generosa}
735 2460 979 2554 indignationis
1013 2463 1152 2534 aculeos
1254 2445 1266 2471 ⁸

72 2584 189 2657 laudo:
212 2597 387 2656 certamen
408 2585 543 2656 irritum
568 2595 603 2657 et
636 2584 790 2658 studium
816 2583 918 2657 inane
942 2607 1014 2657 non
1037 2583 1151 2658 laudo.

72 2711 108 2779 Si
128 2708 221 2780 enim
239 2707 394 2781 laborem
416 2730 673 2804 supervacuum
694 2706 867 2781 declinare
888 2708 1070 2782 consilium
1087 2719 1150 2796 est

76 2831 161 2925 quid
192 2832 236 2904 de
268 2854 311 2904 eo
344 2832 463 2905 labore
489 2854 650 2920 censeas,
675 2833 776 2905 cuius
798 2833 924 2905 >unicus
943 2833 1078 2906 fructus
1098 2842 1154 2904 est

72 2954 215 3027 odium?
241 2955 335 3027 Cane
360 2955 469 3057 igitur
492 2957 664 3052 receptui,
691 2956 851 3030 obsecro:
876 2957 1028 3051 alioquin
1049 2957 1151 3042 scito,

21 3170 24 3177 Ι
73 3076 193 3149 multis
213 3077 273 3150 tibi
293 3079 490 3173 legionibus
510 3102 599 3173 opus
618 3102 711 3153 esse.
737 3082 832 3152 Vale.

577 3334 653 3345 ——-

479 3573 657 3639 uelsloul
678 3573 749 3638 xvl.

312 3773 505 3823 uuluctsctls
523 3773 691 3824 PETRARCA
710 3774 752 3824 lu
769 3775 919 3825 roborum.

387 3963 518 4020 Adversis
531 3980 587 4020 non
601 3964 847 4022 succumbendum.

174 4199 203 4270 0
223 4222 329 4294 quam
352 4200 459 4269 multa
478 4219 571 4269 nunc
590 4198 636 4272 ad
655 4199 787 4269 litteras
808 4204 887 4267 tuas
905 4194 973 4267 dici
990 4197 1153 4289 possunt!

75 4322 147 4394 Sed
167 4344 232 4394 nec
254 4321 336 4393 mihi
369 4319 499 4403 ocium,
533 4340 598 4391 nec
631 4317 693 4391 tibi
722 4318 908 4391 verborum
937 4317 1069 4390 auxilio
1101 4329 1157 4392 est

74 4465 175 4539 opus.
196 4443 300 4517 Aliud
321 4443 436 4535 cogito
456 4441 600 4515 remedii
620 4462 744 4535 genus.
764 4443 891 4535 Magna
908 4451 964 4515 est
980 4441 1072 4515 enim
1088 4443 1159 4515 lor·

75 4567 349 4653 tumeriense
375 4564 488 4639 minor
519 4567 692 4641 celeritas.
725 4564 866 4641 lnterim
892 4588 978 4642 sane
1003 4565 1156 4640 omnium
