2692 5024
411 707 503 758 nrnnn
524 711 881 769 ouranos—nmmum
903 717 943 765 iv.
1157 709 1218 773 265

140 860 244 923 vetus
264 871 333 921 non
353 853 471 945 procul
493 853 585 938 binc,
603 855 762 927 Priverni
780 857 920 945 scilicet,
936 871 1089 955 ternpore
1103 863 1218 939 lliacae

140 972 264 1057 ruinae,
286 971 363 1045 baec
379 975 549 1047 recentior
565 976 706 1049 Camilla
725 981 892 1067 Puteolis,
911 983 1040 1056 nostris
1054 987 1218 1080 tempori·

137 1093 220 1180 bus,
235 1106 310 1168 orta
323 1105 393 1182 est,
415 1120 520 1190 quam
538 1099 599 1170 tibi
617 1100 753 1174 interim
773 1103 932 1179 litterulis
950 1106 1038 1180 meis
1056 1117 1217 1183 testatam

138 1239 220 1291 esse
240 1220 346 1291 volui.
366 1222 461 1293 Vale.

280 1367 366 1437 Baiis,
381 1368 419 1423 lx
434 1368 496 1424 Kal.
512 1368 680 1427 Decembris.

640 1556 718 1567 1-

560 1756 737 1827 nslssonn
766 1763 799 1829 V.

161 1955 355 2005 snlsclscus
374 1955 541 2004 Paresaca
558 1955 690 2006 lollltllll
709 1958 867 2009 COLUMNAE
886 1960 1056 2014 cenomani
1073 1966 1099 2015 S.
1118 1967 1145 2016 P.
1163 1969 1193 2017 Β.

247 2115 420 2171 Horrendam
434 2123 626 2190 tempestatem
641 2117 670 2172 in
684 2116 754 2172 freto
768 2117 948 2190 Neapolitano
962 2120 1099 2177 describit.

236 2335 411 2426 Insignem
448 2344 686 2428 tempestatem
722 2335 927 2408 describens
960 2338 1141 2433 satyricus
1176 2351 1215 2412 ut

135 2460 243 2531 multa
262 2458 384 2553 paucis
409 2458 600 2544 clauderet,
635 2459 804 2552 poeticam
832 2468 1071 2552 tempestatem
1097 2484 1215 2534 surre-

135 2582 233 2653 xisse
265 2580 322 2651 ait.
358 2581 450 2666 Quid
478 2580 570 2652 enim
592 2580 749 2667 brevius,
771 2581 856 2675 quid
874 2582 1103 2676 expressius?
1122 2584 1214 2655 Nihil

135 2703 260 2775 iratum
277 2706 404 2778 eoelum
436 2715 497 2776 aut
528 2707 673 2798 pelagus
705 2715 833 2798 potest,
868 2708 963 2800 quod
995 2728 1065 2779 non
1097 2716 1216 2802 aequet
1327 2730 1342 2759 Ι

136 2826 254 2898 verbis
272 2848 313 2899 ac
333 2836 474 2920 superet
493 2838 675 2923 poetarum
695 2828 811 2903 stilus:
832 2840 868 2903 et
893 2830 951 2927 (ne
971 2831 1150 2904 manifesta
1177 2832 1213 2905 in

136 2972 174 3020 re
196 2951 422 3046 supervacuis
442 2951 532 3047 utar)
554 2953 772 3025 Homericam
793 2963 1035 3047 tempestatem
1055 2955 1155 3039 nosti,
1178 2964 1213 3026 et

136 3074 272 3146 allisum
293 3076 434 3167 scopulo
453 3076 592 3162 ducem,
614 3087 719 3168 atque
739 3096 877 3148 omnem
899 3074 1066 3167 Capherei
1083 3075 1211 3147 montis

134 3197 314 3283 insultum,
337 3220 443 3290 quem
463 3198 587 3268 imitati
607 3196 715 3269 nostri
736 3207 864 3292 poetae,
883 3217 1053 3289 aquarum
1075 3207 1211 3272 montes

133 3322 177 3393 ad
198 3320 313 3394 sidera
335 3325 560 3393 sustulerunt.
582 3320 673 3392 Nihil
695 3341 779 3392 sane
799 3321 855 3391 vel
876 3319 971 3414 pingi
988 3319 1135 3414 eloquio,
1153 3323 1211 3394 vel

132 3443 248 3517 animo
266 3442 349 3536 fingi
367 3455 491 3538 potest,
511 3445 605 3539 quod
621 3465 690 3515 non
710 3444 876 3516 besterna
895 3442 972 3515 dies
992 3442 1209 3539 impleverit,

132 3566 203 3639 imo
235 3569 353 3660 procul
386 3567 591 3640 excesserit:
618 3567 794 3659 singulare
817 3566 1014 3661 quoddam,
1040 3575 1076 3638 et
1100 3566 1210 3638 omni-

132 3687 200 3760 bus
221 3690 359 3763 saeculis
380 3690 571 3763 inauditum
589 3690 728 3762 malum.
744 3691 864 3783 ltaque
875 3691 1047 3762 Homerus
1059 3688 1207 3771 Graiam,

133 3811 279 3883 AEoliam
298 3816 406 3898 Maro,
429 3814 590 3887 lucanus
603 3813 821 3907 Epirensem,
842 3813 900 3884 alii
920 3813 1005 3885 alias
1024 3822 1209 3905 tempesta-

132 3947 184 4010 tes
203 3950 338 4010 canant.
361 3937 445 4009 Mihi
466 3938 498 4009 si
518 3959 672 4032 unquam
691 3959 842 4010 vacuum
869 3945 1007 4028 tempus
1027 3935 1101 4018 erit,
1118 3933 1208 4003 Nea-

129 4061 279 4155 politana
301 4072 489 4156 tempestas
508 4061 671 4133 carminis
691 4059 873 4132 materiam
894 4055 1033 4129 abunde
1058 4053 1205 4141 tribuet,

128 4208 340 4279 quamquam
361 4207 430 4257 non
456 4182 680 4277 Neapolitana
706 4190 853 4266 tantum,
873 4179 936 4252 sed
957 4177 1062 4250 totius
1088 4177 1207 4272 superi

85 4347 87 4358 ι
128 4318 232 4403 atque
252 4309 350 4379 inferi
370 4306 491 4390 maris
514 4315 550 4376 et
569 4303 779 4374 universalis
799 4299 1055 4396 quodammodo
1076 4310 1208 4396 tempe-

129 4441 215 4518 stas,
242 4443 282 4504 ut
306 4429 504 4524 opinantur,
530 4424 647 4506 tuerit;
672 4423 758 4494 mihi
780 4424 1006 4518 Neapolitana
1028 4434 1097 4513 est,
1124 4425 1206 4520 quia
1232 4426 1235 4431 ’

129 4579 185 4628 mo
203 4551 343 4650 Neapoli
361 4570 489 4644 graves
507 4569 623 4624 moras
639 4556 801 4643 agentem
818 4545 959 4645 reperit.
977 4548 1076 4639 Sane
1093 4571 1205 4645 quan·
