2692 5024
127 518 186 581 196
458 526 503 623 on
521 526 624 577 mm
642 526 866 579 fmus

126 668 295 763 disposui.
315 664 724 767 Gumqne'oppenientem
749 671 905 761 finirem,
927 668 1211 765 ettong'o'nste-

126 799 222 867 otum
236 788 411 875 uoeubitu,
431 791 548 864 iesous
566 798 602 865 ot
617 790 746 863 anxius
761 790 971 885 attigissem,
988 790 1209 885 niqumdiu

128 915 241 1011 aeqnis
259 910 426 1010 passibus
444 912 661 987 incessimus.
682 914 752 985 Vix
770 914 856 988 dnm
879 914 1002 987 ooiiem
1025 912 1127 985 ilium
1153 936 1210 989 no-

127 1039 352 1133 iiquereunus,
373 1044 410 1107 et
427 1056 509 1109 eone
527 1035 653 1129 prioris
673 1014 850 1109 unimo'tus
868 1033 997 1108 obiitus
1015 1034 1148 1110 iterum
1163 1036 1209 1111 od

128 1158 291 1234 inferiore
322 1158 474 1246 deiioior,
513 1170 617 1253 etque
634 1214 638 1219 -
653 1160 780 1233 iterum
807 1160 1004 1257 peragretis
1034 1160 1206 1249 vallibus,

52 1301 71 1353 .·
128 1284 214 1357 dum
232 1282 380 1361 ¹vietum
411 1283 546 1355 iociiem
576 1282 825 1377 longitudinem
851 1292 978 1370 sector,
1003 1283 1041 1355 in
1064 1284 1209 1381 longum

55 1412 59 1421 ’
128 1408 365 1482 difficultatem
380 1405 503 1479 incido.
527 1404 733 1480 Differebem
750 1428 878 1503 nempe
898 1406 1115 1481 ascendendi
1133 1432 1209 1483 mo-

128 1531 278 1616 lestiem3
300 1530 364 1603 sed
383 1529 521 1622 ingenio
535 1527 689 1603 humano
705 1552 823 1603 rerum
839 1524 964 1603 nature
978 1549 1050 1602 non
1066 1530 1206 1619 tollitur,
1265 1594 1270 1607 .

128 1650 293 1726 needed
317 1660 434 1748 potest
451 1660 492 1724 ut
510 1674 715 1746 oorpoieum
741 1653 872 1749 aliquid
896 1653 942 1727 ed
962 1654 1035 1729 ulte
1060 1653 1208 1729 deenen

130 1774 246 1850 dendo
262 1774 454 1872 perveniet.
474 1775 568 1861 Quid
586 1777 719 1849 multu?
733 1776 808 1849 Non
826 1776 901 1849 sine
916 1776 1033 1849 fratris
1049 1776 1127 1851 risu
1143 1778 1209 1855 hoo

130 1898 322 1995 indignanti
341 1898 425 1972 mihi
443 1906 496 1971 ter
512 1906 575 1971 out
588 1897 737 1992 emplius
753 1897 843 1972 inter
857 1920 987 1993 peneus
1003 1898 1112 1973 hones
1127 1922 1210 1975 oon-

130 2022 295 2118 tigit.*Sio
314 2044 410 2117 saepe
429 2021 574 2095 delusus
592 2022 745 2117 quodem
764 2021 800 2093 in
820 2022 912 2095 velle
926 2020 1083 2096 oonsedi.
1101 2024 1211 2097 lilios

98 2124 100 2129 ⁵
129 2146 304 2240 corporeis
325 2145 371 2219 ud
390 2144 594 2241 incorporee
613 2146 746 2220 volueri
766 2145 974 2240 cogitatione
994 2144 1209 2251 transiliens,

130 2269 186 2341 his
216 2279 279 2341 eut
303 2269 430 2343 uibus
455 2292 510 2342 me
534 2270 650 2364 ipsum
676 2270 926 2366 compellebam
950 2268 1089 2343 verbis:
1109 2268 1212 2357 Quod

131 2393 255 2465 totiens
276 2393 379 2466 hodio
399 2394 433 2464 iu
454 2414 605 2465 escensu
631 2393 756 2464 montis
780 2393 884 2465 huius
908 2402 1077 2488 expertus
1096 2416 1155 2479 ee,
1176 2393 1212 2467 id

132 2499 217 2588 seito
235 2525 272 2586 et
291 2515 351 2586 tibi
371 2514 527 2586 occidere
546 2523 581 2587 et
601 2515 717 2586 multis
743 2516 987 2588 aooedentibus
1006 2516 1053 2589 ed
1072 2514 1212 2590 henum

131 2637 259 2708 vitam:
286 2634 350 2706 sed
370 2634 497 2708 idcireo
523 2647 591 2708 tam
619 2637 717 2710 ieoile
742 2636 788 2709 ab
812 2637 1011 2710 hominibus
1037 2660 1108 2711 nou
1133 2660 1212 2733 per-

130 2759 247 2855 pendi,
269 2757 364 2853 quod
382 2759 537 2853 eorporis
558 2771 674 2832 motus
695 2760 731 2831 in
752 2769 871 2856 aperto
892 2772 987 2847 sunt,
1015 2761 1214 2835 animorum

130 2904 218 2955 veno
234 2880 428 2954 invisibiles
448 2889 483 2953 et
502 2882 637 2954 occulti.
654 2882 828 2977 Equidem
845 2882 929 2967 vita,
950 2906 1056 2977 quem
1073 2882 1215 2957 beatem

131 3007 288 3093 dicimus,
307 3008 403 3079 oelso
415 3007 490 3078 loeo
503 3004 570 3079 site
581 3016 648 3091 est3
662 3015 759 3079 erote
773 3006 824 3103 (ut
836 3005 997 3099 aiuntied
1008 3006 1104 3079 iilam
1117 3008 1216 3082 duoit

131 3130 199 3199 vio.
221 3128 318 3200 Multi
337 3150 477 3222 quoque
496 3131 602 3201 colles
629 3128 881 3214 intoaeminent‚
904 3128 1003 3200 etde
1024 3129 1157 3202 virtute
1178 3131 1215 3203 in

132 3249 294 3320 virtutem
307 3251 482 3344 praeciaris
496 3251 663 3346 gradibus
678 3250 925 3324 ambulandum
937 3261 1002 3323 est.
1017 3253 1057 3322 ln
1074 3274 1214 3327 summo

133 3370 212 3442 finis
230 3382 287 3443 est
309 3374 478 3459 omnium,
501 3384 537 3445 et
556 3374 625 3445 viae
650 3374 829 3458 terminus,
857 3373 903 3445 ed
926 3396 1030 3467 quem
1056 3375 1215 3470 peregri-

132 3494 226 3567 natio
239 3506 356 3567 nostna
369 3496 574 3590 disponitur.
587 3496 640 3567 Eo
657 3496 840 3589 pervenire
857 3497 980 3568 volunt
994 3519 1129 3583 omnes,
1150 3498 1215 3572 sed

135 3618 186 3711 (ut
205 3619 253 3691 ait
267 3618 371 3703 Nesoi

291 3805 497 3886 vituperem
515 3812 574 3867 est:
592 3806 710 3885 copiae,
728 3813 763 3867 ut
779 3823 813 3869 re
829 3805 969 3885 potieris,
987 3812 1116 3886 oportet.

134 3987 185 4058 Tu
200 3998 303 4074 oerte,
322 3988 397 4074 nisi,
416 3998 454 4060 ut
471 3989 506 4058 in
522 3989 653 4073 multiS,
672 3987 707 4058 in
724 3987 791 4059 hoo
810 4011 948 4082 quoque
965 3998 999 4059 te
1016 3989 1118 4075 fallis,
1142 4013 1212 4063 non

134 4112 244 4182 solum
266 4113 336 4196 vis,
360 4111 545 4184 sedetiam
566 4112 675 4208 cupis.
696 4111 788 4195 Quid
812 4134 898 4204 ergo
924 4123 957 4182 te
981 4112 1129 4184 retinet?
1154 4113 1214 4184 Ni-

134 4233 258 4306 minum
278 4234 325 4306 nii
347 4234 449 4321 eliud,
471 4236 538 4308 nisi
559 4257 621 4331 per
638 4248 792 4310 terrenas
809 4246 844 4308 et
861 4235 995 4307 infimas
1014 4238 1212 4328 voluptates

133 4354 275 4446 plenior,
302 4365 352 4441 et,
381 4367 418 4428 ut
442 4358 552 4451 prima
584 4360 695 4431 fronte
728 4358 879 4443 videtur,
913 4356 1109 4452 expeditior
1139 4358 1209 4430 vie.
