2692 5024
175 672 217 735 44
506 684 910 737 ΒΗΙΒΙῙΗΑΙΙΗΔΒΙΒΙΙΒ
936 704 939 709 ·

56 914 61 929 ,
175 835 223 907 nii
241 834 309 908 sibi
324 834 450 930 prinde
469 832 615 927 gratius,
642 834 692 905 ihi
716 834 896 919 assidere,
925 834 992 907 iliis
1024 837 1127 929 aqrris
1159 839 1248 913 mira

174 979 255 1029 enm
273 959 464 1051 voluptate,
485 956 577 1029 illins
596 956 704 1029 odore
721 957 819 1028 velut
838 955 1050 1032 suavissimo
1068 958 1245 1035 delectari.

174 1081 352 1153 Postremo
370 1079 451 1151 iiiuc
469 1080 602 1172 regiam
619 1100 720 1151 suam
738 1079 925 1163 transtulit,
947 1079 1031 1153 etin
1050 1080 1167 1154 medio
1185 1102 1249 1177 pu-

173 1200 293 1277 lnstris
316 1200 390 1272 limi
412 1201 583 1275 immenso
608 1211 749 1295 sumptu
771 1201 870 1273 ianus
894 1200 1060 1289 molibus,
1080 1204 1248 1297 palatium

173 1326 409 1419 templumque
435 1323 641 1410 eonstruxit,
667 1334 708 1396 nt
733 1323 819 1396 nihii
846 1324 977 1398 divinae
1000 1327 1059 1397 vei
1082 1325 1248 1401 humanm

173 1444 225 1519 rei
242 1468 325 1519 eum
342 1445 424 1521 inde
442 1445 672 1519 abstraheret.
692 1442 872 1520 Postremo
895 1445 943 1518 ihi
962 1446 1047 1520 vitae
1071 1468 1148 1521 suae
1167 1449 1249 1522 reii-

172 1590 281 1663 qnnm
299 1568 385 1661 egit,
403 1567 522 1661 ibique
538 1570 696 1663 sepultus
715 1579 788 1641 est:
808 1580 911 1643 cauto
927 1569 1026 1663 prius
1045 1580 1086 1643 ut
1105 1594 1249 1645 sueres·

144 1718 148 1723 ·
173 1711 272 1762 sures
290 1688 347 1761 sui
364 1688 512 1782 primam
524 1688 607 1762 inde
618 1711 790 1775 eoronam,
803 1699 841 1763 et
851 1692 962 1785 prima
974 1691 1111 1787 imperii
1129 1692 1249 1789 auspi-

171 1811 226 1884 aia
243 1822 485 1906 superserent3
510 1812 605 1906 quud
631 1811 734 1885 hodie
757 1835 897 1908 qnoque
922 1822 1098 1901 seruatur,
1126 1836 1250 1891 serva·

172 1932 335 2028 hitnrque
368 1933 536 2029 quamdin
568 1933 713 2007 Romani
744 1936 855 2008 frana
890 1935 1025 2030 imperii
1060 1938 1249 2015 Teutonier

171 2079 297 2129 manns
316 2068 408 2150 aget
425 2057 579 2152 Longior
593 2057 643 2130 tui
659 2057 696 2129 iu
707 2057 774 2131 hae
785 2057 993 2143 narratione,
1010 2082 1117 2152 quarn
1127 2060 1246 2133 debui.

172 2178 243 2252 Sed
261 2180 426 2274 qnoniam
441 2180 676 2275 peregrinatio
707 2181 895 2275 longinqua
925 2181 1093 2255 librorum
1124 2183 1247 2255 solado

171 2299 339 2375 destituta
358 2311 429 2389 est,
446 2313 483 2374 et
498 2303 535 2373 in
552 2303 619 2375 hoo
634 2312 802 2396 perpetuo
814 2314 910 2375 motu
926 2302 1059 2376 facilius
1071 2315 1128 2376 est
1138 2305 1249 2378 muita

170 2425 339 2516 cogitare,
362 2448 467 2519 quam
491 2425 651 2518 grandia,
679 2425 808 2496 iustum
833 2425 991 2520 epistoiae
1016 2427 1159 2500 mudum
1183 2427 1248 2499 im·

171 2547 267 2639 plere
287 2547 389 2618 seriis
401 2570 472 2619 non
483 2550 620 2632 valens,
634 2568 712 2619 eum
726 2546 777 2642 (ιιι
788 2547 901 2643 vides)
914 2548 1030 2622 obuiis
1041 2549 1244 2645 quibusque

171 2669 352 2741 confercio.
373 2670 470 2740 Vale.

312 2808 410 2880 Aquis,
423 2809 462 2864 XI
476 2808 537 2865 Kal.
552 2811 626 2866 Julii.

667 2960 747 2974 -

583 3194 758 3260 EPISTOLA
782 3196 828 3261 lv,

192 3394 384 3444 franciscus
401 3398 568 3448 permuta
585 3401 718 3451 IOHANNI
735 3403 891 3452 COLUHNAE
909 3402 1167 3457 candidulas.
1185 3408 1218 3458 D.

287 3574 481 3632 Germanicum
494 3580 546 3633 iter
559 3587 683 3651 enarrat,
698 3588 725 3636 et
738 3581 811 3636 diem
825 3581 926 3636 festum
940 3583 979 3638 10.
999 3584 1127 3658 Baptista
1143 3574 1147 3581 ¹

495 3670 568 3741 apud
582 3670 757 3727 colonienses
770 3670 910 3726 describit.

262 3895 372 3990 Aquis
392 3898 612 3989 digressum,
637 3899 701 3972 sed
719 3899 838 3992 prius,
866 3900 960 3971 unde
985 3911 1099 3972 ortum
1123 3904 1241 3997 oppidi

165 4041 289 4091 nomen
309 4032 442 4114 putant,
465 4023 565 4116 aquis
585 4024 713 4095 Baiano
733 4044 829 4094 more
850 4023 1048 4116 tepentibus
1069 4025 1239 4112 ablutum,

164 4143 301 4234 excepit
324 4144 537 4238 Agripppina
562 4144 714 4231 Colonia,
737 4168 818 4240 quae
848 4147 893 4220 ad
921 4147 1100 4219 sinistrum
1127 4149 1239 4221 Rheni

163 4262 253 4331 latus
279 4265 346 4336 sita
369 4279 445 4339 est:
475 4270 571 4341 iocus
597 4278 632 4339 et
657 4267 724 4339 situ
750 4279 786 4340 et
809 4269 954 4342 ilumine
979 4273 1093 4342 clarus
1119 4280 1155 4341 et
1178 4292 1240 4365 po-

162 4382 253 4473 pulo.
280 4385 405 4460 Mirum
429 4391 465 4459 in
490 4401 582 4463 terra
606 4389 786 4464 barbarica
812 4404 942 4487 quanta
965 4393 1130 4477 civilitas
1158 4415 1239 4488 quar

163 4503 260 4575 urbis
286 4508 435 4597 species,
461 4534 543 4603 qnae
567 4512 721 4584 virorum
746 4515 925 4604 gravitas,
950 4536 1032 4606 quae
1057 4517 1240 4589 munditiae
