<?xml version="1.0" encoding="UTF-8"?>
<!DOCTYPE html PUBLIC "-//W3C//DTD XHTML 1.0 Transitional//EN"
    "http://www.w3.org/TR/xhtml1/DTD/xhtml1-transitional.dtd">
<html xmlns="http://www.w3.org/1999/xhtml" xml:lang="en" lang="en">
 <head>
  <title>
</title>
<meta http-equiv="Content-Type" content="text/html;charset=utf-8" />
  <meta name='ocr-system' content='tesseract 3.04.00' />
  <meta name='ocr-capabilities' content='ocr_page ocr_carea ocr_par ocr_line ocrx_word'/>
</head>
<body>
  <div class='ocr_page' id='page_1' title='image "./epistolaederebu00fracgoog_0278.png"; bbox 0 0 2692 5024; ppageno 0'>
   <div class='ocr_carea' id='block_1_1' title="bbox 362 685 1187 746">
    <p class='ocr_par' dir='ltr' id='par_1_1' title="bbox 362 685 1187 746">
     <span class='ocr_line' id='line_1_1' title="bbox 362 685 1187 746; baseline 0.01 -8"><span class='ocrx_word' id='word_1_1' title='bbox 362 690 454 739; x_wconf 83' lang='lat' dir='ltr'>nrnnn</span> <span class='ocrx_word' id='word_1_2' title='bbox 475 690 862 742; x_wconf 78' lang='lat' dir='ltr'>secaneos—arissam</span> <span class='ocrx_word' id='word_1_3' title='bbox 883 693 935 741; x_wconf 85' lang='lat' dir='ltr'>ru.</span> <span class='ocrx_word' id='word_1_4' title='bbox 1129 685 1187 746; x_wconf 84' lang='lat'>115</span> 
     </span>
    </p>
   </div>
   <div class='ocr_carea' id='block_1_2' title="bbox 103 837 1304 4492">
    <p class='ocr_par' dir='ltr' id='par_1_2' title="bbox 103 837 1304 4492">
     <span class='ocr_line' id='line_1_2' title="bbox 104 837 1188 932; baseline 0.006 -22"><span class='ocrx_word' id='word_1_5' title='bbox 104 838 232 910; x_wconf 87' lang='lat' dir='ltr'>ablata:</span> <span class='ocrx_word' id='word_1_6' title='bbox 265 839 295 907; x_wconf 92' lang='lat' dir='ltr'>si</span> <span class='ocrx_word' id='word_1_7' title='bbox 327 858 413 907; x_wconf 88' lang='lat' dir='ltr'>vero</span> <span class='ocrx_word' id='word_1_8' title='bbox 445 837 600 908; x_wconf 90' lang='lat' dir='ltr'>animum</span> <span class='ocrx_word' id='word_1_9' title='bbox 633 838 791 932; x_wconf 89' lang='lat' dir='ltr'>respicis,</span> <span class='ocrx_word' id='word_1_10' title='bbox 826 841 944 911; x_wconf 90' lang='lat' dir='ltr'>nullus</span> <span class='ocrx_word' id='word_1_11' title='bbox 976 862 1057 912; x_wconf 91' lang='lat' dir='ltr'>eum</span> <span class='ocrx_word' id='word_1_12' title='bbox 1089 845 1188 916; x_wconf 82' lang='lat' dir='ltr'>locus</span> 
     </span>
     <span class='ocr_line' id='line_1_3' title="bbox 104 947 1190 1052; baseline 0.006 -19"><span class='ocrx_word' id='word_1_13' title='bbox 104 960 244 1052; x_wconf 79' lang='lat' dir='ltr'>stringit</span> <span class='ocrx_word' id='word_1_14' title='bbox 265 947 325 1029; x_wconf 85' lang='lat' dir='ltr'>ant</span> <span class='ocrx_word' id='word_1_15' title='bbox 344 960 442 1030; x_wconf 87' lang='lat' dir='ltr'>laxat</span> <span class='ocrx_word' id='word_1_16' title='bbox 466 970 653 1051; x_wconf 81' lang='lat' dir='ltr'>angustus:</span> <span class='ocrx_word' id='word_1_17' title='bbox 679 970 715 1032; x_wconf 88' lang='lat' dir='ltr'>et</span> <span class='ocrx_word' id='word_1_18' title='bbox 740 962 817 1033; x_wconf 91' lang='lat' dir='ltr'>sive</span> <span class='ocrx_word' id='word_1_19' title='bbox 842 961 887 1034; x_wconf 92' lang='lat' dir='ltr'>ad</span> <span class='ocrx_word' id='word_1_20' title='bbox 912 965 1041 1036; x_wconf 90' lang='lat' dir='ltr'>coelum</span> <span class='ocrx_word' id='word_1_21' title='bbox 1067 988 1190 1039; x_wconf 88' lang='lat' dir='ltr'>ascen-</span> 
     </span>
     <span class='ocr_line' id='line_1_4' title="bbox 103 1081 1189 1172; baseline 0.004 -16"><span class='ocrx_word' id='word_1_22' title='bbox 103 1084 271 1166; x_wconf 88' lang='lat' dir='ltr'>dendum,</span> <span class='ocrx_word' id='word_1_23' title='bbox 295 1082 372 1154; x_wconf 89' lang='lat' dir='ltr'>sive</span> <span class='ocrx_word' id='word_1_24' title='bbox 392 1082 438 1153; x_wconf 93' lang='lat' dir='ltr'>ad</span> <span class='ocrx_word' id='word_1_25' title='bbox 458 1081 587 1154; x_wconf 81' lang='lat' dir='ltr'>inferos</span> <span class='ocrx_word' id='word_1_26' title='bbox 607 1082 894 1156; x_wconf 88' lang='lat' dir='ltr'>descendendum</span> <span class='ocrx_word' id='word_1_27' title='bbox 916 1087 974 1172; x_wconf 92' lang='lat' dir='ltr'>sit,</span> <span class='ocrx_word' id='word_1_28' title='bbox 997 1087 1189 1160; x_wconf 91' lang='lat' dir='ltr'>undecum-</span> 
     </span>
     <span class='ocr_line' id='line_1_5' title="bbox 103 1203 1188 1304; baseline 0.001 -23"><span class='ocrx_word' id='word_1_29' title='bbox 103 1203 172 1304; x_wconf 90' lang='lat' dir='ltr'>que</span> <span class='ocrx_word' id='word_1_30' title='bbox 198 1206 377 1291; x_wconf 84' lang='lat' dir='ltr'>discedat,</span> <span class='ocrx_word' id='word_1_31' title='bbox 405 1228 496 1276; x_wconf 91' lang='lat' dir='ltr'>unus</span> <span class='ocrx_word' id='word_1_32' title='bbox 519 1216 574 1278; x_wconf 92' lang='lat' dir='ltr'>cst</span> <span class='ocrx_word' id='word_1_33' title='bbox 600 1205 708 1278; x_wconf 92' lang='lat' dir='ltr'>labor.</span> <span class='ocrx_word' id='word_1_34' title='bbox 743 1207 812 1279; x_wconf 89' lang='lat' dir='ltr'>Sed</span> <span class='ocrx_word' id='word_1_35' title='bbox 835 1208 936 1281; x_wconf 81' lang='lat' dir='ltr'>dulce</span> <span class='ocrx_word' id='word_1_36' title='bbox 961 1220 1017 1282; x_wconf 91' lang='lat' dir='ltr'>est</span> <span class='ocrx_word' id='word_1_37' title='bbox 1044 1233 1188 1284; x_wconf 88' lang='lat' dir='ltr'>suorum</span> 
     </span>
     <span class='ocr_line' id='line_1_6' title="bbox 105 1328 1191 1424; baseline 0.004 -22"><span class='ocrx_word' id='word_1_38' title='bbox 105 1330 265 1402; x_wconf 87' lang='lat' dir='ltr'>manibus</span> <span class='ocrx_word' id='word_1_39' title='bbox 287 1328 437 1424; x_wconf 77' lang='lat' dir='ltr'>sepeliri.</span> <span class='ocrx_word' id='word_1_40' title='bbox 460 1329 630 1413; x_wconf 87' lang='lat' dir='ltr'>Quaedam</span> <span class='ocrx_word' id='word_1_41' title='bbox 652 1330 767 1403; x_wconf 90' lang='lat' dir='ltr'>dulcia</span> <span class='ocrx_word' id='word_1_42' title='bbox 786 1332 867 1404; x_wconf 85' lang='lat' dir='ltr'>iacit</span> <span class='ocrx_word' id='word_1_43' title='bbox 891 1355 961 1404; x_wconf 93' lang='lat' dir='ltr'>non</span> <span class='ocrx_word' id='word_1_44' title='bbox 985 1333 1112 1406; x_wconf 91' lang='lat' dir='ltr'>insitus</span> <span class='ocrx_word' id='word_1_45' title='bbox 1133 1356 1191 1406; x_wconf 88' lang='lat' dir='ltr'>sa-</span> 
     </span>
     <span class='ocr_line' id='line_1_7' title="bbox 105 1450 1188 1548; baseline 0.001 -23"><span class='ocrx_word' id='word_1_46' title='bbox 105 1477 182 1548; x_wconf 88' lang='lat' dir='ltr'>por,</span> <span class='ocrx_word' id='word_1_47' title='bbox 205 1453 268 1525; x_wconf 84' lang='lat' dir='ltr'>sed</span> <span class='ocrx_word' id='word_1_48' title='bbox 288 1462 474 1547; x_wconf 89' lang='lat' dir='ltr'>corruptus</span> <span class='ocrx_word' id='word_1_49' title='bbox 495 1450 778 1524; x_wconf 80' lang='lat' dir='ltr'>manducantium</span> <span class='ocrx_word' id='word_1_50' title='bbox 806 1466 944 1546; x_wconf 85' lang='lat' dir='ltr'>gustus.</span> <span class='ocrx_word' id='word_1_51' title='bbox 971 1455 1063 1539; x_wconf 88' lang='lat' dir='ltr'>Quid</span> <span class='ocrx_word' id='word_1_52' title='bbox 1087 1454 1188 1526; x_wconf 89' lang='lat' dir='ltr'>dulce</span> 
     </span>
     <span class='ocr_line' id='line_1_8' title="bbox 104 1572 1189 1657; baseline 0.004 -10"><span class='ocrx_word' id='word_1_53' title='bbox 104 1574 218 1647; x_wconf 92' lang='lat' dir='ltr'>dicitis</span> <span class='ocrx_word' id='word_1_54' title='bbox 245 1586 306 1647; x_wconf 89' lang='lat' dir='ltr'>aut</span> <span class='ocrx_word' id='word_1_55' title='bbox 328 1574 414 1644; x_wconf 89' lang='lat' dir='ltr'>nihil</span> <span class='ocrx_word' id='word_1_56' title='bbox 442 1572 617 1657; x_wconf 82' lang='lat' dir='ltr'>sentienti,</span> <span class='ocrx_word' id='word_1_57' title='bbox 647 1586 708 1646; x_wconf 89' lang='lat' dir='ltr'>aut</span> <span class='ocrx_word' id='word_1_58' title='bbox 732 1597 834 1647; x_wconf 92' lang='lat' dir='ltr'>omnc</span> <span class='ocrx_word' id='word_1_59' title='bbox 860 1578 1061 1651; x_wconf 89' lang='lat' dir='ltr'>huiusmodi</span> <span class='ocrx_word' id='word_1_60' title='bbox 1086 1579 1189 1651; x_wconf 90' lang='lat' dir='ltr'>obse-</span> 
     </span>
     <span class='ocr_line' id='line_1_9' title="bbox 104 1695 1191 1797; baseline 0.001 -27"><span class='ocrx_word' id='word_1_61' title='bbox 104 1699 224 1794; x_wconf 89' lang='lat' dir='ltr'>quium</span> <span class='ocrx_word' id='word_1_62' title='bbox 245 1695 503 1772; x_wconf 73' lang='lat' dir='ltr'>contemnenti?</span> <span class='ocrx_word' id='word_1_63' title='bbox 524 1696 598 1768; x_wconf 88' lang='lat' dir='ltr'>Una</span> <span class='ocrx_word' id='word_1_64' title='bbox 619 1698 774 1768; x_wconf 89' lang='lat' dir='ltr'>omnium</span> <span class='ocrx_word' id='word_1_65' title='bbox 800 1709 869 1784; x_wconf 88' lang='lat' dir='ltr'>cst,</span> <span class='ocrx_word' id='word_1_66' title='bbox 898 1710 937 1772; x_wconf 94' lang='lat' dir='ltr'>ut</span> <span class='ocrx_word' id='word_1_67' title='bbox 961 1702 1007 1774; x_wconf 91' lang='lat' dir='ltr'>ad</span> <span class='ocrx_word' id='word_1_68' title='bbox 1031 1702 1191 1797; x_wconf 89' lang='lat' dir='ltr'>pmposi-</span> 
     </span>
     <span class='ocr_line' id='line_1_10' title="bbox 108 1819 1191 1919; baseline 0.004 -27"><span class='ocrx_word' id='word_1_69' title='bbox 108 1834 179 1894; x_wconf 93' lang='lat' dir='ltr'>tum</span> <span class='ocrx_word' id='word_1_70' title='bbox 200 1821 356 1905; x_wconf 82' lang='lat' dir='ltr'>redeam,</span> <span class='ocrx_word' id='word_1_71' title='bbox 380 1819 639 1914; x_wconf 83' lang='lat' dir='ltr'>expectantium</span> <span class='ocrx_word' id='word_1_72' title='bbox 659 1821 824 1904; x_wconf 89' lang='lat' dir='ltr'>conditi0;</span> <span class='ocrx_word' id='word_1_73' title='bbox 842 1821 926 1893; x_wconf 93' lang='lat' dir='ltr'>dum</span> <span class='ocrx_word' id='word_1_74' title='bbox 944 1833 1094 1896; x_wconf 76' lang='lat' dir='ltr'>uentura</span> <span class='ocrx_word' id='word_1_75' title='bbox 1111 1847 1191 1919; x_wconf 75' lang='lat' dir='ltr'>pro</span> 
     </span>
     <span class='ocr_line' id='line_1_11' title="bbox 107 1943 1190 2039; baseline 0.003 -25"><span class='ocrx_word' id='word_1_76' title='bbox 107 1944 267 2039; x_wconf 88' lang='lat' dir='ltr'>spiciunt,</span> <span class='ocrx_word' id='word_1_77' title='bbox 290 1965 371 2034; x_wconf 90' lang='lat' dir='ltr'>quae</span> <span class='ocrx_word' id='word_1_78' title='bbox 400 1950 482 2012; x_wconf 90' lang='lat' dir='ltr'>sunt</span> <span class='ocrx_word' id='word_1_79' title='bbox 506 1951 587 2014; x_wconf 89' lang='lat' dir='ltr'>ante</span> <span class='ocrx_word' id='word_1_80' title='bbox 620 1945 740 2016; x_wconf 88' lang='lat' dir='ltr'>oeulos</span> <span class='ocrx_word' id='word_1_81' title='bbox 766 1964 836 2013; x_wconf 92' lang='lat' dir='ltr'>non</span> <span class='ocrx_word' id='word_1_82' title='bbox 860 1943 997 2028; x_wconf 81' lang='lat' dir='ltr'>vident3</span> <span class='ocrx_word' id='word_1_83' title='bbox 1024 1945 1190 2017; x_wconf 90' lang='lat' dir='ltr'>damnum</span> 
     </span>
     <span class='ocr_line' id='line_1_12' title="bbox 107 2064 1192 2159; baseline 0.001 -21"><span class='ocrx_word' id='word_1_84' title='bbox 107 2078 240 2139; x_wconf 86' lang='lat' dir='ltr'>certum</span> <span class='ocrx_word' id='word_1_85' title='bbox 262 2065 329 2137; x_wconf 92' lang='lat' dir='ltr'>sub</span> <span class='ocrx_word' id='word_1_86' title='bbox 348 2064 513 2156; x_wconf 82' lang='lat' dir='ltr'>ambigua</span> <span class='ocrx_word' id='word_1_87' title='bbox 540 2088 612 2159; x_wconf 92' lang='lat' dir='ltr'>spe.</span> <span class='ocrx_word' id='word_1_88' title='bbox 641 2069 724 2137; x_wconf 88' lang='lat' dir='ltr'>llaec</span> <span class='ocrx_word' id='word_1_89' title='bbox 750 2066 892 2158; x_wconf 91' lang='lat' dir='ltr'>quidem</span> <span class='ocrx_word' id='word_1_90' title='bbox 924 2068 1044 2159; x_wconf 88' lang='lat' dir='ltr'>ntique</span> <span class='ocrx_word' id='word_1_91' title='bbox 1077 2077 1192 2139; x_wconf 89' lang='lat' dir='ltr'>trans-</span> 
     </span>
     <span class='ocr_line' id='line_1_13' title="bbox 107 2186 1192 2282; baseline 0.001 -23"><span class='ocrx_word' id='word_1_92' title='bbox 107 2200 205 2261; x_wconf 89' lang='lat' dir='ltr'>cunt:</span> <span class='ocrx_word' id='word_1_93' title='bbox 226 2187 284 2258; x_wconf 90' lang='lat' dir='ltr'>illa</span> <span class='ocrx_word' id='word_1_94' title='bbox 305 2197 421 2258; x_wconf 87' lang='lat' dir='ltr'>autem</span> <span class='ocrx_word' id='word_1_95' title='bbox 443 2210 523 2259; x_wconf 92' lang='lat' dir='ltr'>raro</span> <span class='ocrx_word' id='word_1_96' title='bbox 542 2190 644 2282; x_wconf 93' lang='lat' dir='ltr'>plena</span> <span class='ocrx_word' id='word_1_97' title='bbox 664 2186 734 2258; x_wconf 85' lang='lat' dir='ltr'>fido</span> <span class='ocrx_word' id='word_1_98' title='bbox 748 2189 947 2259; x_wconf 89' lang='lat' dir='ltr'>succedunt.</span> <span class='ocrx_word' id='word_1_99' title='bbox 962 2188 1077 2274; x_wconf 81' lang='lat' dir='ltr'>Adde,</span> <span class='ocrx_word' id='word_1_100' title='bbox 1096 2189 1192 2281; x_wconf 92' lang='lat' dir='ltr'>quod</span> 
     </span>
     <span class='ocr_line' id='line_1_14' title="bbox 110 2309 1193 2405; baseline 0 -25"><span class='ocrx_word' id='word_1_101' title='bbox 110 2312 166 2381; x_wconf 83' lang='lat' dir='ltr'>vel</span> <span class='ocrx_word' id='word_1_102' title='bbox 187 2331 403 2403; x_wconf 87' lang='lat' dir='ltr'>supervacua</span> <span class='ocrx_word' id='word_1_103' title='bbox 423 2313 494 2382; x_wconf 88' lang='lat' dir='ltr'>lere</span> <span class='ocrx_word' id='word_1_104' title='bbox 515 2320 597 2381; x_wconf 91' lang='lat' dir='ltr'>sunt</span> <span class='ocrx_word' id='word_1_105' title='bbox 615 2311 675 2380; x_wconf 91' lang='lat' dir='ltr'>vel</span> <span class='ocrx_word' id='word_1_106' title='bbox 694 2309 878 2396; x_wconf 88' lang='lat' dir='ltr'>damnosa,</span> <span class='ocrx_word' id='word_1_107' title='bbox 901 2321 936 2383; x_wconf 91' lang='lat' dir='ltr'>ct</span> <span class='ocrx_word' id='word_1_108' title='bbox 957 2313 991 2382; x_wconf 94' lang='lat' dir='ltr'>in</span> <span class='ocrx_word' id='word_1_109' title='bbox 1009 2320 1113 2405; x_wconf 90' lang='lat' dir='ltr'>caput</span> <span class='ocrx_word' id='word_1_110' title='bbox 1129 2332 1193 2381; x_wconf 93' lang='lat' dir='ltr'>no-</span> 
     </span>
     <span class='ocr_line' id='line_1_15' title="bbox 110 2434 1191 2528; baseline 0.002 -24"><span class='ocrx_word' id='word_1_111' title='bbox 110 2442 220 2504; x_wconf 91' lang='lat' dir='ltr'>strum</span> <span class='ocrx_word' id='word_1_112' title='bbox 249 2455 415 2505; x_wconf 91' lang='lat' dir='ltr'>recasura</span> <span class='ocrx_word' id='word_1_113' title='bbox 441 2454 522 2526; x_wconf 80' lang='lat' dir='ltr'>quac</span> <span class='ocrx_word' id='word_1_114' title='bbox 546 2434 722 2527; x_wconf 83' lang='lat' dir='ltr'>cupimus3</span> <span class='ocrx_word' id='word_1_115' title='bbox 753 2444 792 2505; x_wconf 89' lang='lat' dir='ltr'>nt</span> <span class='ocrx_word' id='word_1_116' title='bbox 818 2434 908 2505; x_wconf 90' lang='lat' dir='ltr'>sicut</span> <span class='ocrx_word' id='word_1_117' title='bbox 941 2455 1034 2528; x_wconf 87' lang='lat' dir='ltr'>saepe</span> <span class='ocrx_word' id='word_1_118' title='bbox 1064 2434 1191 2506; x_wconf 89' lang='lat' dir='ltr'>reiecta</span> 
     </span>
     <span class='ocr_line' id='line_1_16' title="bbox 110 2555 1192 2651; baseline 0.002 -26"><span class='ocrx_word' id='word_1_119' title='bbox 110 2557 312 2649; x_wconf 65' lang='lat' dir='ltr'>indignatio</span> <span class='ocrx_word' id='word_1_120' title='bbox 336 2557 385 2628; x_wconf 90' lang='lat' dir='ltr'>sic</span> <span class='ocrx_word' id='word_1_121' title='bbox 407 2556 452 2627; x_wconf 93' lang='lat' dir='ltr'>ad</span> <span class='ocrx_word' id='word_1_122' title='bbox 472 2555 607 2627; x_wconf 90' lang='lat' dir='ltr'>libitum</span> <span class='ocrx_word' id='word_1_123' title='bbox 628 2566 806 2651; x_wconf 89' lang='lat' dir='ltr'>provecta,</span> <span class='ocrx_word' id='word_1_124' title='bbox 834 2559 892 2628; x_wconf 89' lang='lat' dir='ltr'>vol</span> <span class='ocrx_word' id='word_1_125' title='bbox 917 2557 1107 2643; x_wconf 77' lang='lat' dir='ltr'>fastidium,</span> <span class='ocrx_word' id='word_1_126' title='bbox 1135 2559 1192 2629; x_wconf 88' lang='lat' dir='ltr'>vcl</span> 
     </span>
     <span class='ocr_line' id='line_1_17' title="bbox 110 2678 1191 2774; baseline 0.003 -28"><span class='ocrx_word' id='word_1_127' title='bbox 110 2678 301 2774; x_wconf 86' lang='lat' dir='ltr'>improvisa</span> <span class='ocrx_word' id='word_1_128' title='bbox 338 2678 507 2772; x_wconf 84' lang='lat' dir='ltr'>pernicies</span> <span class='ocrx_word' id='word_1_129' title='bbox 542 2688 719 2772; x_wconf 88' lang='lat' dir='ltr'>sequatur.</span> <span class='ocrx_word' id='word_1_130' title='bbox 753 2678 878 2752; x_wconf 84' lang='lat' dir='ltr'>Abduc</span> <span class='ocrx_word' id='word_1_131' title='bbox 918 2679 1023 2770; x_wconf 83' lang='lat' dir='ltr'>igitur</span> <span class='ocrx_word' id='word_1_132' title='bbox 1053 2700 1191 2751; x_wconf 86' lang='lat' dir='ltr'>omnem</span> 
     </span>
     <span class='ocr_line' id='line_1_18' title="bbox 112 2799 1304 2895; baseline 0.002 -26"><span class='ocrx_word' id='word_1_133' title='bbox 112 2823 223 2895; x_wconf 89' lang='lat' dir='ltr'>spem,</span> <span class='ocrx_word' id='word_1_134' title='bbox 245 2823 348 2872; x_wconf 88' lang='lat' dir='ltr'>omne</span> <span class='ocrx_word' id='word_1_135' title='bbox 368 2802 582 2873; x_wconf 91' lang='lat' dir='ltr'>desiderium</span> <span class='ocrx_word' id='word_1_136' title='bbox 604 2812 724 2874; x_wconf 89' lang='lat' dir='ltr'>averte</span> <span class='ocrx_word' id='word_1_137' title='bbox 743 2801 789 2873; x_wconf 93' lang='lat' dir='ltr'>ab</span> <span class='ocrx_word' id='word_1_138' title='bbox 809 2803 864 2873; x_wconf 91' lang='lat' dir='ltr'>his</span> <span class='ocrx_word' id='word_1_139' title='bbox 878 2800 1061 2873; x_wconf 83' lang='lat' dir='ltr'>fallacibus</span> <span class='ocrx_word' id='word_1_140' title='bbox 1079 2799 1192 2873; x_wconf 90' lang='lat' dir='ltr'>bonis.</span> <span class='ocrx_word' id='word_1_141' title='bbox 1301 2822 1304 2827; x_wconf 89' lang='lat'>·</span> 
     </span>
     <span class='ocr_line' id='line_1_19' title="bbox 114 2923 1190 3015; baseline 0.001 -24"><span class='ocrx_word' id='word_1_142' title='bbox 114 2923 226 3015; x_wconf 90' lang='lat' dir='ltr'>lncipe</span> <span class='ocrx_word' id='word_1_143' title='bbox 246 2946 353 2993; x_wconf 91' lang='lat' dir='ltr'>unum</span> <span class='ocrx_word' id='word_1_144' title='bbox 376 2924 503 3009; x_wconf 92' lang='lat' dir='ltr'>solum,</span> <span class='ocrx_word' id='word_1_145' title='bbox 538 2934 574 2995; x_wconf 89' lang='lat' dir='ltr'>et</span> <span class='ocrx_word' id='word_1_146' title='bbox 606 2946 745 3011; x_wconf 89' lang='lat' dir='ltr'>verum,</span> <span class='ocrx_word' id='word_1_147' title='bbox 779 2934 815 2994; x_wconf 89' lang='lat' dir='ltr'>et</span> <span class='ocrx_word' id='word_1_148' title='bbox 848 2947 1024 2995; x_wconf 90' lang='lat' dir='ltr'>summum</span> <span class='ocrx_word' id='word_1_149' title='bbox 1060 2923 1190 2994; x_wconf 88' lang='lat' dir='ltr'>bonum</span> 
     </span>
     <span class='ocr_line' id='line_1_20' title="bbox 113 3043 1194 3141; baseline -0.001 -27"><span class='ocrx_word' id='word_1_150' title='bbox 113 3054 245 3141; x_wconf 89' lang='lat' dir='ltr'>optare,</span> <span class='ocrx_word' id='word_1_151' title='bbox 269 3043 299 3116; x_wconf 91' lang='lat' dir='ltr'>si</span> <span class='ocrx_word' id='word_1_152' title='bbox 319 3055 435 3116; x_wconf 91' lang='lat' dir='ltr'>tamon</span> <span class='ocrx_word' id='word_1_153' title='bbox 456 3045 635 3138; x_wconf 88' lang='lat' dir='ltr'>usquead</span> <span class='ocrx_word' id='word_1_154' title='bbox 659 3046 749 3117; x_wconf 93' lang='lat' dir='ltr'>hanc</span> <span class='ocrx_word' id='word_1_155' title='bbox 775 3055 913 3116; x_wconf 68' lang='lat' dir='ltr'>aetatem</span> <span class='ocrx_word' id='word_1_156' title='bbox 940 3066 1012 3114; x_wconf 90' lang='lat' dir='ltr'>rem</span> <span class='ocrx_word' id='word_1_157' title='bbox 1039 3043 1194 3136; x_wconf 90' lang='lat' dir='ltr'>apprime</span> 
     </span>
     <span class='ocr_line' id='line_1_21' title="bbox 114 3147 1192 3249; baseline -0.004 -10"><span class='ocrx_word' id='word_1_158' title='bbox 114 3167 349 3241; x_wconf 87' lang='lat' dir='ltr'>necessariam</span> <span class='ocrx_word' id='word_1_159' title='bbox 365 3147 542 3241; x_wconf 69' lang='lat' dir='ltr'>distulisti.</span> <span class='ocrx_word' id='word_1_160' title='bbox 562 3170 658 3239; x_wconf 84' lang='lat' dir='ltr'>Tunc</span> <span class='ocrx_word' id='word_1_161' title='bbox 675 3166 893 3239; x_wconf 90' lang='lat' dir='ltr'>discurrendi</span> <span class='ocrx_word' id='word_1_162' title='bbox 911 3164 1017 3237; x_wconf 93' lang='lat' dir='ltr'>libido</span> <span class='ocrx_word' id='word_1_163' title='bbox 1030 3163 1192 3249; x_wconf 86' lang='lat' dir='ltr'>cessabit,</span> 
     </span>
     <span class='ocr_line' id='line_1_22' title="bbox 113 3286 1193 3382; baseline -0.006 -20"><span class='ocrx_word' id='word_1_164' title='bbox 113 3302 148 3362; x_wconf 89' lang='lat' dir='ltr'>ot</span> <span class='ocrx_word' id='word_1_165' title='bbox 166 3288 284 3364; x_wconf 90' lang='lat' dir='ltr'>odium</span> <span class='ocrx_word' id='word_1_166' title='bbox 306 3289 474 3382; x_wconf 79' lang='lat' dir='ltr'>longioris</span> <span class='ocrx_word' id='word_1_167' title='bbox 494 3310 617 3361; x_wconf 85' lang='lat' dir='ltr'>morae:</span> <span class='ocrx_word' id='word_1_168' title='bbox 640 3298 713 3360; x_wconf 90' lang='lat' dir='ltr'>tum</span> <span class='ocrx_word' id='word_1_169' title='bbox 730 3310 815 3360; x_wconf 89' lang='lat' dir='ltr'>vero</span> <span class='ocrx_word' id='word_1_170' title='bbox 836 3310 905 3358; x_wconf 92' lang='lat' dir='ltr'>non</span> <span class='ocrx_word' id='word_1_171' title='bbox 923 3286 1026 3360; x_wconf 91' lang='lat' dir='ltr'>modo</span> <span class='ocrx_word' id='word_1_172' title='bbox 1046 3287 1193 3370; x_wconf 82' lang='lat' dir='ltr'>Nicaeae,</span> 
     </span>
     <span class='ocr_line' id='line_1_23' title="bbox 115 3409 1197 3509; baseline -0.004 -24"><span class='ocrx_word' id='word_1_173' title='bbox 115 3414 178 3487; x_wconf 90' lang='lat' dir='ltr'>sed</span> <span class='ocrx_word' id='word_1_174' title='bbox 204 3413 247 3508; x_wconf 86' lang='lat' dir='ltr'>(si</span> <span class='ocrx_word' id='word_1_175' title='bbox 268 3414 316 3485; x_wconf 90' lang='lat' dir='ltr'>ita</span> <span class='ocrx_word' id='word_1_176' title='bbox 337 3434 415 3484; x_wconf 89' lang='lat' dir='ltr'>sors</span> <span class='ocrx_word' id='word_1_177' title='bbox 438 3411 567 3507; x_wconf 78' lang='lat' dir='ltr'>tulerit)</span> <span class='ocrx_word' id='word_1_178' title='bbox 589 3412 678 3483; x_wconf 88' lang='lat' dir='ltr'>inter</span> <span class='ocrx_word' id='word_1_179' title='bbox 703 3409 853 3507; x_wconf 80' lang='lat' dir='ltr'>Libycas</span> <span class='ocrx_word' id='word_1_180' title='bbox 882 3413 1004 3509; x_wconf 80' lang='lat' dir='ltr'>Syrtes</span> <span class='ocrx_word' id='word_1_181' title='bbox 1026 3410 1101 3483; x_wconf 83' lang='lat' dir='ltr'>sine</span> <span class='ocrx_word' id='word_1_182' title='bbox 1122 3431 1197 3481; x_wconf 90' lang='lat' dir='ltr'>mo-</span> 
     </span>
     <span class='ocr_line' id='line_1_24' title="bbox 114 3534 1199 3630; baseline -0.004 -24"><span class='ocrx_word' id='word_1_183' title='bbox 114 3536 216 3609; x_wconf 88' lang='lat' dir='ltr'>lestia</span> <span class='ocrx_word' id='word_1_184' title='bbox 235 3534 360 3621; x_wconf 89' lang='lat' dir='ltr'>stabis,</span> <span class='ocrx_word' id='word_1_185' title='bbox 383 3534 490 3606; x_wconf 92' lang='lat' dir='ltr'>rebus</span> <span class='ocrx_word' id='word_1_186' title='bbox 518 3536 587 3608; x_wconf 90' lang='lat' dir='ltr'>tuis</span> <span class='ocrx_word' id='word_1_187' title='bbox 614 3548 810 3622; x_wconf 91' lang='lat' dir='ltr'>contentus,</span> <span class='ocrx_word' id='word_1_188' title='bbox 838 3535 993 3630; x_wconf 89' lang='lat' dir='ltr'>nihilque</span> <span class='ocrx_word' id='word_1_189' title='bbox 1020 3534 1116 3607; x_wconf 90' lang='lat' dir='ltr'>aliud</span> <span class='ocrx_word' id='word_1_190' title='bbox 1143 3553 1199 3601; x_wconf 78' lang='lat' dir='ltr'>re</span> 
     </span>
     <span class='ocr_line' id='line_1_25' title="bbox 115 3653 1197 3753; baseline -0.006 -24"><span class='ocrx_word' id='word_1_191' title='bbox 115 3659 268 3753; x_wconf 81' lang='lat' dir='ltr'>quirens.</span> <span class='ocrx_word' id='word_1_192' title='bbox 283 3659 380 3729; x_wconf 87' lang='lat' dir='ltr'>Dicet</span> <span class='ocrx_word' id='word_1_193' title='bbox 392 3659 533 3752; x_wconf 89' lang='lat' dir='ltr'>aliquis:</span> <span class='ocrx_word' id='word_1_194' title='bbox 548 3661 719 3753; x_wconf 91' lang='lat' dir='ltr'>numquid</span> <span class='ocrx_word' id='word_1_195' title='bbox 731 3659 817 3732; x_wconf 90' lang='lat' dir='ltr'>illud</span> <span class='ocrx_word' id='word_1_196' title='bbox 830 3662 952 3731; x_wconf 88' lang='lat' dir='ltr'>saltem</span> <span class='ocrx_word' id='word_1_197' title='bbox 970 3679 1087 3740; x_wconf 91' lang='lat' dir='ltr'>unum,</span> <span class='ocrx_word' id='word_1_198' title='bbox 1102 3653 1197 3747; x_wconf 90' lang='lat' dir='ltr'>quod</span> 
     </span>
     <span class='ocr_line' id='line_1_26' title="bbox 115 3780 1199 3877; baseline -0.006 -25"><span class='ocrx_word' id='word_1_199' title='bbox 115 3803 304 3868; x_wconf 90' lang='lat' dir='ltr'>memoras,</span> <span class='ocrx_word' id='word_1_200' title='bbox 325 3780 457 3854; x_wconf 90' lang='lat' dir='ltr'>bonum</span> <span class='ocrx_word' id='word_1_201' title='bbox 481 3784 740 3877; x_wconf 83' lang='lat' dir='ltr'>expectandum</span> <span class='ocrx_word' id='word_1_202' title='bbox 765 3783 842 3867; x_wconf 91' lang='lat' dir='ltr'>erit,</span> <span class='ocrx_word' id='word_1_203' title='bbox 864 3793 904 3853; x_wconf 94' lang='lat' dir='ltr'>ut</span> <span class='ocrx_word' id='word_1_204' title='bbox 922 3798 1081 3874; x_wconf 82' lang='lat' dir='ltr'>praesens</span> <span class='ocrx_word' id='word_1_205' title='bbox 1106 3795 1199 3870; x_wconf 85' lang='lat' dir='ltr'>prae-</span> 
     </span>
     <span class='ocr_line' id='line_1_27' title="bbox 118 3897 1198 3998; baseline -0.007 -24"><span class='ocrx_word' id='word_1_206' title='bbox 118 3903 206 3976; x_wconf 89' lang='lat' dir='ltr'>senti</span> <span class='ocrx_word' id='word_1_207' title='bbox 228 3904 356 3996; x_wconf 77' lang='lat' dir='ltr'>gaudio</span> <span class='ocrx_word' id='word_1_208' title='bbox 372 3904 631 3978; x_wconf 88' lang='lat' dir='ltr'>desiderantem</span> <span class='ocrx_word' id='word_1_209' title='bbox 648 3907 799 3978; x_wconf 87' lang='lat' dir='ltr'>animam</span> <span class='ocrx_word' id='word_1_210' title='bbox 817 3904 981 3998; x_wconf 78' lang='lat' dir='ltr'>impleat?</span> <span class='ocrx_word' id='word_1_211' title='bbox 997 3899 1148 3971; x_wconf 86' lang='lat' dir='ltr'>Minime.</span> <span class='ocrx_word' id='word_1_212' title='bbox 1162 3897 1198 3968; x_wconf 92' lang='lat' dir='ltr'>Si</span> 
     </span>
     <span class='ocr_line' id='line_1_28' title="bbox 117 4018 1198 4123; baseline -0.012 -24"><span class='ocrx_word' id='word_1_213' title='bbox 117 4029 209 4099; x_wconf 89' lang='lat' dir='ltr'>enim</span> <span class='ocrx_word' id='word_1_214' title='bbox 223 4031 322 4123; x_wconf 88' lang='lat' dir='ltr'>plene</span> <span class='ocrx_word' id='word_1_215' title='bbox 335 4029 536 4112; x_wconf 77' lang='lat' dir='ltr'>desideraS,</span> <span class='ocrx_word' id='word_1_216' title='bbox 552 4030 582 4102; x_wconf 86' lang='lat' dir='ltr'>si</span> <span class='ocrx_word' id='word_1_217' title='bbox 600 4040 732 4114; x_wconf 89' lang='lat' dir='ltr'>sancte,</span> <span class='ocrx_word' id='word_1_218' title='bbox 753 4028 796 4106; x_wconf 84' lang='lat' dir='ltr'>si,</span> <span class='ocrx_word' id='word_1_219' title='bbox 811 4025 926 4100; x_wconf 89' lang='lat' dir='ltr'>sobrie</span> <span class='ocrx_word' id='word_1_220' title='bbox 948 4022 1059 4117; x_wconf 77' lang='lat' dir='ltr'>(aliter</span> <span class='ocrx_word' id='word_1_221' title='bbox 1071 4018 1198 4112; x_wconf 88' lang='lat' dir='ltr'>quippe</span> 
     </span>
     <span class='ocr_line' id='line_1_29' title="bbox 118 4143 1200 4248; baseline -0.011 -25"><span class='ocrx_word' id='word_1_222' title='bbox 118 4160 294 4225; x_wconf 78' lang='lat' dir='ltr'>tanta-res</span> <span class='ocrx_word' id='word_1_223' title='bbox 319 4152 430 4248; x_wconf 87' lang='lat' dir='ltr'>optari</span> <span class='ocrx_word' id='word_1_224' title='bbox 450 4173 520 4223; x_wconf 96' lang='lat' dir='ltr'>non</span> <span class='ocrx_word' id='word_1_225' title='bbox 546 4153 671 4246; x_wconf 81' lang='lat' dir='ltr'>potest)</span> <span class='ocrx_word' id='word_1_226' title='bbox 702 4153 771 4222; x_wconf 91' lang='lat' dir='ltr'>iam</span> <span class='ocrx_word' id='word_1_227' title='bbox 796 4147 891 4242; x_wconf 92' lang='lat' dir='ltr'>qnod</span> <span class='ocrx_word' id='word_1_228' title='bbox 915 4143 1061 4241; x_wconf 86' lang='lat' dir='ltr'>petebas</span> <span class='ocrx_word' id='word_1_229' title='bbox 1084 4150 1200 4213; x_wconf 90' lang='lat' dir='ltr'>tecum</span> 
     </span>
     <span class='ocr_line' id='line_1_30' title="bbox 117 4265 1203 4367; baseline -0.013 -18"><span class='ocrx_word' id='word_1_230' title='bbox 117 4285 183 4349; x_wconf 86' lang='lat' dir='ltr'>est.</span> <span class='ocrx_word' id='word_1_231' title='bbox 205 4279 303 4349; x_wconf 91' lang='lat' dir='ltr'>lutus</span> <span class='ocrx_word' id='word_1_232' title='bbox 323 4275 359 4347; x_wconf 92' lang='lat' dir='ltr'>in</span> <span class='ocrx_word' id='word_1_233' title='bbox 380 4274 496 4347; x_wconf 91' lang='lat' dir='ltr'>anima</span> <span class='ocrx_word' id='word_1_234' title='bbox 517 4272 614 4344; x_wconf 91' lang='lat' dir='ltr'>illum</span> <span class='ocrx_word' id='word_1_235' title='bbox 634 4295 740 4367; x_wconf 90' lang='lat' dir='ltr'>quem</span> <span class='ocrx_word' id='word_1_236' title='bbox 760 4269 877 4362; x_wconf 78' lang='lat' dir='ltr'>diligis</span> <span class='ocrx_word' id='word_1_237' title='bbox 897 4287 1030 4362; x_wconf 84' lang='lat' dir='ltr'>quaere,</span> <span class='ocrx_word' id='word_1_238' title='bbox 1051 4275 1088 4338; x_wconf 93' lang='lat' dir='ltr'>et</span> <span class='ocrx_word' id='word_1_239' title='bbox 1102 4265 1203 4337; x_wconf 87' lang='lat' dir='ltr'>inve-</span> 
     </span>
     <span class='ocr_line' id='line_1_31' title="bbox 118 4389 1203 4492; baseline -0.011 -21"><span class='ocrx_word' id='word_1_240' title='bbox 118 4402 211 4486; x_wconf 75' lang='lat' dir='ltr'>nies,</span> <span class='ocrx_word' id='word_1_241' title='bbox 232 4422 303 4472; x_wconf 94' lang='lat' dir='ltr'>non</span> <span class='ocrx_word' id='word_1_242' title='bbox 323 4408 397 4486; x_wconf 90' lang='lat' dir='ltr'>est,</span> <span class='ocrx_word' id='word_1_243' title='bbox 419 4409 458 4470; x_wconf 94' lang='lat' dir='ltr'>ut</span> <span class='ocrx_word' id='word_1_244' title='bbox 476 4419 520 4469; x_wconf 86' lang='lat' dir='ltr'>eo</span> <span class='ocrx_word' id='word_1_245' title='bbox 540 4395 699 4492; x_wconf 86' lang='lat' dir='ltr'>potiaris,</span> <span class='ocrx_word' id='word_1_246' title='bbox 721 4394 878 4468; x_wconf 85' lang='lat' dir='ltr'>exterius</span> <span class='ocrx_word' id='word_1_247' title='bbox 904 4390 1137 4486; x_wconf 79' lang='lat' dir='ltr'>evagandum.</span> <span class='ocrx_word' id='word_1_248' title='bbox 1158 4389 1203 4461; x_wconf 83' lang='lat' dir='ltr'>Et</span> 
     </span>
    </p>
   </div>
   <div class='ocr_carea' id='block_1_3' title="bbox 119 4515 1203 4618">
    <p class='ocr_par' dir='ltr' id='par_1_3' title="bbox 119 4515 1203 4618">
     <span class='ocr_line' id='line_1_32' title="bbox 119 4515 1203 4618; baseline -0.011 -24"><span class='ocrx_word' id='word_1_249' title='bbox 119 4521 151 4594; x_wconf 91' lang='lat' dir='ltr'>si</span> <span class='ocrx_word' id='word_1_250' title='bbox 170 4522 256 4618; x_wconf 91' lang='lat' dir='ltr'>quid</span> <span class='ocrx_word' id='word_1_251' title='bbox 276 4523 366 4596; x_wconf 81' lang='lat' dir='ltr'>forte</span> <span class='ocrx_word' id='word_1_252' title='bbox 385 4529 495 4594; x_wconf 87' lang='lat' dir='ltr'>restat</span> <span class='ocrx_word' id='word_1_253' title='bbox 515 4517 645 4604; x_wconf 88' lang='lat' dir='ltr'>adbuc,</span> <span class='ocrx_word' id='word_1_254' title='bbox 668 4516 763 4612; x_wconf 91' lang='lat' dir='ltr'>quod</span> <span class='ocrx_word' id='word_1_255' title='bbox 781 4516 932 4611; x_wconf 85' lang='lat' dir='ltr'>amplius</span> <span class='ocrx_word' id='word_1_256' title='bbox 951 4515 1041 4591; x_wconf 85' lang='lat' dir='ltr'>valis</span> <span class='ocrx_word' id='word_1_257' title='bbox 1062 4523 1123 4589; x_wconf 87' lang='lat' dir='ltr'>uut</span> <span class='ocrx_word' id='word_1_258' title='bbox 1141 4534 1203 4584; x_wconf 88' lang='lat' dir='ltr'>cu·</span> 
     </span>
    </p>
   </div>
   <div class='ocr_carea' id='block_1_4' title="bbox 0 0 1368 5024">
    <p class='ocr_par' dir='ltr' id='par_1_4' title="bbox 0 0 1368 5024">
     <span class='ocr_line' id='line_1_33' title="bbox 0 0 1368 5024; baseline 0 0"><span class='ocrx_word' id='word_1_259' title='bbox 0 0 1368 5024; x_wconf 95' lang='lat' dir='ltr'> </span> 
     </span>
    </p>
   </div>
  </div>
 </body>
</html>
