2692 5024
455 862 642 929 Faldclsdl
670 862 876 927 ratoldum

264 1110 334 1188 bu
388 1103 575 1185 REBUS
631 1100 1066 1181 FAMILIARIBUS

498 1343 630 1413 LIBER
664 1342 835 1413 PRIMUS.

514 1867 518 1873 ·
557 1837 733 1903 nrlstotl
753 1839 773 1901 l.

222 2051 414 2103 Falnctscus
435 2050 604 2100 Parauaea
625 2051 743 2101 THOMAE
763 2051 960 2101 uessnnunsl
980 2053 1006 2101 S.
1027 2054 1054 2102 Ρ.
1078 2056 1106 2101 D.

130 2233 246 2290 Famam
260 2240 323 2289 ante
336 2233 443 2288 obitum
457 2249 513 2288 non
527 2248 587 2286 esse
600 2231 797 2304 appetendam,
812 2250 900 2304 quum
913 2250 945 2288 ea
959 2234 1038 2289 nobis
1051 2234 1204 2290 viventibus

497 2320 611 2375 minime
624 2320 710 2392 possit
722 2320 836 2391 acquiri.

227 2569 408 2652 Querelam
427 2566 598 2662 publicam
615 2590 716 2639 nemo
735 2567 873 2660 sapiens
892 2588 991 2638 suam
1009 2566 1098 2638 facit.
1112 2567 1203 2640 Satis

128 2689 277 2783 quisque
293 2690 505 2784 privatarum
523 2693 740 2784 querelarum
761 2689 855 2762 domi
872 2688 985 2762 babet.
1005 2689 1095 2762 Satis
1112 2690 1204 2762 dixi:

128 2813 232 2884 nimis
254 2811 369 2884 dioere
385 2813 584 2885 debueram.
602 2814 693 2884 Nulli
713 2834 758 2884 ne
777 2815 843 2885 hoc
862 2836 1016 2906 unquam
1036 2812 1205 2886 aooidisso

128 2935 240 3007 reris?
259 2933 412 3006 Falleris.
434 2934 524 3005 Nulli
544 2957 629 3006 vero
648 2935 859 3007 eontrarium
879 2934 1012 3006 accidit.
1034 2936 1117 3019 Vix,
1145 2958 1206 3005 su-

131 3058 269 3151 perstite
286 3058 346 3150 qui
363 3061 496 3142 lecerat,
514 3058 720 3150 cuiusquam
738 3057 864 3151 scripta
881 3059 938 3127 vel
955 3066 1053 3148 gesta
1069 3058 1206 3148 placue-

132 3190 221 3251 runt.
238 3180 376 3252 Laudes
394 3180 572 3252 hominnm
593 3201 687 3250 mors
709 3178 857 3251 inchoat.
879 3178 954 3249 Scis
971 3180 1102 3270 quare?
1117 3178 1205 3263 Quia

128 3325 208 3376 cum
240 3326 383 3396 corpore
414 3303 558 3375 moritur
586 3302 729 3386 invidia,
762 3302 921 3395 vivitque
947 3324 1027 3373 oum
1051 3324 1204 3396 oorpore.

130 3426 329 3511 Multorum,
358 3428 485 3521 inquis,
517 3426 644 3521 scripta
672 3427 868 3511 laudantur,
900 3448 980 3519 quae
1011 3426 1041 3498 si
1067 3426 1204 3518 gloriari

131 3550 210 3623 lieet
227 3606 347 3623 .....
366 3576 435 3624 non
456 3553 572 3646 pergis
589 3552 754 3625 ulterius:
773 3552 836 3624 sed
855 3549 929 3645 (qui
946 3549 1206 3641 indignantibus

131 3696 207 3747 mos
230 3675 299 3769 est]¹
323 3698 534 3770 suspensum
558 3676 718 3769 linquens
744 3675 911 3748 auditoris
937 3675 1106 3756 animum,
1134 3694 1207 3742 ser-

130 3820 231 3870 mone
256 3800 483 3891 praetervolas
510 3799 692 3922 inexpleto.
714 3799 845 3869 Vemm
870 3795 1048 3866 enimvero
1072 3790 1207 3881 lugien-

133 3931 199 3991 tem
218 3943 413 4016 consequor
433 3922 557 3994 mentis
577 3922 742 4014 augurio:
764 3920 836 3992 seio
856 3917 941 4011 quid
962 3915 1060 3986 velis.
1082 3915 1206 3985 Multo

132 4065 208 4115 rum
237 4046 363 4141 scripta
394 4045 591 4129 laudantur,
623 4066 704 4137 quae
734 4043 803 4113 tuis
830 4042 968 4113 admota
992 4057 1109 4108 carere
1138 4058 1207 4107 non

130 4174 263 4239 tantum
288 4168 481 4252 laudatore,
508 4167 697 4240 sedetiam
722 4167 847 4235 lectore
877 4161 1097 4242 debuissent;
1126 4182 1207 4231 eum

130 4297 189 4361 tua
208 4289 348 4362 interim
368 4293 485 4363 nullus
506 4290 662 4380 attingat.
689 4289 908 4377 Reoognosoe
928 4285 963 4354 in
982 4283 1101 4357 verbis
1119 4283 1207 4355 meis

130 4408 399 4505 indignationem
418 4425 528 4499 tuam,
543 4433 624 4506 quae
642 4410 736 4483 iusta
750 4418 845 4481 esset
861 4408 929 4479 nisi
946 4408 1038 4480 illam
1055 4408 1099 4480 de
1113 4427 1208 4479 eom-

130 4535 225 4606 muni
255 4535 410 4608 omnium
440 4556 565 4609 noervo
596 4533 632 4607 in
660 4554 749 4607 usus
776 4531 936 4627 proprios
969 4528 1206 4603 traduxisses:
