2692 5024
352 657 444 706 ururu
465 656 842 709 summus-urrsroul
864 663 914 710 xr·
1116 640 1184 713 395'

96 798 293 889 Augustum
320 798 494 883 caesares,
523 820 618 893 saepe
635 822 656 870 a
673 800 874 894 reipublice
892 806 1047 895 negociis
1069 807 1177 878 bello-

96 941 242 1011 rumque
262 918 439 989 laboribus
458 920 492 989 in
509 922 619 991 nostri
638 923 883 1014 tranquillitate
901 925 966 996 ocii
979 927 1175 1017 quievisse:

94 1053 129 1112 et
154 1041 308 1131 rigentes
341 1030 475 1133 gladiis
490 1042 657 1114 dexteras
686 1043 732 1116 ab
755 1042 916 1117 hostibus
942 1047 1107 1120 feriendis
1132 1049 1176 1121 ad

97 1161 249 1258 syllabas
272 1163 519 1248 numerandas,
542 1185 584 1233 ac
604 1185 709 1235 voces
727 1167 890 1237 adversis
907 1168 1106 1259 agminibus
1125 1170 1177 1240 in-

96 1297 231 1367 tonare,
254 1285 414 1378 interque
432 1284 596 1356 tubarum
614 1288 813 1378 clangorem
832 1298 868 1359 et
884 1289 1066 1360 militarem
1087 1301 1177 1362 stre-

95 1407 201 1499 pitum
222 1406 383 1478 exaudiri
405 1407 538 1492 solitas,
562 1408 607 1479 ad
627 1407 729 1478 Pierii
756 1409 1001 1481 modulaminis
1022 1411 1178 1485 dulcedi-

95 1553 172 1602 nem
214 1531 446 1601 transtulisse.
483 1531 655 1601 Neronem
692 1539 854 1615 transeo,
889 1554 933 1602 ne
970 1538 1176 1624 praeclarum

95 1651 250 1722 studium
273 1651 493 1744 gloriosaque
515 1651 655 1722 nomina
680 1652 772 1723 illius
798 1654 943 1724 monstri
969 1676 1177 1727 commemo

96 1774 227 1844 ratione
258 1774 517 1844 commaculem.
553 1772 664 1855 Quam
698 1772 853 1845 deditum
886 1775 997 1846 Musis
1031 1778 1177 1850 Hadria-

94 1918 177 1966 num
199 1890 404 1967 ciedimus‘l
425 1895 531 1966 Cuius
553 1895 696 1968 intentio
717 1906 787 1966 tam
807 1896 1001 1967 vehemens
1027 1901 1110 1985 luit,
1140 1913 1178 1972 ut

95 2039 138 2087 ne
171 2018 284 2090 vicina
315 2019 457 2110 quidem
483 2027 594 2090 morte
625 2020 843 2090 lentesceret.
865 2019 1025 2103 Prorsus,
1049 2020 1174 2090 mirum

94 2139 203 2225 dictu,
220 2139 287 2211 sub
298 2150 497 2212 extremum
514 2140 599 2211 vitae
616 2139 791 2231 spiritum,
806 2140 850 2212 de
869 2141 996 2211 animae
1013 2141 1173 2212 discessu

96 2262 289 2333 versiculos
308 2263 431 2348 edidit,
451 2284 540 2355 quos
558 2263 763 2346 insererem,
783 2261 851 2332 nisi
867 2262 950 2353 quia
968 2265 1025 2334 vel
1044 2261 1102 2332 tibi
1118 2265 1174 2334 vel

96 2392 233 2454 tuorum
255 2384 355 2455 alicui
377 2395 477 2457 notos
496 2406 578 2456 esse
597 2382 744 2456 confido.
772 2382 862 2467 Quid
887 2385 1041 2455 Marcum
1066 2383 1174 2456 Anto-

94 2506 214 2576 ninum
235 2509 367 2599 loquar,
395 2507 455 2599 qui
479 2529 559 2579 cum
582 2527 650 2577 non
669 2505 858 2578 ambitione
885 2505 946 2577 sed
973 2506 1104 2577 meritis
1129 2505 1173 2576 ad

95 2629 276 2722 imperium
302 2628 530 2711 ascendisset,
560 2640 663 2701 vetus
689 2629 1104 2723 pbilosopbicognomen
1126 2641 1175 2699 le·

95 2750 182 2835 nuit,
205 2773 336 2823 novum
357 2754 509 2846 sprevit,
533 2752 709 2844 aliquanto
730 2753 842 2823 maius
863 2753 1043 2823 aestimans
1063 2750 1175 2845 philo

95 2872 242 2964 sophum
267 2894 348 2943 esse
373 2895 478 2964 quarn
505 2874 720 2966 principem?
743 2873 855 2943 Huius
882 2871 1023 2963 generis
1052 2893 1175 2940 exem-

95 2994 229 3083 plorum
263 2994 361 3086 copia
387 2994 512 3085 ingens
537 3005 612 3076 est3
640 2994 703 3063 vix
729 2993 853 3087 aliquis
879 2993 1072 3085 principum
1099 2991 1173 3062 sine

95 3114 158 3186 hac
193 3115 385 3188 litterarum
425 3114 627 3209 supellectili
666 3137 704 3185 se
736 3113 947 3208 prinoipem,
986 3112 1057 3182 imo
1088 3135 1174 3185 vero

95 3260 133 3309 se
153 3239 328 3309 bominem
348 3259 430 3308 esse
450 3235 626 3309 censebat.
650 3236 718 3307 Sed
740 3245 870 3306 mutata
892 3243 974 3305 sunt
995 3244 1173 3327 tempora3

94 3382 193 3452 reges
220 3369 323 3429 terrae
349 3356 478 3430 bellum
511 3360 634 3431 litteris
666 3358 877 3430 indixerunt.
910 3355 1043 3426 Aurum
1069 3358 1173 3429 credo

93 3491 128 3550 et
160 3499 319 3571 gemmas
352 3480 556 3550 atramentis
592 3479 772 3571 inquinare
810 3484 987 3560 metuunt3
1019 3477 1172 3547 animum

94 3601 287 3693 ignorantia
312 3622 443 3672 caecum
470 3623 511 3672 ac
541 3600 719 3672 sordidum
746 3598 876 3671 babere
900 3620 969 3668 non
1003 3607 1171 3667 metuunt.

94 3723 161 3794 Sed
181 3723 301 3814 gravis
323 3732 360 3794 et
382 3724 576 3814 periculosa
593 3721 735 3792 materia
752 3731 821 3806 est,
849 3721 971 3790 vivum
996 3727 1172 3809 potentem

93 3843 211 3915 verbis
243 3844 432 3927 offendere,
459 3865 523 3914 nec
548 3842 592 3913 ad
625 3842 848 3914 offensionem
883 3842 985 3931 longo
1011 3857 1173 3908 sermone

93 3987 180 4058 opus
201 3976 267 4037 est.
299 3964 465 4057 Quisquis
492 3967 581 4035 male
606 3965 695 4035 vivit
720 3964 814 4035 nuda
841 3960 978 4032 laeditur
1003 3960 1172 4031 veritate:

95 4089 221 4158 mortui
255 4099 371 4159 autem
405 4086 564 4158 securius
598 4087 910 4179 reprehenduntur.
930 4083 1040 4153 Nulli
1060 4084 1173 4173 prauis

92 4221 139 4278 est
164 4231 340 4302 percussus
365 4209 522 4294 Achilles,
551 4221 589 4280 ut
614 4208 662 4278 ait
688 4209 877 4303 satyricus.
905 4208 1025 4297 ltaque
1051 4205 1171 4275 hostes

92 4330 283 4403 litterarum
304 4353 406 4424 reges
432 4331 541 4402 nostri
569 4329 736 4422 temporis
759 4351 828 4400 non
845 4328 1039 4412 nominare,
1058 4326 1172 4399 consi-

92 4453 174 4524 lium
196 4463 274 4526 est:
297 4476 364 4523 con
391 4463 437 4523 est
462 4452 553 4521 cm‘m
579 4462 681 4522 tatum
708 4454 745 4522 in
770 4473 841 4522 eom
868 4452 1008 4522 scribere
1033 4451 1092 4541 qui
1113 4470 1171 4541 po-
