2692 5024
414 643 505 692 unm
528 640 898 696 nellvd8.-El''lsT012l
921 649 960 698 rr.
1166 638 1224 700 lla

143 786 399 878 Aggrediamur
421 787 535 880 itaque
556 788 623 858 iam
643 789 795 873 tandem,
814 802 849 861 et
869 793 1065 882 cogitemus
1083 794 1222 878 acriter,

140 932 211 1002 quo
232 909 265 979 iu
288 919 458 981 statores
481 921 612 981 nostrae
633 920 733 994 sunt3
762 934 825 983 nec
851 923 982 984 nostrae
1010 916 1121 988 solum
1149 940 1221 1003 ree,

139 1032 205 1101 sed
225 1054 525 1126 quorumcumque
543 1034 750 1104 mortalium.
765 1034 855 1117 Quid
869 1035 977 1120 enim,
996 1058 1131 1128 quaeso,
1151 1041 1223 1111 vita

141 1155 303 1240 hominis,
319 1155 385 1226 nisi
399 1155 502 1229 flatus
523 1155 676 1247 exiguus
693 1165 730 1225 et
747 1157 861 1228 tenuis
880 1159 963 1229 lumi
984 1164 1120 1251 vapor‘.l
1137 1162 1223 1232 Sen-

139 1278 179 1348 tit
200 1279 234 1346 in
255 1298 294 1348 se
313 1278 462 1370 quisque
488 1299 593 1369 quam
611 1289 725 1368 putre,
744 1301 849 1370 quam
875 1278 1006 1365 debile,
1034 1304 1137 1373 quam
1164 1305 1223 1354 ca-

138 1402 266 1473 ducum
287 1422 416 1494 corpus
436 1400 616 1471 inhabitet.
639 1403 708 1474 Sed
728 1424 848 1474 errore
869 1402 935 1474 iam
958 1404 1096 1498 publico
1116 1405 1222 1476 dissi-

138 1525 327 1608 mulamuS,
343 1533 378 1594 et
391 1522 632 1594 imbecillitatis
651 1535 781 1595 nostrae
794 1525 939 1608 conscii,
958 1526 1219 1598 diuturnitatem

137 1645 322 1715 aeternitati
343 1642 537 1737 proximam
558 1645 683 1740 cupida
704 1654 819 1716 mente
837 1649 1061 1742 concipimus.
1081 1651 1136 1722 Sic
1153 1661 1219 1723 est.

137 1767 245 1839 Nemo
272 1777 329 1837 est
353 1767 412 1860 qui
440 1788 477 1837 se
503 1767 707 1839 moriturum
730 1768 870 1840 credat:
896 1771 964 1840 imo
990 1793 1090 1858 vero,
1118 1796 1220 1846 nemo

134 1900 190 1960 est
215 1889 275 1982 qui
296 1910 364 1960 non
387 1912 426 1961 se
447 1893 627 1961 mortalem
653 1892 760 1975 sciat;
790 1892 853 1963 sed
878 1892 970 1964 diem
997 1895 1133 1981 mortis,
1159 1899 1219 1990 qui

136 2015 252 2084 lorsan
272 2011 463 2084 hodiernus
480 2024 551 2100 est,
574 2014 608 2084 in
628 2016 770 2105 longum
789 2036 852 2106 pro
872 2036 911 2085 se
927 2013 1078 2108 quisque
1096 2019 1217 2090 reiicit.

136 2137 186 2208 lta
205 2135 306 2206 cuius
325 2134 479 2207 maxime
499 2137 721 2229 praesentiam
744 2136 919 2222 timemus
947 2138 1024 2210 eius
1049 2138 1218 2213 absentiae

136 2259 288 2329 maxime
318 2257 472 2342 fidimus,
499 2281 577 2330 cum
604 2258 687 2328 nihil
715 2267 791 2355 tam
810 2258 974 2351 ambigue
999 2261 1104 2348 absit,
1132 2264 1215 2336 nihil

135 2390 206 2451 tam
237 2379 352 2451 subito
376 2401 535 2474 praesens
563 2379 632 2452 fiat.
660 2380 759 2452 Fallit
784 2381 933 2454 miseros
958 2382 1215 2459 Aristotelicum

135 2502 235 2574 illud:
266 2504 314 2575 ait
340 2503 449 2575 enim:
480 2502 561 2591 Ouo
587 2507 784 2594 turparunt
817 2504 928 2589 valde,
954 2529 1022 2577 non
1048 2510 1214 2580 timentur.

139 2622 259 2696 Sciunt
275 2630 490 2697 enimomnes
507 2625 592 2716 quod
611 2629 811 2709 morientum
831 2626 901 2713 sed,
920 2632 997 2722 quio
1015 2653 1083 2701 noo
1095 2655 1213 2726 prope,

133 2750 219 2819 rritil
240 2761 368 2818 curant.
391 2750 474 2821 Haec
493 2749 549 2821 ille
569 2750 624 2820 vir
647 2760 762 2823 tantus
783 2752 818 2822 in
840 2752 1033 2826 rhetoricis.
1056 2755 1132 2847 Ego
1152 2778 1216 2828 au·

135 2881 202 2942 tem
229 2879 265 2942 et
292 2871 377 2941 nihil
402 2894 526 2943 curare
552 2884 697 2945 mortem
725 2873 883 2947 homines
908 2877 1030 2960 fateor,
1059 2886 1094 2947 et
1119 2898 1212 2960 esse,

133 3016 236 3086 quam
258 2992 351 3064 idem
372 2991 468 3076 dicit,
497 2994 639 3087 incuriae
664 3017 805 3067 causam
828 3018 897 3067 non
918 3018 1018 3087 nego.
1045 2998 1114 3069 Sed
1133 3019 1213 3070 eam

131 3114 243 3208 ipsam
255 3117 377 3186 falsam
387 3137 468 3186 esse
482 3115 645 3188 concedo.
657 3118 743 3188 Nam
755 3116 838 3210 quid
850 3118 981 3200 salsius,
992 3141 1098 3211 quam
1110 3122 1213 3213 longe

132 3237 234 3308 valde
254 3248 397 3309 mortem
419 3238 575 3324 credere,
595 3263 675 3332 quae
695 3263 739 3311 ne
761 3262 914 3333 unquam
933 3243 1035 3332 louge
1053 3242 1109 3327 sit,
1122 3243 1212 3313 'vitae

131 3359 287 3433 brevitas
301 3361 394 3432 lacit:
410 3371 447 3432 ut
465 3384 603 3455 semper
620 3363 832 3459 impendeat,
849 3385 1025 3457 supraque
1046 3375 1151 3458 caput
1168 3367 1214 3437 sit

131 3483 212 3553 lacit
231 3483 462 3555 humanorum
483 3507 629 3557 casuum
650 3486 737 3556 mira
758 3485 827 3570 vis,
851 3485 1079 3557 ineluctabilis
1102 3509 1211 3559 even-

133 3615 201 3688 tus,
228 3602 359 3676 infinita
383 3607 560 3677 varietas‘.l
580 3606 672 3676 Nihil
696 3628 782 3697 ergo
802 3606 963 3676 liomines
985 3617 1130 3678 mortem
1151 3631 1211 3679 cu-

131 3736 228 3798 rant:
255 3748 324 3797 non
351 3728 432 3819 quia
457 3738 526 3812 est,
555 3729 619 3800 sed
644 3727 726 3820 quia
752 3728 917 3810 creditur,
945 3728 1145 3821 longinqua.
1175 3730 1210 3799 Si

128 3848 221 3919 enim
242 3847 370 3919 scirent
390 3871 494 3940 quam
515 3871 624 3943 prope
645 3859 701 3922 est
723 3849 829 3944 (quod
847 3849 1045 3921 necessario
1066 3848 1207 3934 scirent,

131 3970 196 4041 nisi
217 3973 306 4041 ultro
326 3972 445 4042 oculos
466 3972 692 4066 averterent),
720 3982 804 4066 puto
831 3973 887 4043 vel
913 3971 1034 4041 timere
1061 3977 1206 4041 morlem

131 4091 406 4184 inciperent,ch
422 4094 471 4164 ita
491 4116 530 4165 se
550 4093 741 4166 virtutibus
758 4105 946 4178 armarent,
970 4101 1008 4163 ut
1026 4114 1119 4177 eam,
1142 4115 1208 4164 ceu

130 4213 281 4287 melioris
308 4216 391 4286 vitae
417 4216 637 4309 principium,
665 4217 789 4288 merito
819 4238 888 4288 non
914 4214 1082 4286 timerent.
1108 4215 1208 4286 Nunc

129 4358 214 4407 vero
247 4358 351 4428 quem
379 4337 536 4411 invenies
565 4338 625 4430 qui
657 4359 741 4422 non,
767 4339 898 4409 virtute
924 4336 1070 4421 abiecta,
1093 4339 1207 4429 longae

130 4459 211 4530 vitan
234 4483 329 4553 spem
350 4460 514 4554 arripiat?
539 4462 626 4544 Quae
651 4469 690 4534 ut
715 4484 781 4535 non
808 4463 913 4545 sallat,
931 4473 976 4534 et
1000 4471 1039 4532 nt
1063 4462 1110 4534 sit
1136 4460 1206 4532 vita
