2692 5024
128 752 186 817 282
462 766 504 813 nn
526 765 628 815 annus
649 764 871 815 ruminamus

126 922 165 984 et
188 912 258 984 iam
279 931 347 983 usu
370 907 509 1003 publico
529 909 701 1002 permissa
725 907 873 981 lieentia.
906 909 966 983 Sic
989 910 1030 983 in
1058 910 1221 985 denaria

128 1032 448 1129 petulantissimum
468 1053 589 1106 senem
605 1053 711 1105 suum
721 1029 816 1105 idem
835 1032 981 1107 Plautus
994 1046 1157 1110 excusat
1167 1035 1219 1111 his

128 1154 264 1229 verbis:

167 1376 221 1440 Hic
237 1391 330 1441 senex
345 1377 373 1440 si
389 1377 556 1456 quiddam
573 1392 672 1441 unere
688 1392 745 1440 suo
762 1376 865 1439 animo
883 1376 955 1443 tecit
965 1376 1081 1459 volup,

167 1473 272 1555 Neque
284 1489 402 1537 novum
415 1489 515 1555 neque
528 1473 645 1535 mirum
658 1472 745 1550 iecit,
758 1486 814 1535 nec
828 1488 917 1538 secus
931 1489 1030 1555 quem
1044 1476 1098 1541 alii
1111 1478 1214 1543 solent

168 1569 227 1633 dec
243 1569 375 1648 quisque
392 1576 437 1633 est
452 1577 515 1633 tam
532 1570 654 1650 ingenio
671 1569 765 1647 duro,
782 1585 838 1633 nec
853 1577 919 1635 tam
935 1572 1032 1636 firmo
1049 1582 1191 1655 pectere,

168 1668 262 1745 Quin,
278 1669 333 1733 ubi
348 1669 515 1749 quidquam
532 1670 700 1734 occasionis
715 1671 770 1747 sit,
787 1670 846 1734 sibi
863 1671 951 1736 iaciat
966 1672 1059 1738 bene.

129 1864 211 1934 Haec
229 1863 285 1934 ille
305 1862 409 1935 dixit:
436 1865 514 1936 haec
534 1886 656 1935 omnes
677 1864 841 1951 dicimus,
862 1867 939 1939 sive
953 1866 1211 1957 adolescentes,

128 1983 256 2079 quibus
269 1985 439 2060 luxuriari
451 1987 562 2080 gloria
574 1996 641 2072 est;
656 1987 733 2060 sive
750 1987 831 2074 viri,
845 1988 976 2083 quibus
992 1996 1212 2069 consuetudo

127 2118 194 2194 est;
216 2110 293 2182 sive
306 2130 423 2195 senes,
437 2109 567 2203 quibus
584 2110 652 2181 iam
673 2111 807 2182 veniale
818 2123 997 2204 peccatum
1010 2123 1081 2187 est.
1104 2115 1210 2200 Quem

130 2242 167 2304 tu
187 2232 343 2305 invenies
365 2254 499 2313 senem,
520 2233 593 2326 qui,
618 2233 648 2305 si
667 2254 738 2326 qna
755 2235 903 2305 facultas
924 2234 1091 2323 adfuerit,
1128 2248 1211 2312 teste

129 2352 305 2440 submota
324 2377 393 2427 non
407 2356 522 2428 statim
546 2353 673 2426 oblitus
691 2354 830 2439 virium,
852 2354 1052 2428 iuveniliter
1079 2372 1163 2432 ruat
1181 2362 1210 2431 in

33 2516 40 2533 r
128 2498 294 2548 venerem
315 2477 391 2569 ipse
414 2476 480 2549 sibi
510 2476 704 2560 blandiens,
732 2476 833 2570 quasi
861 2476 1033 2571 quidquid
1064 2480 1210 2555 delectat

129 2610 188 2671 aut
209 2601 348 2684 mulcet,
370 2609 406 2669 et
425 2601 536 2694 prosit
556 2608 592 2670 et
610 2596 744 2684 deceat,
765 2607 801 2669 et
814 2600 915 2692 quasi
929 2605 1125 2676 senectutis
1139 2605 1209 2677 uni·

128 2742 206 2789 cum
230 2721 384 2790 solamen
405 2722 450 2791 sit
471 2721 624 2803 luxuria,
643 2742 724 2813 quae
738 2721 852 2814 potius
875 2725 1066 2796 senectutis
1086 2748 1209 2821 oppre

129 2840 241 2913 brium
266 2863 307 2915 ae
333 2843 433 2915 ruina
456 2846 534 2915 cst?
561 2843 612 2914 Tu
635 2864 718 2915 vero
739 2865 860 2915 senem
885 2855 1046 2917 nestrum
1069 2868 1149 2934 ora,
1175 2858 1208 2920 ut

127 2963 269 3038 inducat
288 2965 324 3038 in
343 2965 497 3055 animum
510 2964 687 3037 attendere
707 2966 900 3059 quidagat‚
920 2989 992 3061 quo
1006 2970 1208 3063 progtedia·

129 3098 197 3174 tur,
220 3110 396 3182 quamque
416 3089 568 3161 adverso
582 3099 753 3182 tempore3
766 3111 872 3182 quam
889 3089 1068 3178 indecora,
1089 3115 1208 3187 quam

127 3235 196 3303 que
234 3212 400 3303 ambigua
425 3222 461 3283 et
487 3211 735 3304 intempestiva
768 3233 882 3284 venus
909 3233 974 3287 sua
1004 3215 1062 3286 sit.
1096 3217 1209 3290 Pudor

126 3336 244 3404 forsan
269 3357 310 3407 ac
333 3344 448 3408 metus
469 3336 629 3419 efficient,
658 3336 753 3428 quod
778 3337 866 3408 ratio
897 3337 966 3409 iam
997 3336 1138 3433 pridem
1173 3363 1209 3413 ac

127 3455 269 3527 satietas
290 3457 505 3531 debuissent.
528 3457 588 3528 Sin
608 3459 733 3549 pergit,
756 3459 942 3533 unumhec
955 3460 1002 3530 illi
1023 3462 1115 3535 meis
1132 3487 1209 3537 ver·

126 3579 181 3651 bis
201 3579 319 3653 dicito:
342 3580 439 3651 brevi
458 3580 515 3652 vel
535 3580 666 3650 invitus
687 3577 834 3651 desinet.
853 3581 1032 3673 Siquidem
1046 3584 1209 3657 iuvenilis

127 3703 265 3775 luxuria
287 3703 456 3775 senectuti
469 3701 642 3797 prexime;
665 3703 784 3777 senilis
797 3712 914 3778 autem
928 3706 1118 3799 septdchro
1132 3723 1211 3783 conss

127 3824 222 3914 tigue
242 3835 307 3898 est.
330 3827 424 3897 Vale.
