2692 5024
174 672 230 731 lla
511 666 551 729 n'n
572 678 673 729 nenos
692 678 913 731 eremannos

172 836 317 921 oportet.
339 825 410 898 Sed
430 824 520 895 siout
540 825 575 894 in
594 823 730 897 caeteris
750 823 877 906 rebus,
901 822 952 895 sic
975 822 1012 895 in
1035 822 1137 897 libris
1162 828 1256 899 acci-

173 951 235 1036 dit,
257 948 435 1044 quaerendi
456 968 643 1019 successus
662 946 819 1019 avaritiae
837 947 953 1017 calcar
970 956 1037 1032 est,
1056 948 1255 1042 quinimmo

142 1081 147 1089 '
174 1075 349 1165 singulam
382 1070 556 1163 quoddam
582 1070 617 1140 in
644 1067 742 1141 libris
767 1076 832 1140 est.
856 1066 1006 1153 Aurum,
1036 1081 1252 1162 argentum,

173 1214 337 1287 gemmae,
372 1214 546 1288 purpurea
578 1191 700 1277 vestis,
735 1212 929 1263 marmorea
959 1190 1105 1275 domus,
1135 1194 1255 1266 cultus

174 1338 269 1409 ager,
289 1316 392 1412 pictae
416 1315 559 1398 tabule,
587 1316 787 1411 phaleratus
813 1315 965 1407 sonipes,
991 1326 1191 1411 caeteraque
1218 1318 1256 1392 id

174 1464 295 1535 genus,
318 1451 448 1512 mutam
474 1439 603 1510 habent
621 1449 657 1511 et
676 1437 947 1535 superficiariam
965 1439 1256 1533 voluptatem31i-

174 1566 228 1637 bri
260 1563 456 1636 medullitus
480 1561 667 1649 delectant,
697 1565 953 1656 colloquuntur,
983 1564 1193 1648 consulunt,
1221 1571 1256 1635 et

174 1689 258 1758 viva
276 1685 428 1779 quadam
448 1685 548 1758 nobis
571 1696 675 1778 atque
700 1692 825 1775 arguta
848 1682 1079 1755 familiaritate
1103 1684 1256 1778 iungun-

51 1827 57 1837 ·
175 1818 241 1877 tur.
262 1807 383 1901 Neque
404 1811 515 1879 solum
535 1828 613 1879 sese
630 1805 817 1878 lectoribus
834 1806 983 1898 quisque
998 1805 1071 1877 suis
1089 1806 1253 1891 insinuat,

176 1928 240 2001 sed
258 1938 295 2000 et
313 1929 457 2001 aliorum
478 1951 604 2001 nomen
623 1927 760 2021 ingerit,
783 1938 819 2000 et
839 1931 927 1999 alter
951 1928 1094 2000 alterius
1115 1929 1256 2002 deside

176 2051 265 2122 rium
297 2051 387 2122 lacit.
426 2049 477 2121 Ac
508 2072 552 2121 ne
583 2072 640 2121 res
672 2058 775 2143 egeat
794 2053 963 2146 exemplo,
988 2052 1145 2122 lilarcum
1171 2052 1255 2124 mihi

176 2178 367 2247 Varronem
405 2199 524 2246 carum
562 2186 599 2246 et
631 2174 814 2247 amabilem
840 2174 1014 2245 Ciceronis
1039 2172 1256 2246 Academicus

177 2298 269 2369 iecit:
290 2297 391 2369 Ennii
416 2320 542 2369 nomen
569 2298 603 2367 in
626 2298 813 2389 officioram
832 2295 930 2365 libris
951 2294 1085 2367 audivi:
1104 2297 1256 2391 primum

89 2427 102 2437 '
178 2419 324 2490 Terentii
344 2441 496 2490 amorem
510 2440 556 2489 ex
583 2416 842 2487 Truculanorum
867 2415 1089 2503 occationem
1109 2419 1256 2490 lectione

177 2543 338 2634 concepi,
369 2541 509 2612 Catonis
541 2540 701 2630 Oripiaes,
728 2550 763 2612 et
787 2539 1026 2632 Xenophontis
1052 2537 1257 2610 OEoortomi·

179 2684 252 2732 cam
272 2685 319 2732 ex
340 2660 426 2732 libro
440 2662 488 2729 De
506 2659 679 2731 Senectute
695 2663 856 2754 cognovi3
874 2662 1109 2754 eumdemque
1125 2685 1146 2733 a
1160 2664 1258 2736 Cice-

179 2805 263 2855 rone
284 2786 488 2855 translatum
506 2785 541 2854 in
559 2785 683 2857 iisdem
700 2784 910 2857 Ollroialibus
928 2785 1024 2856 libris
1042 2785 1182 2858 edidici.
1201 2788 1258 2859 Sic

178 2918 213 2980 et
244 2907 396 2979 Platonis
436 2908 575 2978 Tima’as
606 2909 741 2982 Solonis
766 2907 850 2978 mihi
876 2908 1134 2980 commendavit
1159 2910 1260 3003 inge-

179 3033 295 3114 nium;
321 3032 531 3104 Platonicum
558 3030 754 3103 Pltoedonem
779 3052 873 3103 mors
900 3032 1057 3116 Catonis;
1084 3045 1119 3104 et
1143 3034 1260 3106 Ptole-

179 3155 256 3226 maei
290 3156 385 3248 regis
417 3156 634 3229 interdictum
668 3156 893 3252 Cyrenaicum
926 3157 1125 3247 Hegesiam3
1152 3168 1190 3229 et
1213 3158 1259 3231 de

181 3276 352 3348 Ciceronis
372 3277 547 3370 Epistolis,
573 3281 713 3350 Senecae
734 3279 841 3371 prius,
864 3299 969 3371 quam
989 3279 1098 3349 oculis
1123 3280 1257 3354 credidi

179 3399 277 3469 meis.
305 3401 350 3471 Et
370 3402 511 3472 Senecae
537 3400 663 3471 Contra
681 3403 926 3495 superstitiones
948 3401 1072 3474 librum
1100 3414 1139 3475 ut
1158 3427 1260 3500 quae-

180 3543 258 3593 rere
271 3520 456 3618 inciperem
475 3524 693 3615 Augustinus
708 3525 903 3611 admonuit,
919 3536 954 3597 et
967 3524 1138 3619 Apollonii
1150 3534 1260 3622 Arpo-

179 3647 314 3716 oaatica
326 3647 470 3717 Servius
483 3647 648 3733 ostendit,
663 3657 698 3719 et
712 3648 910 3741 llcipudlicoe
927 3648 1034 3720 libros
1051 3673 1131 3721 cum
1148 3652 1258 3736 multi,

181 3780 252 3842 turn
275 3771 446 3865 praecipue
467 3773 666 3844 Lactantius
687 3773 856 3866 optabiles
882 3773 1045 3861 reddidit,
1072 3785 1108 3846 et
1134 3776 1261 3849 Roma-

180 3919 258 3966 nam
282 3893 382 3966 Plinii
403 3897 620 3988 Tranquillus
641 3898 831 3981 historiam,
854 3907 889 3970 et
906 3896 1019 3969 Aulus
1039 3900 1171 3971 Gellius
1188 3902 1261 3973 olo-

181 4021 357 4113 quentiam
381 4020 552 4091 Favorini.
575 4023 730 4116 Itemque
755 4018 877 4093 Annaei
898 4022 988 4093 Flori
1016 4021 1260 4095 florentissima

180 4143 335 4216 brevitas
356 4143 401 4215 ad
421 4143 647 4237 inquirendas
673 4145 737 4214 Titi
763 4145 852 4216 livii
878 4144 1043 4237 reliquias
1069 4146 1260 4218 animavit:

182 4278 220 4336 ut
238 4268 420 4339 notissima
439 4276 475 4338 et
495 4267 739 4359 vulgatissima
761 4268 817 4338 illa
834 4278 1053 4360 praeteream,
1073 4288 1154 4360 quae
1171 4279 1263 4343 teste

182 4410 248 4459 non
269 4403 385 4484 egent,
404 4403 439 4462 et
460 4402 582 4477 tamen,
605 4414 683 4464 cum
704 4391 891 4464 accesserit
908 4391 1007 4462 testis
1021 4390 1198 4477 illustrior,
1212 4396 1264 4465 al-

184 4513 251 4585 tius
268 4513 303 4582 in
323 4515 476 4586 animum
496 4515 727 4589 descendunt:
747 4516 862 4606 qualis
878 4524 934 4586 est
950 4515 984 4584 in
1001 4514 1264 4587 Declamationi-
