2692 5024
414 649 506 697 uuma
528 648 896 700 cernuos-erramus
917 653 969 700 vu.
1156 641 1215 702 tae

138 811 235 880 pone.
253 791 328 861 Erit
344 791 470 884 aliquis
489 789 724 880 indignantior
741 800 879 875 natura,
898 792 958 883 qui
976 804 1120 865 moestos
1141 797 1216 888 api-

136 932 197 982 ces
216 932 364 1006 perosus
383 912 522 983 abiiciat
545 923 606 984 aut
630 915 807 985 conculcet
832 936 912 984 cum
938 914 1096 987 irrisione
1122 939 1216 989 mor-

136 1031 224 1104 daci.
250 1031 325 1116 Abi,
353 1034 497 1125 inquiet,
525 1034 558 1102 iu
594 1035 721 1103 malum
753 1034 870 1117 sidus3
897 1057 941 1106 an
968 1036 998 1106 si
1026 1046 1061 1107 tu
1091 1040 1215 1110 mulie-

135 1154 243 1226 briter
275 1155 390 1226 victus
415 1176 467 1238 es,
496 1176 561 1225 nos
594 1157 716 1226 saitem
748 1157 845 1228 viros
876 1178 957 1229 esse
990 1179 1059 1230 uon
1093 1159 1215 1232 sines‘?

137 1275 271 1346 Cuncta
308 1273 508 1368 praesenti0,
543 1275 659 1366 nilque
695 1297 750 1346 me
783 1277 922 1362 horum,
958 1281 1077 1364 frater,
1117 1283 1212 1352 fallit.
1248 1317 1263 1337 ι

135 1398 213 1470 Scio
245 1397 312 1466 viri
341 1418 435 1480 esse,
462 1396 610 1489 primum
632 1396 782 1490 ‘quidem
817 1399 971 1471 dolorem
999 1404 1212 1494 propellere,

134 1519 333 1610 proximum
351 1519 570 1608 extinguere,
590 1521 727 1591 tertium
748 1521 937 1607 moderari,
957 1524 1115 1595 ultimum
1133 1524 1215 1595 abs·

133 1640 292 1713 condere.
318 1641 387 1712 Sed
407 1639 490 1732 quid
511 1642 639 1731 agam?
658 1643 802 1727 Moriar,
825 1643 891 1714 nisi
912 1645 1069 1717 dolorem
1095 1646 1129 1716 in
1152 1648 1214 1719 sse-

135 1776 206 1836 tum
228 1787 268 1836 ac
290 1763 399 1835 verba
419 1763 614 1856 profudero.
638 1765 725 1837 lliud
746 1787 800 1836 me
827 1768 973 1851 solatur,
995 1768 1091 1859 quod
1112 1769 1216 1860 quid-

132 1888 217 1978 quid
235 1887 415 1978 scripsero,
432 1886 535 1956 molle
549 1886 711 1978 quamvis
729 1909 770 1958 ao
783 1888 960 1971 frivolum,
975 1912 1055 1959 cum
1073 1891 1118 1961 ad
1135 1900 1213 1963 tuas

132 2008 282 2092 venerit,
297 2031 367 2080 non
381 2008 424 2079 ad
442 2008 573 2079 alienas
586 2008 806 2101 pervenisse,
823 2010 887 2081 sed
903 2011 949 2081 ad
966 2011 1122 2104 proprias
1140 2035 1213 2084 ma-

133 2154 200 2203 nus
226 2153 322 2203 meas
349 2130 495 2203 rediisse
527 2130 711 2201 videbitur.
745 2131 977 2215 Quamobrem
1003 2154 1072 2204 oon
1098 2135 1212 2224 magis

132 2255 337 2327 erubescam
363 2255 448 2326 dum
475 2253 551 2323 baec
572 2275 591 2323 a
614 2265 646 2325 te
668 2255 842 2344 legentur,
864 2275 987 2346 quam,
1008 2256 1092 2327 dum
1113 2277 1134 2326 a
1155 2279 1213 2328 me

134 2377 379 2459 scriberentur,
402 2375 538 2446 erubui.
556 2375 627 2445 Nec
647 2397 702 2445 me
723 2385 837 2446 tamen
856 2376 1042 2448 erubuisse
1060 2399 1215 2470 negave-

132 2501 215 2582 rim;
242 2499 337 2570 sensi
362 2497 455 2570 enim
481 2497 635 2569 animum
661 2519 702 2567 ac
728 2497 860 2581 stilum,
887 2519 1043 2570 excusso
1068 2499 1212 2571 rationis

130 2624 242 2707 freno,
269 2632 370 2693 extra
394 2620 605 2692 destinatum
632 2618 700 2690 iter
724 2619 906 2692 affectibus
931 2620 1074 2691 iunctim
1101 2621 1212 2704 trahi3

130 2766 201 2836 quo
219 2744 302 2813 nihil
319 2743 500 2814 molestius
519 2742 589 2834 pati
607 2764 763 2837 possum.
778 2742 817 2814 ld
829 2741 954 2834 pudori
972 2764 1049 2814 meo
1066 2745 1211 2832 gravius

130 2865 287 2948 insultat,
307 2863 486 2955 quodiam
505 2883 618 2934 annus
635 2864 782 2954 integer,
802 2862 941 2956 iamque
958 2862 1102 2933 alterius
1120 2863 1210 2934 bona

133 3009 215 3081 pars
234 2984 333 3070 abiit,
347 3007 395 3056 ex
407 3004 477 3076 quo
492 2982 577 3054 nihil
594 2983 670 3057 viro
686 2985 847 3076 dignum,
863 3005 932 3054 non
949 2984 1063 3055 dicam
1081 2987 1210 3071 facere,

135 3110 198 3182 sed
218 3131 262 3180 oe
281 3107 376 3201 loqui
397 3106 535 3198 quidem
557 3108 714 3199 contigit,
738 3117 876 3179 tonante
902 3106 1054 3198 undique
1080 3128 1120 3178 ac
1145 3107 1211 3178 ful-

131 3233 284 3305 minante
305 3230 466 3303 ferociter
485 3230 633 3302 fortuna.
661 3231 738 3314 Qua
764 3230 798 3299 in
824 3252 862 3300 re
887 3229 1040 3321 benigno
1066 3229 1134 3302 sub
1158 3229 1212 3300 iu-

131 3355 207 3428 dice
228 3357 345 3425 forsan
365 3373 532 3437 excnser,
556 3352 585 3422 si
603 3353 647 3424 ad
665 3374 816 3426 examen
842 3351 992 3435 venerit,
1020 3352 1105 3425 iilud
1123 3373 1212 3445 quo-

130 3498 199 3567 que
221 3498 288 3547 non
314 3477 392 3545 leve
417 3473 563 3567 aliquid,
592 3473 656 3544 sed
681 3473 900 3544 millesimum
927 3474 1212 3544 trecentesimum

130 3596 440 3690 quadragesimum
472 3604 634 3667 octavum
668 3605 781 3668 sextae
806 3594 920 3666 aetatis
952 3614 1080 3663 annum
1115 3613 1209 3677 esse,

132 3741 234 3812 quem
256 3721 372 3810 lugeo,
394 3719 455 3812 qui
479 3739 548 3788 non
575 3720 685 3789 solum
712 3738 777 3788 nos
803 3714 924 3786 amicis
952 3713 1015 3786 sed
1039 3713 1210 3785 mundum

130 3863 269 3913 omnem
290 3839 453 3930 gentibus
478 3839 648 3933 spoliavit.
675 3839 738 3910 Cui
760 3839 788 3910 si
810 3837 896 3931 quid
912 3836 1034 3920 defuit,
1058 3857 1210 3927 sequens

129 3984 211 4034 ecce
244 3982 358 4031 annus
385 3961 477 4032 iliius
509 3959 674 4052 reliquias
707 3958 865 4042 demetit,
893 3965 929 4029 et
959 3954 1130 4048 quidquid
1161 3957 1209 4027 iili

128 4087 288 4178 proceliae
303 4087 531 4177 superfuerat,
541 4084 716 4154 mortifera
724 4084 810 4153 falce
823 4077 1210 4174 prosequitur.Quando

128 4207 195 4277 hoc
216 4207 401 4298 posteritas
427 4207 546 4279 credet
566 4204 674 4278 fuisse
696 4214 848 4296 tempus,
872 4201 948 4273 sine
972 4202 1050 4272 coefi
1068 4211 1128 4272 aut
1148 4202 1210 4271 tel·

128 4329 213 4400 furis
240 4328 411 4412 incendio,
447 4328 521 4397 sine
547 4325 644 4396 bellis
670 4333 730 4395 aut
755 4323 823 4394 alia
847 4322 944 4394 clade
968 4302 1113 4428 visibili,
1139 4344 1210 4414 quo

127 4473 196 4522 non
214 4452 289 4524 haeo
307 4473 388 4543 pars
409 4458 469 4520 aut
489 4447 546 4521 iffa
564 4458 749 4530 terrarum,
770 4445 833 4518 sed
852 4445 1040 4518 universus
1061 4449 1134 4519 fere
1153 4469 1209 4519 or-
