2692 5024
171 710 213 773 54
503 716 909 771 numerusnumerous

170 869 277 955 euim
294 870 340 943 da
353 867 483 965 quibus
493 865 725 955 Quintilianus
743 866 834 941 iuter
845 865 1072 939 locutusne
1082 868 1242 941 culmus

169 990 390 1087 loquehum
409 1011 500 1086 quos
519 991 672 1087 reperias
688 991 726 1063 iu
743 989 953 1085 deputam
971 990 1059 1064 mire
1080 990 1238 1077 callidos3

170 1136 249 1187 cum
260 1113 307 1187 ub
316 1114 376 1187 illa
390 1115 609 1189 mvidatione
626 1113 861 1201 decesserint,
874 1136 945 1189 nou
955 1115 1068 1209 magis
1081 1114 1242 1191 sufficere

169 1238 207 1309 iu
224 1238 340 1332 aliquo
359 1238 520 1332 graviore
538 1247 618 1313 actu
637 1258 743 1333 quum
760 1258 871 1332 parva
885 1238 1048 1333 quoedam
1064 1238 1238 1325 mimula,

168 1383 259 1455 quae,
273 1361 309 1433 in
324 1362 496 1455 angustiis
516 1360 669 1446 mobilia,
688 1381 810 1454 campo
828 1360 1148 1455 deprehenduntur:
1166 1382 1241 1435 rue-

170 1483 236 1557 rito
253 1484 370 1577 itaque
388 1504 548 1575 campum
565 1483 696 1554 timent.
715 1484 846 1555 Verum
862 1488 920 1553 est
937 1481 1029 1553 enim
1047 1481 1134 1555 illud
1146 1481 1241 1555 eius-

95 1644 99 1653 ·
170 1604 265 1690 dem,
285 1605 492 1677 diverticula
504 1612 541 1676 et
556 1605 730 1677 anfractus
747 1602 912 1697 sudiugia
922 1623 1004 1675 esse
1015 1600 1239 1688 infirmitatis3

170 1737 209 1799 ut
227 1729 288 1822 qui
309 1750 417 1801 eursu
440 1749 564 1823 parum
587 1728 720 1811 valent,
745 1726 840 1799 llexu
864 1724 1015 1799 eludant.
1041 1723 1116 1795 Tibi
1140 1744 1238 1809 varo,

170 1851 294 1937 amice,
311 1873 421 1923 unum
436 1851 504 1924 hoc
518 1848 656 1922 dixisse
674 1848 790 1921 velim.
810 1847 847 1919 Si
863 1847 1038 1933 virtutem,
1056 1846 1088 1919 si
1113 1846 1241 1921 verite

170 1984 241 2046 tem
257 1974 426 2069 sequeris,
447 1972 485 2046 id
503 1992 614 2065 genus
629 1970 810 2045 hominum
824 1968 907 2042 rita.
928 1969 998 2043 Sed
1015 1990 1167 2065 quom
1187 1971 1241 2043 lu-

170 2096 307 2189 giemus
328 2118 349 2169 a
370 2095 457 2169 facie
479 2095 693 2181 insanorum,
719 2094 750 2169 si
773 2114 819 2167 ne
841 2091 966 2165 iusulae
989 2090 1133 2185 quidem
1157 2101 1240 2165 tutae

170 2220 276 2290 sunt‘l
298 2218 393 2311 Ergo
416 2240 481 2291 nec
503 2218 616 2315 Scylla
638 2239 703 2291 nec
726 2215 919 2313 Charybdis
943 2212 1130 2302 obstiterit,
1155 2238 1241 2311 quo-

169 2340 286 2413 minus
304 2339 384 2414 haec
402 2341 510 2435 pestis
527 2341 563 2411 iu
579 2339 787 2411 Trinacriam
808 2338 1060 2410 transnaturus?
1072 2338 1145 2411 lmo
1158 2360 1242 2412 vero

169 2462 238 2535 ium
265 2465 457 2536 insularum
481 2464 654 2557 peculiare
681 2461 807 2532 malum
836 2469 904 2546 est,
931 2458 962 2531 si
985 2459 1241 2533 dialecticorum

169 2586 297 2677 agmini
331 2585 526 2657 Britannias
561 2584 697 2656 AEtnaea
726 2604 819 2655 nunc
848 2604 1019 2656 uovorum
1055 2582 1241 2681 Cyclopum

170 2707 261 2778 acies
278 2705 472 2779 accesserit.
485 2706 635 2778 Hoocine
646 2706 807 2800 estquod
819 2706 855 2778 in
867 2705 1131 2800 cosmographia
1142 2709 1242 2781 Pom-

169 2826 261 2920 ponii
272 2829 436 2920 legeram,
451 2826 576 2900 Siciliae
587 2828 740 2900 maxime
751 2828 897 2905 similem
909 2848 991 2902 esse
1007 2827 1242 2901 Britanniam?

169 2948 245 3040 ligo
266 2947 407 3042 quidem
431 2948 596 3044 putabam
621 2948 877 3022 similitudinem
901 2950 990 3022 haue
1012 2948 1049 3019 in
1073 2958 1241 3023 terrarum

171 3071 252 3156 situ,
270 3093 311 3145 ae
329 3093 437 3167 prope
456 3071 657 3166 inaugulari
676 3071 859 3166 utriusque
881 3071 1007 3166 specie,
1035 3081 1071 3142 et
1094 3074 1243 3145 fortasse

170 3195 272 3265 eliam
293 3195 329 3265 in
348 3196 548 3268 circumfusi
567 3196 674 3269 maris
695 3206 861 3291 perpetue
879 3194 1053 3268 collisione
1074 3196 1242 3267 consiste-

171 3338 218 3389 re.
244 3317 336 3387 Nihil
362 3318 406 3390 de
434 3320 620 3392 dialecticis
640 3320 847 3413 cogitabam.
866 3317 1054 3391 Audieram
1075 3319 1240 3416 Cyclopas

171 3437 333 3531 primum,
366 3449 488 3532 postea
518 3451 698 3537 tyrannos,
730 3451 897 3534 utrosque
927 3443 1056 3514 lerooes
1088 3441 1239 3515 incolas:

171 3561 307 3634 tertium
334 3564 479 3634 monstri
502 3586 612 3656 genus
639 3566 825 3638 advenisse
844 3588 914 3637 nou
938 3587 1103 3638 noveram
1130 3587 1243 3640 arma-
1289 3567 1292 3571 “

172 3696 244 3757 tum
260 3685 514 3783 enthymemate
530 3687 701 3774 bisacuto,
715 3699 750 3762 el
761 3689 837 3782 ipso
849 3687 1117 3760 Taurominitani
1133 3689 1241 3762 litoris
1334 3773 1336 3776 ,

170 3811 306 3883 fervore
321 3811 510 3904 procacius.
537 3811 650 3882 Unum
676 3832 760 3883 saue
782 3821 819 3883 et
841 3832 906 3903 ego
929 3810 1063 3904 pridem
1088 3810 1243 3887 animari

171 3945 355 4021 verteram,
376 3944 412 4006 et
430 3943 467 4007 tu
486 3957 578 4006 nunc
596 3934 777 4020 admones,
797 3956 857 4006 eos
882 3944 1011 4006 sectum
1035 3955 1135 4005 suum
1165 3930 1243 4004 Ari-

172 4059 314 4131 stolelici
332 4057 479 4132 nominis
500 4058 682 4151 splendore
699 4069 888 4152 protegere.
908 4057 1034 4129 Dicunt
1048 4056 1140 4129 enim
1165 4054 1244 4127 dri-

173 4181 329 4250 stotelem
348 4182 397 4255 ita
417 4181 555 4254 solitum
575 4180 763 4274 disputare.
775 4182 850 4268 Est,
869 4184 992 4267 faleor,
1016 4176 1241 4274 qualisqualis

172 4302 351 4374 excusatio
365 4307 536 4377 clarorum
555 4303 685 4375 ducum
704 4305 887 4378 inhaesisse
904 4304 1078 4397 vestigiis:
1104 4324 1185 4376 nam
1207 4311 1243 4373 el
1321 4352 1326 4363 .

173 4417 311 4490 Marcus
331 4424 461 4498 Tullius
477 4448 547 4497 non
558 4426 705 4497 invitum
718 4448 758 4500 se
768 4450 846 4499 eum
858 4429 1012 4512 Platone,
1027 4426 1058 4497 si
1070 4434 1240 4520 oporteat,

174 4548 368 4615 erratorum
385 4546 477 4619 dicit.
498 4548 568 4619 Sed
586 4550 760 4621 falluntur.
779 4548 981 4621 Aristoteles
996 4549 1089 4621 euim
1110 4552 1165 4622 vir
1186 4572 1243 4623 ar-
