2692 5024
127 582 186 642 ¹til)
463 587 504 635 bu
526 586 628 636 nebus
649 587 869 639 rtulbltltllttls

128 735 365 811 miserendum
385 733 544 808 orbitatis
566 736 801 828 spectaculum
827 734 988 825 posuisti.
1017 735 1049 804 Ο
1075 756 1219 826 magna-

128 864 219 933 nime
241 861 317 930 vir!
341 859 370 928 Ο
390 856 624 928 memorabilis
645 855 841 948 Stephane!
864 855 937 924 lam
955 855 1097 927 felicior
1114 880 1217 950 appu-

128 982 248 1066 rebas,
276 1003 382 1073 quam
407 980 467 1071 qui
493 978 568 1049 fieri
589 998 714 1071 posses
741 975 882 1059 inlelix;
916 976 987 1047 iarn
1021 979 1217 1051 comitatior

127 1125 217 1187 eras,
239 1124 345 1195 quam
358 1101 417 1194 qui
431 1099 654 1172 solitudinem
672 1098 902 1180 formidares;
921 1098 993 1168 inm
1012 1100 1116 1172 morti
1138 1123 1216 1195 pro

129 1227 269 1308 simler,
297 1245 401 1317 quarn
427 1223 483 1294 eui
514 1230 612 1293 esset
636 1242 732 1293 mors
762 1219 911 1311 filiorum
937 1221 1215 1295 adolescentium

130 1345 334 1417 metuenda:
361 1354 463 1416 extra
485 1344 542 1415 teli
562 1345 691 1414 iactum
710 1340 912 1413 constitisse
932 1341 1129 1416 videbaris.
1150 1346 1213 1418 Sed

128 1468 348 1561 omnipotens
369 1466 426 1537 illa
445 1478 481 1536 et
501 1465 642 1536 immitis
663 1466 732 1535 Dea
754 1472 820 1547 est,
843 1485 907 1535 seu
928 1465 1055 1537 verius
1073 1467 1140 1539 Dei
1155 1469 1212 1539 mi

129 1589 252 1669 nistra,
275 1596 310 1657 et
334 1585 534 1658 divinarum
559 1587 780 1658 voluntatum
806 1586 995 1656 executrix
1023 1586 1211 1681 impigerri-

128 1731 200 1790 ma;
222 1706 285 1778 sed
309 1709 444 1779 occulta
469 1707 566 1777 miris
594 1717 628 1776 et
653 1705 1069 1798 incomprehensibilibus
1105 1710 1209 1783 modis

130 1851 255 1920 agens3
276 1829 377 1900 cuius
399 1837 437 1899 ut
455 1826 662 1898 clandestini
689 1848 828 1919 semper
852 1837 888 1898 et
911 1827 1016 1913 varii,
1045 1831 1100 1902 sie
1126 1852 1209 1926 saepc

130 1953 246 2025 moesti
266 1964 301 2024 et
321 1950 455 2022 debiles
476 1950 548 2021 ludi
570 1958 668 2032 sunt;
688 1959 724 2020 et
742 1960 836 2019 certe
857 1950 992 2021 nullum
1019 1951 1090 2025 bac
1115 1963 1209 2025 aetate

130 2076 258 2146 elarius
284 2096 359 2145 suae
386 2072 565 2144 varietatis
599 2071 761 2142 indicium
788 2080 872 2142 erat.
904 2072 989 2143 Ideo
1017 2071 1207 2148 insidiatam

133 2217 225 2280 esse,
253 2204 289 2267 et
314 2194 476 2266 ascensui
497 2193 648 2285 glorioso
672 2191 803 2262 lavisse
827 2190 1055 2277 crediderim,
1082 2217 1155 2289 quo
1177 2218 1208 2267 se

130 2320 261 2391 mundo
280 2319 448 2390 notiorem
469 2320 612 2399 laceret,
639 2325 674 2385 et
698 2324 778 2406 post
803 2321 937 2384 tantum
963 2315 1112 2400 favoris,
1134 2317 1208 2388 insi-

130 2441 231 2531 gnior
251 2439 376 2523 clades,
398 2450 495 2509 etex
514 2449 584 2508 tarn
601 2440 670 2507 alto
690 2435 871 2506 terribilior
890 2458 996 2508 casus
1019 2451 1131 2511 esset.
1150 2440 1208 2509 Ne

129 2581 198 2649 que
218 2560 310 2628 enim
332 2560 431 2629 aliter
450 2580 530 2628 esse
552 2569 690 2651 poteras
714 2568 782 2630 tam
808 2558 937 2628 infelix.
962 2560 1101 2631 Talium
1130 2561 1207 2630 lilio·

130 2700 208 2748 rum
241 2699 407 2747 numerus
441 2677 545 2748 efficit
580 2690 616 2748 ut
651 2679 870 2770 spectabilior
901 2678 1037 2749 orbitas
1071 2692 1131 2752 tua
1159 2682 1208 2751 sit.

130 2805 204 2872 llcu
233 2799 381 2871 dulcedo
401 2800 639 2871 amarissima!
675 2803 748 2871 Heu
771 2800 942 2871 laboriosa
976 2802 1107 2892 qrries!
1142 2805 1209 2875 Heu

129 2928 278 2996 lunestae
299 2924 497 2996 blanditiae!
523 2924 614 3009 Quid
632 2924 870 3007 metuendum,
892 2922 978 3015 quid
1001 2926 1205 3018 optandum,

131 3047 215 3138 quid
236 3048 424 3117 tenendum
453 3046 679 3116 vitandumve
701 3045 828 3116 homini
863 3050 944 3115 est‘l
970 3047 1209 3138 importunum

72 3180 74 3184 ‘
130 3169 212 3236 nibil
247 3167 415 3238 habuisse
444 3168 539 3257 quod
568 3169 723 3262 placeat:
756 3167 883 3237 durum
917 3167 1032 3237 dulcia
1066 3180 1119 3240 tot
1153 3170 1209 3241 ha-

130 3285 250 3355 buisse
279 3309 359 3377 qum
390 3289 526 3377 perdas,
556 3287 682 3357 Vixisti
714 3287 873 3370 nimium,
900 3291 1029 3369 lateor;
1067 3291 1133 3361 sed
1165 3294 1210 3362 sie

130 3408 295 3501 oportuit,
319 3419 356 3478 ut
382 3410 515 3481 doctior
545 3409 740 3480 morereris.
768 3411 935 3481 Putasses
974 3410 1128 3482 solidum
1153 3414 1211 3484 ali-

129 3531 214 3622 quid
241 3553 322 3601 esse
347 3533 542 3613 Fortunam,
576 3531 605 3599 si
630 3530 707 3600 eius
725 3532 871 3602 alteram
898 3535 1143 3604 tantummodo
1164 3536 1211 3603 l-

131 3656 217 3724 ciern
240 3653 455 3745 aspexisses.
480 3653 508 3720 Ο
532 3653 649 3722 multis
671 3652 794 3724 iactate
816 3653 977 3733 casibus3
1011 3655 1098 3746 quid
1121 3680 1211 3728 nunc

129 3784 295 3865 expectas
336 3782 373 3842 ut
411 3771 551 3843 dicam?
595 3773 680 3843 Nolo
721 3795 864 3866 speres;
902 3776 981 3843 nelo
1017 3774 1210 3866 desperes:

131 3898 277 3964 alterum
304 3894 398 3975 vani,
427 3896 574 3963 alterurn
601 3892 726 3962 infirmi
756 3894 861 3963 animi
887 3905 951 3965 cst.
978 3894 1071 3977 Quid
1095 3899 1209 3980 enim,

130 4036 191 4084 oro
212 4025 258 4097 te,
280 4019 427 4109 speres‘l
447 4016 564 4086 Nevos
590 4014 696 4097 lilios,
719 4037 810 4086 nova
830 4016 1019 4106 coniugia?
1037 4017 1212 4114 Intempe-

132 4136 289 4207 stivaest
306 4148 407 4207 aetas:
428 4147 496 4206 tarn
519 4147 682 4208 senectus
704 4148 784 4230 apta
801 4137 939 4230 nuptiis,
959 4160 1065 4227 quam
1086 4140 1211 4213 brurna

131 4259 318 4328 messibus.
340 4258 533 4329 Ridiculum
548 4259 612 4329 ieci
631 4280 751 4349 genus,
772 4280 921 4351 sponsus
941 4281 1062 4331 senes.
1085 4265 1213 4336 Contra

132 4386 245 4445 autern
268 4379 352 4469 quid
377 4381 570 4470 desperes‘.l
597 4382 644 4449 lle
671 4390 719 4449 tet
744 4378 822 4449 siliis
856 4382 987 4451 nullum
1024 4382 1152 4457 habos.
1182 4387 1213 4455 Si
