2692 5024
226 677 267 741 60
542 688 602 739 ns
621 688 723 741 mnus
742 688 964 741 alumnus

224 835 379 932 quotidie
392 854 554 909 recessus
573 835 801 931 apparebunt,
818 837 865 910 ad
876 856 966 931 quos
979 854 1019 909 se
1029 835 1225 929 ignomntia
1237 862 1294 915 no

225 968 300 1033 stra
316 958 480 1053 porriget
496 957 584 1031 Iliae
599 980 728 1033 moeror
745 971 781 1033 et
800 958 1005 1053 indignatio,
1027 969 1063 1033 et
1080 970 1295 1059 oontemptus

223 1080 350 1167 nostri;
368 1102 459 1175 quas
474 1079 626 1153 latebras
645 1081 810 1176 quoniam
829 1083 959 1175 uulgus
974 1080 1151 1157 indoctum
1162 1106 1236 1159 non
1246 1087 1297 1163 vi-

223 1203 331 1292 debit,
347 1203 463 1277 laetius
479 1203 583 1297 deget
596 1214 701 1298 atqua
715 1203 944 1299 tranquillius.
957 1207 1008 1280 lta
1018 1203 1079 1279 liet
1088 1216 1129 1281 ut
1139 1207 1295 1293 seientia

167 1358 170 1363 ·
223 1348 305 1421 quae
332 1327 457 1419 ingens
481 1347 590 1399 eausa
613 1346 723 1399 saerae
746 1326 983 1419 delectationis
1007 1350 1090 1401 esse
1112 1328 1294 1417 debuerat,

222 1448 504 1523 molestissimam
521 1448 784 1525 sollicitudinem
801 1450 939 1539 inierat,
952 1460 989 1523 et
999 1451 1122 1539 vitam,
1139 1454 1243 1529 ouius
1261 1478 1296 1529 su

221 1575 346 1649 duoem
364 1572 601 1669 pollioebatnr,
620 1572 803 1647 interimat
823 1571 927 1647 Adsit
941 1596 1027 1667 ergo
1046 1573 1182 1649 eunetis
1197 1576 1235 1650 in
1246 1600 1297 1651 re

222 1696 290 1770 bus
309 1694 490 1771 modestia.
511 1696 573 1769 llla
591 1693 692 1769 nobis
713 1696 888 1784 suadebit,
907 1706 1031 1771 utnon
1046 1696 1084 1769 in
1102 1696 1165 1771 bis.
1186 1702 1296 1773 solun

222 1839 305 1915 quta
327 1819 477 1891 fortune
490 1827 562 1917 *aut
583 1816 740 1911 eorporis
764 1817 938 1905 dicuntur,
965 1818 1031 1891 sed
1053 1818 1090 1890 in
1114 1818 1172 1893 bis
1193 1820 1296 1895 etiarn

222 1962 304 2039 qum
332 1940 439 2017 animi
465 1939 558 2014 bona
581 1949 676 2027 sunt,
700 1963 933 2037 quaecumque
956 1941 1058 2017 nobis
1082 1944 1297 2037 portiuncula

221 2063 417 2150 obvenerit,
438 2064 483 2138 de
501 2062 649 2137 modieis
660 2085 801 2160 quoque
812 2087 882 2139 non
894 2065 1048 2140 medieas
1060 2074 1182 2159 grates
1194 2088 1296 2161 agore

126 2190 129 2195 ’
221 2208 494 2277 consuescamus
510 2185 666 2281 largitori
685 2199 833 2276 aeterno,
851 2188 912 2283 qui
936 2187 1064 2282 optime
1086 2188 1174 2283 quid
1197 2188 1295 2263 nobis

220 2308 384 2404 expediat
398 2308 509 2396 videt,
531 2309 638 2404 idque
657 2312 803 2405 largitus
823 2321 892 2397 est,
914 2333 984 2384 non
1002 2310 1296 2417 quoddeleotabi-

221 2434 302 2517 uus,
325 2431 388 2505 sed
404 2433 499 2525 quoa
514 2433 718 2527 oportunius
737 2432 845 2505 norit.
863 2431 1095 2518 ninimirum,
1117 2433 1209 2507 sieut
1223 2414 1296 2507 rufe

222 2554 383 2626 laudetur
402 2576 516 2626 senex
526 2574 716 2649 pauoorum
728 2554 785 2626 ille
796 2554 970 2647 iugerum,
985 2555 1045 2649 qui
1056 2575 1173 2647 regum
1186 2578 1296 2649 teque·

222 2678 275 2746 bat
295 2698 370 2768 opes
389 2675 519 2758 animm
540 2676 591 2749 sio
611 2678 665 2749 ille
681 2676 880 2750 laudabitur
895 2678 1074 2765 deformis,
1094 2678 1219 2767 hebes,
1238 2688 1296 2753 aut

221 2797 359 2883 balbus,
380 2797 440 2894 qui
460 2797 649 2871 Alcibiadis
665 2803 811 2872 sormam
828 2800 956 2886 animo,
981 2800 1042 2894 qui
1065 2802 1219 2875 Platonis
1244 2803 1295 2874 in·

220 2921 374 3014 genium,
392 2931 454 2995 aut
467 2922 698 3017 eloquentiam
712 2922 887 2996 Cioeronis
900 2923 1104 3017 aequaverit.
1117 2923 1181 2997 Cui
1192 2925 1295 3017 igitur

220 3045 397 3138 ingenium
416 3046 532 3133 deest,
550 3068 621 3119 non
635 3047 729 3119 desit
739 3046 997 3141 squammies
1010 3047 1065 3119 sui
1078 3047 1192 3136 adest,
1207 3048 1295 3123 adsit

219 3179 255 3240 et
280 3170 493 3243 moderatrix
518 3193 634 3243 rerum
658 3170 811 3244 omnium
836 3169 1010 3254 diseretio,
1037 3180 1077 3241 ut
1099 3170 1294 3266 inoorrupto

219 3289 346 3361 iudicio
362 3292 456 3364 vires
483 3315 566 3365 suas
592 3293 757 3364 aestimet:
783 3314 828 3363 ne
852 3293 939 3364 torte
963 3290 1030 3362 sibi
1055 3290 1236 3365 blandiens
1261 3302 1293 3365 et

219 3409 346 3503 ipsese
361 3413 496 3497 fallens,
514 3412 721 3507 importabili
737 3415 832 3485 tasse
847 3423 1058 3506 praegravet,
1077 3424 1199 3489 contra
1213 3413 1292 3489 illud

218 3532 312 3626 quod
333 3533 366 3603 in
385 3543 459 3604 arte
478 3534 611 3627 postica
632 3535 797 3629 scripturn
816 3544 886 3607 est:

379 3739 495 3804 Sumite
511 3741 672 3804 materiam
689 3744 812 3821 vestris,
830 3744 884 3823 qui
902 3744 1047 3822 scribitis,
1064 3763 1186 3827 coquam

376 3837 512 3913 Viribus,
530 3843 561 3899 ot
578 3847 698 3903 versate
715 3843 765 3904 diu
782 3842 857 3922 quid
875 3843 956 3906 terre
972 3852 1126 3922 recusant,

378 3935 457 4008 Quid
469 3934 589 3999 ualeant
604 3937 736 4001 humeri.

217 4143 345 4237 Nempe
364 4141 603 4216 adiuvandum
624 4143 739 4216 studio
755 4144 931 4237 ingenium
951 4156 1021 4232 ost,
1047 4158 1083 4220 ot
1102 4150 1293 4222 meditatio

216 4261 319 4333 abus
346 4265 613 4352 sublevandum,
645 4269 708 4341 sod
736 4267 874 4341 minime
905 4271 1100 4362 cogendum
1128 4295 1199 4366 quo
1227 4295 1294 4346 uon

216 4381 327 4470 possit
351 4387 552 4460 ascendere.
578 4387 738 4481 Alioquin
762 4402 994 4486 praetarquam
1023 4395 1119 4486 quod
1148 4407 1293 4471 conatus

217 4497 283 4570 erit
302 4499 432 4589 irritus,
452 4528 548 4601 saepe
567 4509 698 4582 accidet
710 4512 844 4583 utdum
870 4512 1096 4605 impossibilia
1123 4519 1291 4612 cupimus,
