2692 5024
343 727 435 775 arnan
457 725 803 776 sarnus-marona
827 730 853 775 ι.
1096 713 1160 775 :tlt

61 895 141 944 rara
160 871 313 955 lelioitaS,
332 871 411 965 quis
429 893 498 943 non
524 871 644 943 videt‘l
669 872 756 942 Cum
776 883 813 944 et
834 873 869 945 in
889 873 956 944 hoc
972 873 1055 945 vitae
1078 883 1157 945 tra-

61 997 143 1066 mite
173 994 202 1065 si
241 994 368 1065 aeriter
406 994 577 1079 intueare,
617 997 836 1088 lortunaeque
873 993 1036 1091 phaleras
1069 995 1155 1068 dili--

60 1128 183 1216 genter
215 1118 389 1200 excutias
418 1140 522 1189 nemo
549 1139 698 1211 usquam
728 1140 812 1189 vere
838 1119 935 1203 felix,
962 1128 1023 1190 aut
1049 1132 1147 1193 voto-

64 1266 137 1314 rum
152 1244 252 1337 plene
267 1263 408 1335 compos
426 1253 585 1314 oecurrat
602 1267 609 1324 ;
626 1251 676 1328 et,
695 1241 789 1337 apud
807 1243 992 1337 scriptores
1010 1267 1142 1331 rerum,

66 1369 127 1436 vix
153 1364 311 1437 eomitem
349 1389 453 1436 unum
487 1367 608 1460 procul
634 1366 668 1435 in
697 1365 827 1437 ultimis
859 1365 1034 1438 Arcadum
1060 1371 1146 1440 late-

65 1486 135 1556 bris
170 1488 253 1559 felix
286 1489 342 1560 ille
367 1488 508 1561 habitus
534 1489 693 1560 Metellus
726 1489 906 1560 invenerit.
937 1488 1073 1573 Quibus
1099 1491 1144 1564 ita

65 1632 105 1680 se
137 1609 358 1697 habentibus
387 1612 467 1706 quis
497 1611 655 1697 miretur,
682 1623 722 1682 ut
746 1611 782 1682 in
807 1611 985 1684 bominum
1007 1613 1143 1685 turbam
1187 1628 1194 1636 “

65 1733 216 1805 eonieota
238 1736 390 1828 spicula,
414 1735 464 1808 sic
485 1737 520 1805 in
540 1737 738 1829 congeriem
760 1737 928 1808 malorum
954 1736 1061 1808 missa
1082 1760 1148 1809 va-

66 1854 179 1927 ticinia
200 1879 265 1929 non
287 1880 416 1944 errare,
439 1868 547 1952 utque
567 1860 613 1932 ad
635 1859 757 1929 vivum
784 1858 855 1942 illa,
879 1857 930 1929 sio
954 1859 1000 1930 ad
1019 1881 1144 1932 verum

64 1979 131 2050 ista
148 1983 365 2073 pertingere?
382 1982 578 2068 Meministi,
598 1980 716 2067 amice,
736 1991 773 2051 ut
790 1980 870 2051 olim
890 2003 1046 2074 praesens
1065 2005 1146 2053 ver-

63 2100 132 2185 bis,
156 2103 240 2174 vivo
257 2105 387 2189 adhue,
410 2129 492 2178 mox
513 2106 667 2178 extincto
685 2125 781 2194 rege,
801 2103 857 2174 cui
876 2103 940 2174 soli
958 2125 1060 2175 suum
1079 2105 1147 2177 boo

63 2235 97 2296 ot
117 2225 292 2318 proprium
314 2250 438 2301 nomen
459 2230 534 2313 luit,
553 2228 683 2299 absens
703 2225 841 2311 litteris,
859 2248 925 2297 nee
941 2229 1050 2298 multo
1066 2238 1150 2321 post

63 2370 222 2443 praesens
251 2349 394 2435 iterum,
426 2352 509 2424 viva
538 2374 625 2424 vooe
653 2371 722 2422 non
756 2349 831 2420 sine
867 2351 1027 2445 suspiriis
1060 2353 1147 2444 quid

62 2472 243 2555 sentirem,
272 2475 399 2565 quidve
422 2475 655 2568 inposterum
680 2473 920 2566 praesagiram,
949 2475 1051 2566 quasi
1076 2476 1145 2545 iarn

61 2606 143 2666 tunc
156 2595 295 2667 venturi
313 2608 443 2681 eertuS,
464 2596 625 2690 explicui.
638 2595 808 2668 Videbam
823 2595 914 2666 enim
928 2595 1143 2667 subtractum

61 2720 160 2813 regni
180 2721 318 2811 fastigio
338 2722 622 2802 fundamentum
646 2729 815 2812 erantque
842 2717 909 2790 sub
933 2720 1043 2791 oeulis
1068 2741 1147 2790 oor·

61 2845 193 2919 ruentis
215 2843 321 2934 regiae
341 2866 469 2934 graves
488 2866 604 2915 casus.
624 2844 735 2935 Caput
755 2842 985 2914 adolescentis
1007 2843 1143 2913 innocui

60 2966 210 3059 primum
237 2965 390 3036 omnium
412 2966 477 3037 bae
498 2965 597 3035 ruina
622 2985 829 3058 oppressum
851 2964 908 3043 iri,
930 2966 1051 3046 fateor,
1075 2984 1142 3032 non

58 3088 235 3160 videbam.
258 3088 379 3160 Nescio
399 3088 483 3180 quid
500 3085 662 3159 obstabat
683 3084 847 3157 feralibus
864 3084 1085 3166 coniecturis,
1108 3085 1144 3155 id

61 3233 168 3282 unum
182 3208 275 3303 quod
293 3210 327 3279 in
345 3211 445 3281 malis
463 3210 654 3303 pessimum
675 3221 750 3280 erat
766 3207 986 3280 abscondens
1000 3231 1007 3289 ;
1022 3229 1144 3298 quam·

60 3357 166 3426 quam
190 3335 244 3428 (ut
265 3333 466 3406 meminisse
489 3333 624 3426 videor)
647 3333 712 3404 iam
734 3332 813 3404 inde
833 3330 952 3424 primis
970 3329 1015 3400 ad
1037 3341 1069 3401 ta
1089 3330 1145 3399 lit·
1233 3310 1235 3315 ¹

61 3457 145 3527 teris
179 3479 309 3548 agnum
344 3455 433 3552 lupis
465 3455 640 3528 obiectum
681 3455 809 3528 utinam
843 3477 911 3527 non
948 3465 1016 3526 tam
1049 3463 1144 3524 oerto

60 3579 211 3651 dixerim
225 3580 382 3672 augurio.
397 3581 441 3651 Et
453 3582 605 3674 prolecto
618 3582 777 3672 luporum
791 3599 929 3650 morsus
943 3600 983 3649 ao
998 3576 1139 3660 rabiem,

61 3713 97 3774 et
126 3703 183 3773 illa
213 3704 407 3775 eommunia
433 3704 645 3795 perditorum
670 3703 863 3785 bominum,
891 3709 1140 3791 contemptum,

60 3826 195 3910 odium,
222 3825 399 3906 invidiam,
426 3827 556 3909 dolum,
589 3825 755 3920 rapinam,
782 3846 971 3905 careerem,
999 3821 1142 3892 exilium

61 3948 268 4038 cogitabam.
296 3948 387 4020 Talis
415 3948 564 4020 hominis
599 3951 702 4020 talem
735 3958 879 4020 mortem
901 3969 967 4018 neo
990 3946 1143 4036 cogitare

62 4069 263 4155 didioeram,
285 4095 348 4144 nee
368 4071 509 4143 vereri:
535 4073 663 4167 quippe
682 4073 741 4165 qui
762 4072 864 4143 nullis
894 4093 940 4140 ex
965 4067 1143 4159 tragoediis

63 4202 132 4262 tam
153 4194 304 4264 nelarias
330 4205 366 4265 et
391 4203 459 4266 tam
482 4203 597 4263 truces
618 4190 763 4264 insidias
785 4190 1032 4263 meminissem.
1054 4190 1144 4260 Tulit

61 4337 141 4387 ecoe
174 4316 386 4387 feracissima
421 4318 589 4387 soelerum
617 4322 704 4385 aetas
724 4326 854 4399 nostra,
881 4336 951 4407 quo
977 4312 1143 4406 glorietur

62 4440 264 4534 antiquitas
293 4460 362 4532 quo
388 4461 426 4509 se
452 4436 638 4532 posteritas
663 4441 881 4511 consoletur:
908 4445 1015 4532 utque
1041 4456 1145 4509 omne

62 4586 182 4634 aevum
203 4561 263 4634 fiat
282 4561 498 4647 excusabile,
526 4561 646 4636 hocin
670 4570 806 4655 tempus
833 4584 968 4635 summa
995 4550 1143 4634 saevitia»
