2692 5024
368 708 533 758 roarmscr
554 709 729 759 narraras
752 709 925 761 ramatum.
1145 703 1179 762 tt

108 879 218 951 genus
239 857 454 948 inexpertum
476 855 559 927 mihi
578 870 642 929 est.
660 859 747 930 Nam
764 872 799 931 et
815 883 835 931 a
853 861 1049 954 reipublicae
1063 887 1183 936 inuue-

107 981 205 1053 ribus
225 977 342 1062 ablui,
363 988 397 1049 et
416 981 506 1051 lama
525 1002 601 1052 mea
627 981 721 1051 tenui
745 1003 923 1055 murmure
943 985 1058 1057 forsan
1079 987 1183 1059 inter-

107 1104 207 1187 dum,
229 1112 265 1172 et
290 1099 399 1172 sibilis
424 1101 585 1173 lacessita
604 1101 838 1188 clandestinis,
860 1109 991 1178 nullum
1016 1110 1182 1182 hactenus

106 1225 201 1321 quod
222 1224 408 1295 ulciscerer
432 1225 489 1294 vel
512 1223 658 1297 vitarem
685 1225 903 1300 iudiciarium
928 1233 1057 1302 vulnus
1081 1254 1184 1305 exee-

108 1352 179 1445 pit:
199 1359 236 1423 et
255 1347 431 1423 verbalem
452 1349 540 1419 ferre
559 1369 660 1440 opem
680 1349 801 1422 alienis
821 1351 1025 1424 vulneribus
1045 1367 1184 1427 nonest

109 1484 240 1547 nostrae
264 1469 500 1565 professionis.
528 1471 647 1563 Neque
670 1472 762 1542 enim
788 1484 849 1545 aut
867 1474 1019 1547 tribunal
1038 1475 1181 1560 ambire,

59 1677 67 1689 ‚
107 1608 168 1668 aut
191 1597 306 1668 locare
332 1594 483 1686 linguam
505 1591 621 1678 didici,
644 1595 851 1669 adversante
871 1598 1007 1691 penitus
1035 1608 1070 1668 et
1094 1600 1185 1671 relu-

107 1728 220 1791 ctante
239 1728 380 1799 natura;
401 1737 482 1809 quae
502 1737 557 1787 me
578 1716 703 1789 silentii
723 1740 764 1791 ac
784 1719 978 1791 solitudinis
995 1730 1183 1793 amatorem

108 1841 200 1926 lecit,
234 1840 299 1913 lori
332 1841 481 1922 hostem,
508 1842 664 1933 pecuniae
688 1852 968 1936 contemptorem.
1004 1843 1072 1915 Sed
1096 1846 1184 1916 bene

110 1964 236 2036 habet:
261 1964 400 2056 quando
425 1985 481 2035 me
504 1965 581 2035 eius
608 1965 656 2036 rei
680 1988 750 2036 uon
774 1975 932 2056 egentem
957 1965 1056 2049 lecit,
1083 1968 1182 2056 cujus

110 2091 197 2163 forte
215 2088 351 2182 inopem
368 2087 521 2171 lecisset,
542 2088 572 2157 si
588 2110 736 2178 egerem.
751 2088 889 2161 Omissa
906 2066 1011 2180 igitar
1030 2088 1086 2160 illa
1105 2111 1183 2160 ora-

110 2210 197 2284 toria
216 2207 352 2281 dicendi
376 2208 429 2293 vi,
456 2232 526 2301 qua
550 2232 613 2280 nee
637 2231 723 2300 egeo
744 2232 807 2281 nec
826 2209 980 2291 abundo,
1006 2220 1041 2280 et
1060 2232 1180 2302 quam,

111 2333 141 2404 si
166 2331 345 2416 exuberet,
372 2330 433 2403 ubi
457 2353 639 2403 exerceam
664 2353 734 2402 nou
759 2331 881 2415 haheo,
904 2332 971 2402 hoo
996 2331 1180 2415 medicem,

110 2453 349 2537 domesticum,
370 2465 406 2525 et
425 2453 591 2526 familiare
610 2452 747 2525 dicendi
773 2474 882 2543 genus
903 2451 1012 2537 pmice
1032 2453 1124 2543 leges
1146 2464 1184 2522 ut

109 2578 254 2671 reliqua,
274 2588 310 2648 et
329 2575 411 2648 boni
431 2577 602 2661 eonsules
624 2575 689 2661 his,
712 2575 840 2669 quibus
862 2575 896 2644 in
915 2574 1088 2647 communi
1110 2597 1184 2647 ser-

108 2722 209 2774 mone
229 2700 367 2783 utimur,
387 2710 503 2793 aptum
522 2698 886 2791 accommodatumque
906 2699 1096 2771 sententiis.
1115 2697 1182 2769 Sed

109 2846 177 2895 non
196 2846 317 2894 omnes
339 2824 424 2895 tales
444 2821 577 2894 iudices
598 2822 732 2895 habeo:
756 2845 869 2916 neque
893 2824 985 2895 enim
1006 2834 1066 2896 aut
1090 2821 1181 2896 idem

109 2967 229 3017 omnes
256 2944 421 3028 sentiunt,
449 2955 509 3016 aut
534 2943 690 3015 similiter
710 2956 825 3016 amant
849 2967 981 3015 omnes.
1003 2943 1182 3027 Quomodo

111 3081 223 3140 autem
249 3067 411 3140 omuibus
424 3069 620 3160 placerem,
647 3065 703 3137 cui
735 3068 868 3160 placere
901 3064 1020 3159 paucis
1047 3086 1183 3157 semper

111 3189 261 3263 studium
275 3189 363 3260 luit?
376 3189 515 3283 Triplex
528 3198 583 3260 est
594 3191 745 3281 prolecto
762 3187 835 3258 veri
857 3185 973 3258 iudicii
994 3208 1181 3258 venenum:

109 3336 216 3399 amor,
236 3312 364 3397 odium,
383 3309 525 3383 invidia.
546 3308 634 3380 lllud
654 3319 767 3381 autem
785 3309 875 3395 vide,
894 3333 937 3381 ne
953 3309 1096 3382 nimium
1119 3332 1182 3382 nos

108 3433 272 3517 amando,
292 3435 438 3529 vulgare
456 3431 613 3524 coegeris
645 3452 726 3523 quae
759 3431 881 3503 melius
916 3429 1119 3504 latuissent:
1145 3444 1183 3503 ut

108 3557 199 3628 enim
222 3555 282 3627 tibi
302 3579 419 3642 amor,
443 3556 493 3628 sie
513 3556 590 3629 aliis
611 3560 697 3629 forto
717 3556 811 3629 aliud
828 3556 961 3630 officiet.
978 3558 1069 3627 luter
1088 3577 1183 3626 amo

109 3679 159 3749 ris
172 3690 287 3751 autem
299 3691 334 3750 et
347 3678 488 3750 invidiae
502 3679 689 3751 eaecitatem
703 3702 809 3753 causa
825 3680 965 3772 quidem
979 3677 1180 3772 plurimum,

106 3801 226 3876 ellectu
245 3804 329 3874 nihil
345 3802 498 3875 interest.
516 3801 650 3889 Odium,
672 3803 766 3897 quod
792 3803 903 3874 medio
929 3804 1004 3872 loco
1023 3821 1184 3870 numera·

110 3944 239 4008 veram,
258 3945 322 3994 nee
337 3945 471 3995 mereor
486 3933 593 4008 certe,
615 3946 678 3995 nec
698 3934 822 3994 metuo.
845 3922 913 3992 Sed
930 3919 1005 3990 fieri
1021 3928 1134 4010 potest
1145 3930 1183 3990 ut

108 4068 219 4138 nugas
239 4068 335 4118 meas
357 4045 418 4116 tibi
437 4045 579 4131 habere,
603 4046 664 4119 tibi
684 4049 810 4139 legere,
833 4044 949 4137 nilque
966 4043 1001 4112 in
1021 4042 1072 4112 eis
1089 4041 1183 4114 aliud

108 4191 213 4261 quam
239 4179 379 4242 nostros
405 4191 444 4241 ae
469 4180 667 4242 nostrorum
686 4189 791 4241 casus
811 4165 1010 4238 meminisse
1035 4164 1182 4257 cogitem

108 4288 142 4362 in
161 4315 231 4385 quo
252 4316 324 4364 rem
345 4292 429 4363 mihi
450 4302 646 4386 pergratam
667 4289 810 4363 leceris:
833 4289 883 4359 sie
901 4288 993 4360 enim
1012 4298 1049 4359 et
1066 4290 1182 4384 petitio

108 4423 166 4485 tua
185 4436 255 4486 non
275 4416 430 4506 neglecta
450 4413 636 4496 videbitur,
658 4424 694 4486 et
712 4414 896 4484 lamamea
913 4412 1183 4483 anroenitate

106 4534 191 4625 quin
215 4534 301 4605 nihil
330 4555 546 4628 supervacuo
575 4533 805 4627 nosmetipsos
832 4533 952 4605 lavore
979 4531 1181 4626 decipimus.

258 4664 276 4703 ι.
1042 4650 1059 4701 2
