2692 5024
206 630 264 689 {llll
542 643 581 690 llll
604 642 704 690 REBUS
726 640 948 690 Fluiutteieus

140 779 143 785 ’
205 784 331 875 attigit,
358 785 445 855 alter
468 804 489 853 a
515 792 614 874 tergo
640 783 748 876 liquit.
774 784 812 852 ln
838 785 932 854 omni
957 782 1143 854 hominum
1162 805 1288 876 genere

206 905 285 978 licet
299 904 484 977 ostendere
504 904 611 987 idem;
634 903 697 975 sed
722 904 757 973 in
783 926 827 976 eo
850 903 946 998 quod
962 905 998 973 in
1015 925 1073 974 me
1099 907 1290 998 reprehen-

205 1028 298 1101 ditur
315 1027 459 1111 arctius‚
487 1025 591 1097 nolim
617 1027 721 1098 hodie
746 1027 873 1099 nimius
900 1027 1022 1100 videri.
1046 1029 1164 1100 Unum
1184 1015 1290 1102 etiam

205 1174 297 1224 nuno
318 1153 517 1244 exemplum
544 1148 604 1218 tibi
626 1149 846 1221 notissimum
872 1151 1059 1243 quominus
1081 1151 1290 1225 interseram

207 1285 399 1367 temperare
414 1293 561 1365 nequeo.
578 1271 755 1365 Siquidem
769 1294 873 1365 quem
887 1271 971 1345 vitae
984 1276 1105 1347 callem
1120 1276 1290 1372 arriperet

206 1396 402 1469 diutissime
421 1393 600 1466 fluctuanti
620 1393 826 1487 Augustino,
848 1404 884 1466 et
900 1394 1039 1468 Antonii
1062 1408 1097 1468 et
1123 1399 1290 1472 Victorini

207 1519 356 1591 rhetoris
378 1539 418 1588 ac
435 1516 598 1611 martyris
616 1518 743 1610 profuit
760 1520 973 1614 exemplum3
994 1542 1059 1592 nec
1080 1544 1153 1594 non
1167 1534 1205 1595 et
1219 1525 1289 1596 illo

207 1665 283 1713 rum
300 1641 449 1712 duorum
470 1638 505 1708 in
526 1638 633 1711 rebus
654 1640 830 1730 agentium
855 1641 949 1736 apud
969 1643 1145 1716 Treveros
1168 1668 1289 1741 repen

208 1764 277 1838 tina
293 1761 491 1847 conversio,
518 1783 623 1855 quam
647 1784 726 1834 oum
749 1762 815 1833 sibi
834 1763 1032 1850 Pontianus
1059 1766 1164 1839 miles
1186 1769 1290 1863 impe

207 1885 366 1970 raterius,
382 1894 582 1956 enarrasset
596 1884 718 1978 (ipsius
731 1884 918 1978 Augustini
934 1886 1046 1959 verba
1058 1896 1178 1975 tenes,
1199 1901 1289 1965 octa

207 2034 265 2095 vo,
288 2010 354 2081 nisi
372 2031 427 2080 me
445 2009 610 2080 memoria
631 2011 829 2094 frustratur,
852 2009 1104 2102 confessionum
1121 2015 1216 2088 libro
1232 2040 1288 2112 po

208 2134 302 2228 sita),
325 2133 448 2216 coorti,
467 2130 591 2226 inquit,
613 2129 657 2202 cd
676 2130 882 2202 imitandum.
900 2133 955 2204 nd
975 2133 1042 2207 hoc
1061 2135 1160 2207 enim
1181 2149 1220 2209 et
1239 2140 1288 2209 ille

208 2266 421 2329 narraverat.
442 2257 525 2328 llaec
543 2277 629 2349 ergo
658 2255 790 2328 consilii
822 2257 889 2328 mei
922 2257 1009 2329 ratio
1041 2269 1110 2344 est,
1150 2274 1289 2356 propter

208 2380 453 2451 observatores
474 2402 515 2450 ac
544 2379 724 2449 miratores
745 2400 843 2450 meos
870 2380 1000 2471 saepius
1027 2382 1199 2455 iteranda.
1234 2385 1289 2455 Vi-

208 2498 274 2571 deo
299 2501 393 2570 enim
418 2520 523 2590 quam
548 2499 666 2568 multis
688 2503 849 2595 exempla
880 2503 1087 2574 contulerint
1112 2506 1160 2576 ad
1182 2507 1288 2578 virtu-

209 2632 291 2703 tem,
313 2619 450 2712 etquid
471 2621 505 2690 in
526 2643 581 2691 me
606 2631 712 2711 agant
732 2623 857 2706 sentio,
879 2634 915 2694 et
935 2625 979 2696 de
999 2625 1076 2696 aliis
1099 2626 1196 2699 idem
1216 2653 1289 2726 spe-

209 2763 258 2811 ro.
280 2742 315 2810 Si
333 2744 439 2827 fallor,
459 2765 517 2813 res
537 2743 689 2836 periculo
709 2743 822 2828 abest,
843 2755 877 2816 et
893 2746 1022 2838 quibus
1039 2755 1207 2845 exempla
1224 2776 1287 2826 non

210 2866 356 2956 placent,
383 2887 452 2935 non
477 2868 602 2957 legant.
630 2865 809 2937 Neminem
835 2890 936 2961 ⁰⁰303
954 2879 989 2940 et
1007 2872 1035 2941 si
1055 2895 1111 2944 me
1129 2898 1288 2969 rogam

208 2987 326 3080 paucis
347 2989 416 3080 legi
436 2990 564 3060 malim.
584 2989 678 3059 Vale.

351 3132 507 3202 Aveniona,
525 3133 575 3187 Vll
591 3132 652 3187 Kal.
670 3132 804 3188 Octobris.
