2692 5024
194 625 252 689 alt)
528 642 569 690 nn
591 640 691 690 arnus
713 642 935 693 rnurnnimnus

193 806 300 879 quam
322 782 356 851 in
377 805 453 854 meo
474 785 585 879 capite
604 784 795 880 periculum
818 789 942 870 fecere,
971 760 1071 858 brevi
1101 810 1273 865 consecu-

192 916 286 991 tura,
308 915 344 978 et
364 928 524 978 romanas
545 910 661 980 lauros
682 909 895 981 certantibus
917 908 1042 980 studiis
1061 909 1271 1005 decerptura

192 1028 339 1103 confido.
357 1029 442 1114 Quis
462 1033 556 1101 enim
576 1041 716 1114 metuat,
735 1033 887 1104 Roberto
903 1034 1053 1126 auspice,
1071 1037 1269 1108 cunctantis

191 1153 296 1225 animi
329 1153 429 1246 signa
457 1156 674 1226 convellere?
699 1155 834 1228 luvabit
862 1157 897 1226 in
925 1156 991 1227 hac
1015 1156 1089 1228 acie
1114 1158 1267 1251 primum

192 1299 285 1363 esse,
309 1277 343 1347 in
364 1300 433 1370 qua
452 1299 533 1349 esse
565 1277 721 1349 ultimum
754 1300 823 1349 non
856 1278 1040 1369 inglorium
1074 1302 1163 1351 reor.
1192 1283 1269 1373 Ego

190 1401 339 1493 quidem,
359 1421 427 1471 non
440 1399 581 1486 inficior,
598 1412 690 1472 tanto
706 1401 818 1494 impar
833 1400 930 1471 oneri
942 1403 1087 1486 fueram,
1103 1401 1172 1473 nisi
1185 1405 1269 1475 mihi

190 1524 289 1593 lavor
306 1536 386 1594 tuus
406 1524 500 1594 vires
513 1533 619 1617 atquc
635 1524 769 1594 animos
787 1520 990 1595 addidisset.
1007 1522 1122 1616 Atque
1135 1526 1267 1597 utinam

171 1614 282 1718 ¹diem
300 1649 425 1717 festum
446 1667 570 1716 ornare
591 1646 826 1718 serenissimae
845 1645 967 1716 lrontis
990 1656 1059 1717 tuae
1078 1651 1270 1741 praesentia

188 1768 376 1865 potuisses.
412 1771 514 1872 Quod
537 1772 700 1863 prolecto,
724 1781 761 1841 ut
783 1771 858 1863 ipse
883 1770 1000 1842 dicere
1026 1770 1178 1858 solebas
1200 1774 1267 1845 nisi

189 1903 276 1964 aetas
298 1914 366 1964 non
387 1892 524 1976 sineret,
548 1914 768 1986 nequaquam
789 1893 954 1963 maiestas
972 1893 1266 1984 regiavetuisset.

189 2013 289 2085 Sensi
310 2016 451 2108 quidem
466 2016 581 2088 multis
595 2015 744 2100 indiciis,
759 2013 909 2107 Augusti
928 2015 1075 2086 Caesaris
1094 2017 1266 2109 quosdam

188 2160 305 2208 mores
332 2136 392 2208 tibi
418 2137 605 2210 admodum
638 2137 791 2234 probari;
818 2148 921 2231 atque
946 2138 1042 2208 illum
1068 2136 1104 2207 in
1129 2139 1265 2230 primis,

187 2259 281 2352 quod
301 2262 422 2333 Flacco
442 2261 600 2334 libertino
619 2261 760 2345 bomini,
782 2261 896 2353 etqui
916 2260 1013 2352 prius
1031 2260 1267 2334 adversarum

188 2382 336 2473 partium
357 2383 496 2468 luisset,
521 2394 635 2455 tamon
656 2405 723 2452 non
744 2385 916 2474 placatum
934 2381 1050 2464 modo,
1075 2382 1140 2453 sed
1162 2381 1269 2455 bene-

189 2507 306 2576 volum
327 2506 597 2598 familiaremque
615 2526 653 2573 sc
666 2501 826 2596 praebuit,
841 2516 876 2573 ct
893 2504 1043 2575 blaronis
1058 2504 1113 2573 sui
1128 2503 1267 2596 ingenio

188 2629 391 2711 delectatus
411 2627 578 2720 plebeiam
605 2625 773 2717 originem
802 2649 868 2697 non
888 2625 1061 2719 despexit.
1081 2627 1266 2702 Praeclare.

187 2750 279 2834 Quid
299 2748 392 2818 enim
413 2751 527 2819 minus
549 2749 695 2840 regium,
714 2771 820 2842 quam
841 2751 875 2819 in
896 2750 952 2820 his
969 2773 1059 2844 quos
1076 2761 1137 2821 aut
1155 2753 1266 2824 virtus

188 2884 248 2946 aut
268 2873 444 2965 ingenium
471 2860 706 2957 commendat,
734 2873 816 2943 dum
842 2885 877 2944 et
903 2895 988 2943 vera
1007 2873 1172 2945 nobilitas
1200 2897 1266 2947 non

187 2997 291 3082 desit,
312 3007 347 3067 et
366 2996 547 3067 nobilitare
568 2999 642 3090 ipse
660 2999 788 3089 possiS,
809 2998 973 3089 suffragia
990 2998 1193 3071 adventitiae
1206 3020 1267 3070 no-

187 3118 328 3190 bilitatis
342 3119 550 3212 exquircrc‘l
562 3120 633 3190 Nec
647 3142 723 3189 sum
739 3119 877 3190 nescius
891 3120 984 3210 quid,
1000 3121 1176 3191 adversus
1191 3122 1264 3226 ¹¹⁰⁰.

187 3240 391 3311 litteratores
416 3241 525 3311 nostri
554 3242 716 3336 temporis
743 3241 976 3337 respondeant
1003 3241 1208 3337 (superbum
1232 3251 1266 3312 et

189 3383 296 3452 segne
317 3385 427 3452 genus
449 3364 652 3458 bominum),
675 3367 852 3436 lllaronem
872 3376 907 3436 et
923 3366 1082 3436 Flaccum
1111 3369 1264 3458 sepultos

187 3507 282 3568 esse;
303 3487 535 3579 nequidquam
558 3488 661 3559 modo
681 3488 725 3559 de
747 3489 788 3559 iis
811 3488 992 3580 magnifica
1005 3487 1115 3559 verba
1132 3488 1264 3570 iactari;

187 3611 398 3680 excellentes
412 3609 490 3680 olim
511 3609 605 3680 viros
623 3610 783 3704 periisse3
803 3611 1007 3695 tolerabiles
1023 3633 1147 3704 nuper3
1165 3622 1210 3696 et,
1230 3623 1266 3682 ut

188 3730 240 3816 fit,
264 3732 298 3801 in
324 3733 393 3802 imo
418 3736 525 3803 locem
553 3732 763 3803 substitisse.
787 3731 876 3817 Quid
896 3733 1010 3803 dicant
1040 3744 1076 3802 ct
1100 3733 1187 3824 quid
1210 3755 1267 3804 co-

188 3855 297 3946 gitent
318 3856 410 3939 novi,
440 3878 553 3947 neque
572 3856 702 3948 passim
721 3856 888 3928 obluctor.
908 3856 1052 3925 Videtur
1069 3858 1162 3926 enim
1183 3856 1266 3926 mibi

190 4001 296 4046 unum
322 3979 429 4049 Plauti
451 3978 580 4048 dictum
607 4002 675 4049 non
702 3987 770 4049 tam
797 3978 842 4048 illi
869 3980 974 4064 aelati,
1002 4000 1082 4071 quae
1102 3980 1166 4049 vix
1191 3981 1266 4051 cius

188 4101 238 4169 rei
258 4112 402 4189 gustum
422 4112 572 4194 ceperat,
595 4101 795 4186 convenire,
817 4125 921 4193 quam
942 4102 1023 4173 huic
1040 4109 1182 4171 nostrae:
1205 4101 1264 4185 Ea,

187 4222 313 4313 inquit,
336 4235 521 4318 tempestate
539 4226 597 4316 flos
610 4237 782 4318 poetarum
800 4228 876 4315 fuit,
895 4226 952 4317 qui
970 4225 1047 4292 lasne
1063 4224 1266 4294 obieruntin

189 4365 389 4415 cotttmuoem
426 4349 540 4417 locum
568 4349 640 4418 Hoc
661 4352 813 4441 prolecto
844 4371 907 4419 nos
933 4349 1073 4439 dignius
1099 4350 1267 4420 lamenta-

189 4490 281 4548 mur;
301 4479 382 4538 tunc
398 4469 489 4539 enim
504 4472 656 4541 nondum
671 4483 847 4555 venerant,
868 4495 955 4564 quos
969 4469 1099 4541 abiisse
1117 4494 1267 4566 conque·
