2692 5024
391 682 484 730 stultu
505 682 669 733 sltv'rtttus
680 685 885 734 -EPlSTOLA
906 686 949 734 111.
1150 660 1209 735 365

130 827 223 898 vitiis
257 827 424 913 infelices,
452 831 509 900 vel
525 830 570 899 'in
597 840 800 926 paupertate
830 830 1019 902 felicissimi
1051 832 1209 905 luissent.

128 949 391 1046 Spernebantur
414 951 552 1024 inutiles
583 974 668 1046 opes
695 953 818 1041 Croesi,
846 961 883 1024 et
901 955 1077 1026 funestum
1109 955 1213 1027 Midae

127 1096 270 1157 aurum,
304 1083 340 1144 et
364 1074 519 1172 Dionysii
553 1077 742 1171 Crassique
774 1077 884 1171 spolia
914 1077 1052 1172 templis
1076 1081 1211 1150 avulsa.

128 1195 354 1268 Laudabatur
378 1197 581 1282 Cincinnati,
609 1198 746 1291 Reguli,
774 1199 880 1284 Curii,
907 1199 1055 1272 Fabricii
1075 1200 1158 1272 felix
1178 1211 1215 1272 et

130 1321 281 1414 gloriosa
308 1321 504 1414 pauperies.
531 1320 729 1395 Accedebat
753 1317 848 1394 acics
874 1321 1051 1395 hominum
1077 1332 1215 1396 nostro

131 1465 219 1527 rum,
246 1444 305 1536 qui
334 1444 418 1515 nudi
442 1444 477 1514 in
509 1444 709 1530 solitudine,
739 1444 942 1538 salibusque
968 1455 1004 1516 et
1027 1445 1215 1539 frigoribus

129 1566 259 1649 adusti,
290 1566 464 1639 radicibus
492 1567 678 1640 herbarum
704 1576 741 1639 et
770 1567 992 1640 silvestribus
1017 1568 1132 1641 baccis
1153 1591 1215 1663 pa-

131 1688 192 1772 sti,
227 1709 290 1782 pro
324 1695 416 1759 tecto
448 1691 590 1774 coelum,
613 1700 740 1763 terram
762 1690 931 1763 habentes
951 1712 1014 1784 pro
1039 1690 1211 1778 cubiculo,

109 1833 208 1899 ¹cum
232 1813 409 1906 voluptate
430 1819 619 1885 torrentem
641 1813 819 1886 turbidum
844 1815 1051 1899 hauserunt,
1074 1836 1216 1910 aspero-

130 1957 199 2028 que
231 1943 266 2003 et
294 1943 445 2027 angusto
475 1937 562 2007 calle
588 1935 802 2029 gradientes,
831 1957 894 2031 spe
919 1936 1041 2030 patriae
1063 1937 1215 2010 melioris

130 2059 246 2131 omnia
265 2079 411 2151 prorsus
433 2060 590 2131 mortalia
610 2068 917 2151 comtempserunt.
940 2060 1215 2153 caeterumque

132 2183 232 2275 plura
253 2181 358 2253 huius
379 2183 517 2273 generis
539 2182 784 2274 ingerebantur
809 2185 983 2278 exempla,
1005 2205 1048 2256 co
1070 2185 1214 2276 gravius

132 2306 348 2391 dolebamus,
362 2328 405 2377 ea
418 2329 486 2378 non
504 2306 639 2379 vidisse
656 2329 720 2380 nos
738 2306 773 2378 in
793 2317 962 2401 tempore,
983 2307 1100 2381 sedin
1116 2317 1215 2400 tergo

137 2429 195 2523 (ut
222 2429 333 2521 aiunt)
368 2430 487 2500 oculos
520 2428 699 2502 habuisse.
723 2431 878 2522 Denique
911 2428 962 2501 sic
993 2451 1149 2515 eramus,
1176 2440 1216 2502 ut

134 2553 213 2638 iam,
236 2575 279 2623 ue
298 2561 414 2647 coepto
433 2554 605 2624 vellemus
622 2552 803 2637 absistere,
827 2555 923 2625 solus
939 2553 1087 2627 cedendi
1103 2554 1217 2650 pudor

136 2673 333 2746 obsisteret.
359 2675 496 2745 Etiam
522 2675 677 2769 supremi
709 2675 908 2747 certaminis
941 2675 1094 2750 instabat
1117 2678 1214 2767 alea3

134 2818 213 2867 cnm
235 2807 376 2892 repente
397 2797 512 2868 medio
533 2797 653 2882 noctis,
675 2798 726 2869 ira
746 2810 911 2893 metuque
936 2799 1064 2870 anxius
1088 2821 1216 2894 exper-

135 2920 262 3013 giscor.
288 2920 431 2991 Gelidus
454 2921 561 2991 sudor
578 2942 704 3014 corpus
725 2943 828 2992 omne
848 2921 1057 3013 perfuderat.
1084 2923 1135 2993 lta
1159 2944 1215 2993 me

136 3042 304 3115 Divinitas
332 3045 468 3113 salvum
501 3042 596 3122 velit,
623 3051 662 3112 ut
688 3063 754 3133 ego
787 3041 930 3134 perinde
956 3043 1071 3112 lessus
1098 3041 1213 3125 animi,

136 3169 324 3257 fessusque
349 3164 585 3235 membrorum
618 3185 734 3249 eram,
760 3186 800 3236 ac
826 3164 855 3234 si
881 3185 990 3257 grave
1018 3163 1216 3256 durumque

137 3287 330 3381 negotium,
352 3309 421 3357 non
442 3286 632 3373 somnians,
660 3288 723 3360 sed
743 3287 908 3381 vigilans,
926 3289 1127 3381 agitassem.
1145 3287 1216 3359 Nec

137 3412 236 3484 lacile
255 3410 321 3482 dici
343 3419 457 3503 potest
487 3433 592 3505 quam
618 3413 718 3483 laetus
744 3412 807 3496 lui,
835 3412 894 3483 ubi
928 3413 1021 3486 sensi
1053 3435 1108 3484 me
1141 3413 1217 3484 the-

139 3558 245 3607 sauro
263 3535 366 3605 simul
382 3543 418 3605 et
434 3535 651 3607 solicitudine
667 3534 863 3620 liberatum,
885 3547 920 3607 et
937 3545 1069 3607 tantum
1086 3534 1216 3608 habere

138 3667 307 3752 quantum
333 3658 406 3743 alit,
433 3678 502 3729 non
527 3667 694 3751 quantum
723 3660 840 3752 angit;
868 3667 1106 3753 quantumque
1133 3659 1216 3730 vitae

139 3783 277 3865 sufficit,
311 3803 381 3852 non
411 3792 579 3874 quantum
613 3783 743 3854 affluit:
769 3804 944 3876 quamque
968 3802 1032 3874 per
1056 3802 1216 3852 somnum

140 3906 174 3977 in
206 3928 249 3978 ea
282 3907 453 3979 sententia
486 3907 660 3980 radicatus
694 3931 787 3992 sum,
810 3929 915 4002 quam
948 3906 1032 3977 mihi
1065 3903 1215 3998 vigilans

143 4031 336 4122 persuadeo
365 4053 447 4103 esse
479 4030 716 4116 verissimam,
741 4031 877 4114 scilicet,
904 4030 982 4123 plus
1007 4028 1088 4100 mali
1111 4049 1216 4122 quam
1338 4097 1341 4102 .

140 4150 221 4223 boni
253 4152 388 4246 cupidis
414 4150 618 4223 mortalibus
650 4152 773 4224 afferre
803 4149 954 4223 divitias.
985 4147 1127 4221 Surrexi
1155 4149 1217 4221 dc·

143 4301 237 4348 mum
265 4278 350 4347 hora
379 4273 478 4346 solita
499 4274 803 4368 (consuetudinem
824 4295 936 4344 meam
958 4270 1089 4367 nosti);
1114 4272 1217 4344 dum-

141 4423 225 4496 que,
246 4402 456 4496 quotidianis
475 4399 636 4474 laudibus
656 4395 729 4470 Deo
757 4395 871 4482 dictis,
893 4419 939 4468 ex
962 4419 1055 4471 more
1074 4418 1215 4469 manum

143 4527 277 4598 calamo
291 4524 535 4620 applicuissem
550 4547 559 4608 ;
578 4522 645 4597 hoc
663 4512 932 4617 primumquod
945 4522 1096 4616 sopitum
1112 4543 1216 4595 exer-
