2692 5024
190 654 249 715 3Ίῦ
532 664 574 714 llll
595 663 697 713 astatis
717 662 940 714 flammamtis

189 810 267 881 rint.
285 806 316 878 Α
334 805 460 879 talibus
480 826 621 898 semper
637 803 764 877 abesse
779 806 984 879 consultius.
1003 806 1171 903 lntelligis
1188 815 1277 906 quid

188 930 311 1018 uelim,
338 941 375 1002 et
396 932 525 1002 frustra
551 927 618 1000 erit
641 927 809 1023 quidquid
842 929 991 1025 amplius
1024 930 1162 1006 dixero.
1187 936 1274 1012 Dico

189 1067 320 1141 tamen,
334 1074 379 1126 ne
391 1076 462 1149 qua
474 1051 759 1126 dissimulationis
777 1052 914 1126 occasio
926 1065 996 1126 tuae
1008 1059 1276 1131 mansuetudini

188 1201 267 1252 meo
293 1175 428 1251 silentio
448 1176 657 1270 praebeatur.
685 1176 728 1248 Ut
751 1176 838 1270 quid
861 1198 1003 1273 operam
1023 1179 1148 1274 perdis
1168 1204 1277 1275 gene-

188 1322 281 1377 rosae
313 1302 462 1373 animae‘l
493 1302 614 1392 Longe
639 1298 700 1372 tibi
723 1298 891 1394 imparem
925 1311 1030 1396 atque
1062 1304 1275 1378 dissimilem

187 1438 326 1512 nactus,
356 1424 481 1519 pedem
508 1422 644 1495 retrahe
668 1423 715 1494 ab
738 1422 874 1521 incepto
898 1425 1074 1499 laborioso
1098 1441 1138 1499 et
1163 1428 1275 1501 ineffi-

120 1642 122 1647 ,
148 1558 152 1567 ’
187 1551 281 1623 caci:
303 1545 522 1620 reconciliare
542 1545 637 1618 illum
659 1545 720 1617 tibi
740 1547 975 1641 nequidquam
996 1550 1131 1624 niteris,
1160 1553 1274 1626 Invito

187 1673 320 1747 amicus
353 1689 433 1743 esse
464 1691 532 1741 non
566 1680 688 1765 potes:
716 1671 942 1745 formidabilis
975 1672 1140 1746 inimicus
1175 1688 1271 1772 potes

187 1818 279 1868 esse.
313 1797 424 1881 Quem
461 1818 553 1867 nunc
585 1796 641 1867 ille
673 1795 872 1881 contemnit,
900 1795 1019 1867 timere
1044 1796 1213 1891 incipiet,
1242 1799 1270 1872 si

186 1929 305 2015 aperte
329 1917 473 2015 incipias
499 1918 623 2003 irasci;
646 1918 840 2011 sentietque
860 1919 1021 2011 quisnam
1045 1931 1148 1991 esset
1169 1943 1270 2014 quen

187 2043 296 2135 gratis
317 2043 453 2134 ingrato
472 2041 588 2114 animo
613 2040 854 2115 lacessendum
874 2040 1026 2112 duxerit.
1051 2042 1268 2118 Medicorum

187 2187 318 2237 morem
336 2165 371 2234 in
388 2163 455 2236 hoo
475 2186 571 2257 aegro
589 2175 623 2236 et
640 2165 765 2237 infecto
785 2164 923 2234 homine
944 2185 1111 2256 sequere:
1135 2189 1202 2239 oro
1224 2180 1269 2253 te,

185 2285 346 2382 experire
375 2287 559 2358 contraria.
591 2284 858 2357 Mansuetudine
882 2284 989 2369 irrita,
1023 2286 1154 2359 efficax
1184 2290 1270 2362 torte

189 2411 359 2481 severitas
398 2412 520 2494 luerit,
555 2409 742 2503 odiumque
775 2409 948 2501 potentius
986 2430 1117 2480 amore.
1159 2413 1270 2496 Quem

110 2569 112 2575 ·
188 2532 419 2602 blandientem
451 2532 593 2623 spernit,
628 2531 784 2602 horrebit
812 2554 858 2602 ex
883 2533 1039 2625 professo
1071 2533 1272 2608 inimicitias

186 2665 417 2726 exercentem.
446 2652 601 2724 Moribus
635 2653 822 2724 adversum
855 2654 956 2738 meis,
989 2653 1051 2725 sed
1081 2672 1273 2732 consenta-

187 2800 290 2848 neum
309 2776 414 2847 rebus
432 2776 616 2848 consilium
640 2774 731 2847 dedi.
759 2777 850 2861 Quid
874 2779 966 2848 enim
996 2777 1042 2847 illi
1068 2780 1183 2854 facias
1212 2785 1273 2877 qui

187 2922 340 2972 amorem
359 2906 460 2972 vocet
482 2899 643 2986 insidias,
662 2899 910 2973 humanitatem
929 2909 1026 2991 putet
1044 2923 1127 2973 csse
1151 2907 1273 2977 sormi-

186 3022 325 3094 tlinem'?
346 3025 441 3095 Vale.

682 3247 756 3261 -d—.

608 3455 784 3519 EtlsTotn
806 3456 837 3518 x.

285 3633 479 3683 rntnuscus
501 3634 666 3683 runcinus
690 3636 821 3685 torisa-nr
844 3638 1008 3686 saeuisse
1030 3642 1055 3688 a.
1080 3642 1108 3690 r.
1132 3635 1166 3692 b,

322 3790 377 3843 Cur
391 3789 419 3844 in
435 3790 551 3844 Galliam
569 3789 733 3861 Cisalpinam
749 3791 938 3863 potiusquam
954 3793 1124 3850 Florentiam

619 3896 649 3933 sc
666 3881 821 3936 contulerit.

278 4126 419 4197 Litterae
446 4136 515 4199 tuae
539 4130 651 4220 plenae
676 4127 884 4219 gratissimis
914 4138 1017 4220 atque
1045 4127 1273 4208 dulcissimis

181 4249 512 4350 reprehensionibus
550 4253 758 4323 invenerunt
795 4274 849 4322 me
885 4251 975 4322 circa
1009 4249 1094 4322 Padi
1134 4254 1270 4348 ripam,

180 4365 226 4434 lX
259 4368 424 4443 kalendas
458 4374 575 4470 aprilis
612 4372 655 4444 ad
688 4397 883 4467 vesperam.
925 4374 1049 4444 Confer
1082 4374 1271 4452 adventus

178 4488 269 4560 diem
295 4512 373 4563 cum
401 4495 535 4567 illarum
561 4497 747 4581 missione,
782 4509 817 4569 et
850 4497 928 4570 vide
961 4498 990 4568 si
1021 4519 1065 4569 eo
1092 4507 1272 4596 temporis
