2692 5024
82 654 86 661 ·
177 634 235 701 tut
513 644 557 695 nn
577 582 679 695 nunus
700 642 923 695 summamus
1029 590 1034 599 ¹

174 788 246 877 ubi,
267 810 312 863 ne
329 788 445 863 dicam
464 787 547 861 anni
566 787 686 872 unius,
708 786 773 862 sed
791 810 857 861 nec
874 788 947 863 diei
966 791 1072 863 totius
1089 792 1267 877 certitudo

130 902 138 915 ’
174 911 406 1013 promittitur?
420 911 466 983 Et
480 909 576 1006 qnod
592 911 668 1004 ipse
684 920 798 983 tecum
813 911 964 1004 cogitas:
980 912 1069 987 irem
1080 913 1151 987 nisi
1163 936 1261 989 mor·

175 1038 220 1112 tis
239 1037 337 1111 adire
354 1036 506 1132 pericula
527 1035 698 1120 timerem;
720 1044 802 1109 tnnc
825 1035 946 1129 utique
969 1035 1040 1111 dici
1062 1046 1204 1135 posset,
1232 1040 1265 1113 si

159 1160 251 1257 ‚sine
266 1159 421 1257 periculo
436 1179 608 1231 maneres.
626 1158 726 1231 Nunc
740 1168 858 1231 antem
873 1180 990 1234 nonne
1005 1162 1063 1233 vel
1078 1160 1265 1256 repentina

174 1285 354 1372 febricula,
376 1286 433 1359 vel
450 1283 559 1380 pestis
580 1282 649 1357 alia
674 1281 742 1378 (est
765 1283 860 1356 enim
884 1284 1106 1358 multiformis
1130 1285 1264 1361 humu-

174 1433 299 1485 nornm
317 1430 464 1483 casuum
482 1416 519 1480 et
536 1408 625 1481 mira
642 1407 805 1503 varietas)
826 1407 935 1481 vitam
960 1407 1033 1496 tibi,
1051 1430 1162 1505 quam
1182 1411 1261 1505 regi

174 1544 233 1607 tuo
253 1552 375 1624 negas,
396 1530 559 1604 fortassis
579 1529 724 1627 eripiet?
748 1531 837 1617 Quae
853 1510 935 1603 cnm
960 1530 1008 1604 ita
1032 1531 1113 1619 sint,
1136 1532 1263 1607 lnortor

174 1666 280 1749 atque
298 1653 456 1738 obsecro,
478 1663 518 1725 ut
535 1652 606 1727 iarn
624 1644 778 1740 tandein,
795 1664 902 1749 caput
916 1656 1092 1741 attollens,
1109 1653 1264 1729 circnm-

174 1776 313 1872 spicias.
332 1774 479 1851 Videbis
499 1776 707 1851 immensam
727 1778 854 1849 molem
879 1776 985 1850 tantis
1004 1798 1131 1871 regum
1146 1786 1185 1851 et
1198 1798 1264 1873 po-

172 1901 334 1995 pulorum
352 1898 576 1996 apparatibus
596 1909 790 1984 nutantem,
822 1899 1063 1994 ruiturumque
1084 1922 1159 1995 qno
1181 1922 1262 1975 enm

172 2026 320 2097 lortunae
349 2023 407 2097 vis
439 2021 625 2116 impulerit
657 2022 734 2096 Nou
764 2030 822 2095 est
850 2021 1120 2097 dissimulationi
1143 2024 1262 2099 locus:

172 2146 294 2221 hostes
311 2148 362 2221 tui
377 2146 534 2241 vigilant,
550 2155 587 2219 ct
602 2168 721 2240 regem
737 2146 810 2240 iugi
825 2145 997 2239 obsequio
1011 2143 1262 2233 circumstnnt;

172 2270 230 2345 cni
256 2271 286 2343 si
311 2271 640 2357 victorianensem,
668 2293 829 2344 somnum
854 2279 953 2341 tunm
978 2269 1014 2341 in
1039 2277 1136 2343 tanto
1166 2292 1263 2344 nunc

173 2397 249 2469 eins
281 2395 483 2470 discrimine
507 2394 766 2490 contemplanti,
786 2402 822 2465 ct
846 2400 974 2487 praeter
997 2392 1078 2478 hoc,
1106 2390 1155 2465 ab
1178 2392 1262 2467 olim

173 2520 242 2607 tibi,
257 2521 288 2592 si
300 2519 424 2604 nescis,
442 2518 576 2603 infesto,
595 2516 680 2612 quid
697 2516 793 2589 illum
809 2515 915 2588 animi
931 2514 1132 2591 habiturum
1145 2517 1262 2589 reris?

173 2643 232 2714 Sin
252 2642 352 2714 aliter
373 2638 584 2712 successerit
605 2637 733 2733 (omnia
751 2638 843 2711 enim
865 2649 956 2712 rotat
971 2639 1018 2713 ad
1033 2637 1173 2713 libitum
1190 2642 1263 2715 lor-

173 2763 278 2857 tuna),
305 2785 351 2835 an
375 2766 493 2835 forsan
519 2759 581 2832 tibi
606 2783 653 2832 ex
677 2763 840 2857 praesenti
873 2762 949 2834 ocio
975 2761 1198 2835 securitatem
1223 2764 1261 2837 in

171 2889 229 2960 illo
247 2886 372 2960 ardore
391 2883 548 2957 victoriae
567 2895 701 2979 partam
722 2887 867 2978 speras?
893 2884 944 2956 Tu
969 2906 1054 2957 vero
1078 2906 1151 2958 non
1175 2886 1262 2981 quia

170 3010 337 3097 volueris,
360 3009 424 3083 sed
448 3008 532 3104 quia
556 3007 721 3091 timueris,
747 3026 911 3079 cessasse
936 3006 1126 3095 videberis,
1154 3018 1261 3105 teque

170 3133 363 3206 communis
377 3132 566 3206 ruinacum
579 3130 807 3203 universitate
817 3129 949 3225 pariter
961 3130 1127 3204 involvet.
1146 3133 1260 3209 erede

171 3254 264 3339 mihi,
291 3278 372 3348 pars
397 3266 544 3349 utraque
571 3264 800 3350 spectatorem
825 3264 862 3326 te
886 3254 1085 3328 certaminis
1106 3256 1257 3345 vocabit,

171 3386 331 3471 paratum
347 3378 392 3451 ad
408 3380 556 3449 fortunae
573 3387 711 3463 nutum,
731 3385 835 3469 atque
852 3377 897 3450 nd
912 3377 1056 3450 victoris
1072 3378 1257 3455 arbitrium

171 3500 408 3573 circumvolvi.
442 3503 493 3573 lte
525 3522 698 3594 nusquam
732 3502 843 3585 lavor,
870 3500 1025 3594 undique
1050 3503 1256 3595 pericnlum.

171 3626 373 3699 Meminisse
393 3625 561 3720 profuerit
584 3625 679 3698 Metii
704 3624 804 3698 ducis
830 3622 1056 3710 Albanorum,
1082 3627 1144 3719 qui
1169 3650 1259 3725 qus-

171 3749 281 3842 drigis
303 3748 338 3819 in
357 3749 537 3822 diversum
556 3747 642 3821 actis
660 3746 707 3819 ab
724 3746 878 3833 Hostilio,
897 3749 1133 3819 Romanorum
1153 3772 1254 3844 rege,

171 3874 366 3968 discerptus
394 3882 463 3957 est,
499 3873 592 3967 quod
626 3873 714 3944 inter
739 3881 891 3944 armatas
917 3872 1009 3944 acies
1035 3872 1257 3947 semodium

171 3995 393 4091 praebuisset.
411 3997 674 4090 Expergisoere,
693 4016 763 4082 oro,
787 3994 958 4078 velociter,
980 4004 1017 4066 ot
1034 3994 1118 4067 dnm
1139 3997 1257 4071 adhuc

173 4129 309 4215 tempus
323 4130 391 4206 est,
411 4122 606 4213 neglectum
620 4119 787 4191 hactenus
801 4118 847 4191 ad
860 4116 1009 4192 officium
1023 4117 1110 4190 redi.
1123 4120 1256 4194 Mundo

172 4243 265 4314 enirn
297 4255 479 4329 tremente,
513 4244 677 4328 dormire,
706 4243 823 4317 nescio
851 4242 939 4336 quid'
960 4242 1062 4315 morti
1087 4242 1252 4331 similius,

173 4385 276 4456 quam
299 4368 412 4462 sopori
433 4378 498 4440 est.
519 4369 615 4441 Vale.
