2692 5024
211 689 270 751 358
544 695 586 744 ΒΕ
608 693 710 742 asbus
731 693 953 744 summamus

211 856 261 918 tat
277 851 447 936 quantum
468 839 636 931 magister
650 837 852 911 humilitatis
865 837 1028 934 Christus
1042 839 1193 914 humilia
1207 864 1296 914 sem-

211 991 272 1062 per
295 964 496 1039 amaverit?
520 963 564 1034 Ut
586 962 749 1054 equidem
774 983 796 1033 a
820 961 930 1056 primo
955 961 1090 1048 ordiar,
1117 987 1166 1036 ex
1191 989 1296 1060 quam

211 1088 331 1161 bumili
365 1084 481 1158 radice
513 1084 608 1156 nasci
642 1084 749 1156 voluit
781 1084 839 1155 ille
874 1083 977 1157 cuius
1009 1085 1144 1175 faciem,
1177 1087 1298 1162 videre

214 1230 349 1283 summa
373 1218 408 1280 ct
441 1210 513 1280 sola
538 1208 683 1280 felicitas
708 1210 793 1279 est?
818 1205 872 1277 An
897 1228 968 1278 non
993 1229 1041 1279 ex
1075 1208 1297 1284 nobilissima

212 1333 367 1429 qualibet
383 1333 478 1404 nasci
499 1339 631 1425 posset,
654 1333 712 1402 vel
731 1329 913 1403 nobilitare
934 1355 1041 1425 quam
1062 1336 1208 1404 vellet‘l
1226 1336 1295 1420 Sed

100 1472 104 1481 ’
213 1455 389 1529 nobilitate
406 1463 610 1547 contempta,
633 1451 810 1524 humilitas
835 1453 1072 1548 quaerebatur.
1087 1453 1241 1544 Epressu
1258 1469 1295 1527 ert

213 1583 309 1672 cirpc
322 1574 483 1647 deradice
503 1575 601 1657 Iesse,
624 1587 654 1645 ct
671 1575 730 1667 flos
750 1574 916 1647 deradice
936 1579 1006 1647 eius
1020 1576 1187 1661 ascendit,
1204 1582 1294 1652 cuius

215 1698 282 1772 sub
303 1696 428 1770 umbra
444 1720 545 1790 reges
567 1698 704 1782 sedent,
728 1698 845 1791 populi
867 1699 1108 1793 requiescunt;
1127 1703 1294 1775 cuiusor-
1319 1725 1323 1731 ·

215 1824 268 1894 bis
281 1833 374 1894 totus
391 1821 496 1893 odore
517 1819 677 1892 reficitur.
697 1822 864 1905 Quaenam
878 1843 964 1893 vero
979 1821 1081 1893 radix
1094 1824 1168 1896 ista
1184 1826 1295 1897 lesse?

215 1947 326 2031 Quam
349 1943 512 2039 superba,
535 1967 639 2036 quam
660 1942 817 2016 nobilis?
836 1943 897 2016 Cui
916 1945 1009 2016 Ruth
1026 1957 1196 2020 materna
1217 1950 1291 2032 aria

214 2070 337 2142 mulier
356 2068 503 2151 advena,
527 2068 642 2162 inopS,
664 2066 785 2150 vidua,
807 2065 906 2152 orba,
931 2089 1069 2139 socrum
1084 2081 1197 2145 extra
1219 2071 1293 2143 lines

215 2192 346 2290 patrios
368 2200 500 2274 secuta,
518 2198 554 2260 et
574 2200 653 2282 post
672 2211 800 2284 pueros
822 2211 996 2262 messores
1024 2190 1059 2260 in
1086 2214 1222 2285 agrum
1241 2198 1295 2268 Bo

216 2318 297 2388 bom
314 2313 360 2386 ad
380 2312 566 2405 legendum
582 2312 695 2407 spicas
714 2312 861 2405 primum
878 2310 1156 2385 misericorditer
1174 2318 1295 2389 admis

218 2461 269 2522 sa,
289 2435 414 2508 deinde
435 2444 470 2507 et
489 2435 667 2505 nocturnis
688 2458 827 2527 quoquc
847 2434 1023 2507 blanditiis
1045 2437 1081 2507 in
1105 2439 1224 2534 ipsius
1245 2443 1296 2514 do

216 2559 298 2629 mini
319 2568 476 2652 promota
496 2558 709 2648 coniugium3
733 2559 825 2629 unde
846 2559 940 2629 lesse
956 2571 1056 2651 pater
1076 2564 1232 2654 prodiit,
1247 2588 1296 2662 per

218 2702 256 2752 se
276 2681 389 2773 ipsum
410 2679 548 2750 obscuri
570 2679 625 2749 vir
641 2681 800 2751 nominis.
819 2683 936 2776 lpsum
949 2705 1091 2775 quoque
1110 2688 1216 2761 lesse
1229 2691 1296 2784 quis

217 2815 350 2888 nosset,
374 2803 442 2874 nisi
461 2815 601 2897 propter
613 2804 690 2875 eins
712 2803 819 2875 filium
840 2806 976 2877 David‘.l
996 2808 1070 2878 lmo
1084 2811 1171 2902 quis
1185 2836 1298 2906 quem-

217 2950 322 3022 quam
344 2938 463 3000 nosset
482 2950 615 3012 eorum,
638 2928 706 2998 nisi
726 2939 866 3022 propter
887 2929 1075 3013 Christum,
1097 2953 1145 3002 ex
1167 2936 1296 3006 illorum

219 3052 333 3124 radice
351 3055 581 3143 surgentem?
601 3053 754 3137 Quorum
776 3051 941 3142 originem
962 3063 1134 3144 quantum
1159 3080 1297 3151 sperne-

219 3197 270 3259 re,
293 3184 491 3268 quantoque
515 3197 593 3246 oum
621 3176 812 3258 stomacho,
831 3187 867 3245 ct
887 3173 994 3245 filium
1010 3175 1077 3245 lsai
1100 3188 1138 3248 et
1161 3203 1296 3252 servum

220 3319 322 3369 suum
343 3297 459 3368 dicere
486 3297 619 3369 solebat
643 3299 718 3393 ipsc
744 3299 823 3367 Saul
850 3298 1073 3391 compatriota
1102 3305 1294 3396 superbior,

219 3419 411 3490 novissima
444 3421 523 3493 licet
553 3420 679 3490 familia
709 3421 823 3491 editus
857 3421 1008 3491 minimae
1034 3421 1150 3494 tribus
1180 3428 1295 3510 lsrael,

220 3542 379 3633 quisquis
411 3566 533 3634 regum
560 3542 665 3613 libros
700 3545 831 3633 legerit,
863 3544 1025 3615 inveniet.
1061 3545 1143 3637 lpse
1179 3551 1295 3630 David,

220 3665 381 3755 quamvis
402 3665 542 3735 eximiae
563 3666 702 3736 virtutis
723 3678 827 3759 atque
847 3666 1050 3737 excellentis
1077 3667 1225 3760 ingenii,
1252 3684 1298 3743 ta-

223 3808 300 3857 men
326 3787 603 3859 adolescentulus
629 3799 749 3879 pastor
773 3798 861 3873 erat,
885 3790 1024 3883 quando
1043 3803 1099 3861 est
1119 3796 1257 3867 electus
1280 3819 1297 3866 a

221 3909 376 3995 Domino,
396 3921 430 3982 et
448 3910 606 3982 sublatus
623 3910 661 3979 dc
680 3914 831 4004 precibus
853 3916 980 4002 ouium,
998 3922 1037 3983 ut
1057 3915 1136 4008 ipse
1157 3921 1295 4004 fatetur,

220 4041 255 4101 et
271 4031 309 4100 de
327 4037 550 4126 postfoetantes
570 4044 731 4127 acceptus
751 4035 784 4103 in
803 4056 933 4128 regem,
958 4036 1054 4128 pavit
1071 4038 1184 4112 lsrael
1207 4043 1298 4114 inno

221 4156 334 4227 centia
353 4157 468 4227 cordis
491 4158 554 4227 sui.
571 4158 623 4228 An
637 4160 778 4254 Moyses
799 4162 886 4230 forte
906 4159 1060 4244 nobilior,
1084 4165 1232 4254 quando
1251 4164 1299 4235 vi-

223 4279 354 4349 sionem
375 4280 466 4350 illam
488 4281 575 4352 vidit
596 4281 671 4352 rubi
693 4280 846 4353 ardentis
865 4293 900 4352 ct
917 4281 1138 4369 incombusti,
1161 4285 1299 4379 qnando

223 4409 272 4470 tot
292 4402 523 4494 prodigiorum
548 4407 656 4497 signis
677 4406 869 4478 illustratus
890 4408 935 4479 ad
952 4406 1173 4481 liberandum
1194 4435 1299 4511 popu-

224 4523 292 4592 lum
308 4525 532 4597 lsraeliticum
548 4530 716 4600 servitute
730 4531 943 4625 AEgyptiaoa‚
960 4532 1031 4602 Deo
1046 4526 1205 4620 iubente,
1226 4559 1299 4632 pro
