2692 5024
423 807 610 872 souuerse!
629 806 835 871 PETRARCAE
864 891 865 895 Ἰ

233 1019 304 1095 DE
358 1015 543 1098 REBUS
598 1016 1024 1097 FAMILIARIBUS

410 1224 565 1294 LIBER
605 1222 847 1307 QUARTUS.

592 1474 666 1486 a

523 1717 698 1783 nussum
718 1720 738 1783 l.

262 1908 455 1959 FRANCISCUS
474 1912 641 1961 persancti
660 1909 835 1960 Funucrsco
852 1911 998 1962 DIONYSIO

331 2008 350 2055 A
368 2007 474 2057 BURGO
491 2008 604 2057 sunem
621 2009 794 2057 SEPULCHRI
811 2011 837 2058 S.
856 2011 883 2058 P.
903 2011 931 2059 Ι).

340 2187 379 2242 De
393 2206 444 2243 suo
458 2189 486 2242 in
501 2190 621 2242 Montem
634 2190 786 2244 Ventosum
800 2208 924 2246 ascensu.

92 2483 95 2489 Ι
188 2397 408 2467 ditissimum
429 2395 580 2489 regionis
597 2396 701 2467 huius
718 2406 883 2483 montem,
897 2419 1001 2491 quem
1019 2419 1088 2470 non
1106 2399 1171 2470 im-

88 2520 211 2592 merito
230 2519 422 2591 Ventosum
439 2528 578 2603 vocant,
596 2517 764 2591 hodierno
781 2520 849 2605 die,
870 2523 944 2593 sola
959 2521 1102 2593 videndi
1118 2523 1171 2594 in·

90 2641 226 2733 signem
239 2641 304 2712 loci
317 2640 530 2713 altitudinem
547 2641 734 2737 cupiditate
751 2642 893 2728 ductus,
912 2642 1064 2716 ascendi.
1082 2645 1172 2717 Mul-

89 2764 135 2834 tis
157 2763 219 2834 iter
238 2763 303 2835 hoc
323 2765 422 2834 annis
444 2764 478 2835 in
499 2765 613 2836 animo
633 2766 756 2836 fuerat.
778 2763 833 2835 Ab
848 2764 990 2839 infantia
1005 2767 1097 2839 enim
1115 2766 1171 2843 his

89 2886 125 2956 in
146 2886 242 2968 locis,
265 2896 303 2956 ut
324 2886 428 2970 nosti,
448 2890 518 2959 fato
536 2908 593 2958 res
611 2887 790 2958 hominum
806 2899 986 2968 versante,
1005 2899 1169 2961 versatus

89 3031 179 3081 sum.
193 3008 294 3080 Mons
307 3020 421 3080 autem
435 3010 499 3095 hio,
514 3012 582 3081 late
595 3008 747 3103 undique
760 3019 977 3103 conspectus,
991 3012 1064 3081 fere
1079 3031 1170 3081 sem-

88 3153 151 3223 per
175 3133 209 3201 in
233 3131 343 3202 oculis
367 3141 430 3201 est.
453 3132 552 3224 Cepit
571 3133 719 3224 impetus
746 3130 884 3203 tandem
910 3129 1095 3224 aliquando
1120 3133 1172 3204 fa·

89 3275 169 3325 cere
188 3254 282 3346 quod
302 3253 456 3347 quotidie
476 3254 661 3326 faciebam:
682 3255 858 3350 praecipue
878 3265 1062 3350 postquam
1083 3258 1172 3329 rele-

91 3378 186 3472 genti
208 3378 318 3473 pridie
339 3400 396 3450 res
424 3399 586 3450 romanas
611 3377 704 3471 apud
729 3377 876 3462 Livium,
904 3379 990 3450 sorte
1009 3378 1066 3452 ille
1086 3378 1171 3452 mihi

90 3506 188 3576 locus
209 3512 409 3575 occurrerat
427 3500 487 3574 ubi
508 3500 686 3595 Phiiippus
706 3500 934 3574 Macedonum
956 3524 1032 3587 rex,
1055 3503 1085 3573 is
1111 3503 1171 3595 qui

89 3649 168 3697 cum
202 3628 330 3720 populo
357 3646 498 3696 romano
523 3623 652 3696 bellum
679 3622 803 3716 gessit,
831 3625 992 3696 Haemum
1018 3633 1171 3696 montem

90 3749 328 3821 Thessalicum
350 3748 564 3828 conscendit,
587 3769 607 3818 e
628 3748 729 3819 cuius
750 3747 880 3819 vertice
900 3747 970 3819 duo
991 3746 1099 3818 maria
1118 3746 1172 3817 vi-

89 3872 174 3957 deri,
194 3871 430 3944 Hadriaticum
442 3883 477 3943 et
489 3871 677 3956 Euxinum,
696 3874 787 3943 fama
809 3869 1016 3954 crediderat,
1040 3890 1171 3940 verone

89 4016 135 4066 an
159 3996 255 4080 falso,
284 3997 368 4067 satis
393 3993 559 4089 comperti
584 3993 669 4065 nihil
693 3992 828 4064 habeo:
854 3993 948 4084 quod
971 4003 1006 4062 et
1030 4011 1171 4064 mensa

90 4129 211 4191 nostro
232 4118 316 4189 orbe
343 4126 513 4200 semotus,
540 4127 575 4188 et
601 4115 805 4209 scriptorum
831 4114 1006 4186 dissensio
1030 4112 1170 4185 dubiam

90 4263 166 4312 rem
183 4239 273 4313 facit.
291 4241 341 4310 No
360 4249 504 4309 cunctos
521 4239 697 4320 evolvam,
710 4235 923 4328 Pomponius
937 4235 1025 4307 Mela
1037 4257 1184 4310 cosmo-⁰

90 4364 248 4458 graphus
263 4363 313 4433 sic
324 4381 416 4446 esse,
432 4358 516 4430 nihil
534 4358 717 4444 haesitans,
734 4360 853 4430 refert:
868 4359 964 4429 Titus
979 4358 1099 4431 Livius
1110 4360 1173 4431 sai-

92 4508 168 4558 sam
188 4487 315 4558 famam
335 4485 505 4582 opinatur.
525 4481 624 4566 Mihi,
638 4479 669 4553 si
684 4491 926 4581 tamprompta
938 4481 1064 4556 montis
1079 4481 1171 4555 illius

219 4618 235 4655 r.
985 4603 1017 4656 13
