2692 5024
178 597 219 661 26
436 606 604 667 mm!
623 606 802 659 sitnm
820 605 1000 659 ΜΔΝ).

180 754 265 828 mibi
296 752 510 847 vivendique
540 774 634 837 unus
667 750 726 847 (nt
755 752 930 848 auguror)
946 751 1043 826 ¹linis
1077 754 1155 827 erit.
1187 756 1258 831 Sed

179 900 261 953 cum
295 886 428 951 crebra
461 898 547 949 suos
578 873 666 949 lines
700 886 762 947 ant
791 872 965 961 babeam,
999 884 1061 947 aut
1095 886 1254 975 sperent,

180 1000 287 1075 buius
309 997 439 1095 operis,
466 997 561 1093 quod
580 997 731 1093 sparsim
755 996 824 1071 sub
846 997 997 1091 primum
1016 998 1257 1073 adolescentie

181 1134 317 1218 tempus
341 1120 531 1215 mooeptum
557 1119 627 1193 mm
654 1128 760 1193 erote
786 1119 982 1214 provectior
1008 1120 1189 1213 recolligo,
1221 1134 1268 1197 et-

180 1245 218 1319 iu
235 1244 316 1319 libri
334 1247 480 1317 sormam
500 1240 633 1334 redigo,
647 1242 791 1341 ‚nubum
810 1238 916 1315 duem
934 1241 1124 1315 amicorum
1142 1244 1259 1319 cbari-

181 1380 237 1444 tas
269 1366 432 1462 spondet,
465 1364 594 1459 quibus
627 1364 770 1439 assidue
802 1364 1012 1461 respondere
1049 1368 1258 1461 compellor:

182 1514 294 1587 neqm
312 1512 369 1563 mc
386 1510 542 1583 unquam
560 1487 627 1561 boc
644 1487 775 1561 tributo
793 1487 975 1582 multiplex
993 1488 1259 1583 occupationum

180 1611 362 1687 excusatio
385 1609 520 1685 liberat.
547 1610 635 1683 Tum
659 1610 801 1685 ἀειιιιιιιι
830 1620 867 1685 et
896 1611 983 1685 mibi
1006 1610 1257 1687 immunitatem

181 1735 287 1809 huius
307 1733 462 1807 muueris
481 1732 680 1828 quesitam,
705 1744 741 1807 et
765 1734 847 1809 huic
865 1733 961 1829 operi
978 1733 1131 1829 positum
1154 1734 1259 1809 linem

182 1856 281 1946 scito,
312 1878 393 1941 cum
425 1878 482 1929 me
512 1856 728 1944 debmonrm,
753 1868 790 1933 et
812 1856 947 1932 cunetis
970 1856 1055 1933 vitre
1078 1857 1259 1933 laboribus

183 1979 382 2055 absolutum
400 1980 553 2055 noveris.
574 1979 716 2055 iuterim
734 1980 800 2055 iter
823 1980 997 2075 iuoeptum
1022 2002 1164 2075 squar,
1189 2002 1260 2055 nou

183 2102 281 2199 prius
299 2102 369 2179 nie
387 2124 494 2198 ᾳιιιιιιι
510 2101 598 2179 lucis
613 2100 749 2177 exitum
767 2102 968 2197 opperiens;
979 2112 1016 2175 et
1030 2102 1157 2197 quietis
1173 2102 1259 2177 mibi

100 2286 103 2291 .
182 2229 258 2301 loco
280 2225 386 2302 fuerit
407 2225 520 2299 dulcis
539 2224 648 2299 labor.
669 2225 840 2299 cccrum
862 2224 973 2319 (quod
991 2235 1028 2299 et
1045 2226 1202 2299 rhetores
1223 2235 1261 2299 et

183 2348 350 2423 bellorum
370 2350 478 2424 duces
499 2347 625 2444 solent)
647 2346 894 2420 infirmioribus
915 2347 951 2419 in
970 2344 1122 2421 mffluu'n
1144 2350 1260 2423 conie-

183 2474 261 2559 ctis,
279 2472 372 2547 dabo
391 2492 547 2565 operam,
565 2481 604 2542 ut
620 2470 710 2544 siout
725 2471 838 2566 prime
853 2470 933 2543 libri
947 2472 1061 2556 frons,
1079 2471 1130 2544 sic
1143 2484 1261 2547 extre·

184 2615 241 2665 ma
261 2593 352 2665 acies
372 2590 533 2664 virilibus
554 2592 734 2664 sententiis
754 2592 856 2665 firma
876 2593 944 2666 sit:
969 2596 1024 2667 vel
1048 2617 1093 2666 eo
1112 2596 1260 2689 amplius

184 2733 254 2804 quo
273 2711 424 2784 vivendo
443 2711 557 2802 magis
575 2734 616 2783 ac
631 2712 745 2805 magis
764 2713 964 2788 induruisse
982 2714 1119 2800 videor,
1140 2726 1262 2789 contra

184 2830 333 2924 impetus
366 2841 469 2927 atquc
501 2832 645 2905 iniurias
676 2836 834 2907 lortuuae.
867 2837 1021 2931 Denique
1060 2837 1140 2930 quis
1172 2838 1261 2911 inter

183 2952 421 3049 experimenta
437 2978 561 3028 rerum·
571 2955 639 3028 sim
653 2956 791 3031 iuturus
807 2959 961 3053 profiteri
977 2959 1118 3033 minime
1135 2961 1259 3033 ausim.

185 3079 254 3152 Sed
279 3079 344 3152 hoc
368 3078 482 3152 auimo
508 3100 586 3153 sum
611 3090 651 3151 ut
675 3081 759 3153 nulli
779 3083 927 3178 emplius
952 3084 1002 3157 rei
1024 3083 1258 3158 succumbam.

463 3279 495 3343 st
511 3281 625 3345 tractus
642 3280 782 3346 illabatur
798 3282 897 3361 orb'Is,

465 3379 656 3460 impavidum
671 3381 781 3444 ferient
796 3383 906 3446 ruinae.

185 3571 236 3644 lta
249 3593 304 3642 me
315 3570 466 3642 Maronis
480 3572 661 3666 Flaccique
681 3572 858 3645 sententiis
872 3583 1042 3644 armatum
1057 3574 1155 3660 scito,
1171 3597 1259 3668 quas

183 3696 265 3768 olim
285 3697 405 3780 lectas,
431 3705 466 3764 et
489 3715 583 3789 saepe
608 3696 780 3778 laudatae,
807 3719 898 3767 nunc
918 3696 1058 3769 taudem
1084 3698 1119 3767 iu
1143 3709 1260 3772 extre·

186 3819 250 3890 mis
276 3816 416 3890 casibus
440 3840 536 3889 meas
562 3821 673 3890 faeere
698 3817 774 3910 ipsa
794 3816 1004 3890 inevitabilis
1029 3820 1088 3891 fati
1108 3820 1259 3894 uecessi-

186 3951 253 4013 tate
273 3941 388 4015 didici.

282 4067 388 4138 Dulce
417 4064 502 4135 mibi
527 4063 734 4158 colloquium
766 4074 875 4135 mum
902 4064 980 4136 luit:
1006 4067 1200 4160 cupideque
1222 4077 1257 4136 et

184 4186 284 4275 quusi
304 4189 347 4258 de
366 4188 537 4261 industria
561 4197 782 4280 protractum.
803 4187 944 4258 Vultum
967 4187 1061 4259 euim
1087 4197 1185 4259 tuum
1205 4211 1260 4261 re-

187 4304 273 4388 tulit,
301 4330 361 4399 per
387 4322 437 4382 tot
462 4323 571 4383 terras
600 4321 635 4380 ct
663 4310 785 4394 maria,
813 4321 915 4403 teque
940 4309 1026 4380 mihi
1050 4322 1259 4401 preeseutem

185 4426 263 4497 lecit
281 4448 392 4519 usquc
412 4432 457 4503 ad
478 4454 678 4523 vesperam:
698 4456 776 4503 cum
804 4431 971 4503 rnatutino
997 4443 1149 4523 tempore
1169 4436 1260 4507 cala-
