2692 5024
395 672 488 722 umen
508 671 653 730 omnrus.
665 670 870 720 -mrsrom
893 673 966 721 nvn.
1163 662 1223 726 295

142 835 244 898 nova,
259 814 306 885 ab
324 815 482 886 externis
494 816 540 888 ad
553 824 673 886 nostra
687 814 935 905 transgrediar,
951 816 1040 887 duos
1058 839 1125 911 ego
1138 822 1220 892 novi

140 938 291 1031 pictores
302 936 477 1029 egregios,
497 960 561 1009 neo
578 940 766 1010 formosos:
781 939 906 1009 lottum
925 939 1159 1014 Florentinum
1171 943 1221 1016 oi-

139 1081 234 1144 vem,
261 1061 362 1131 ouius
388 1060 478 1131 iuter
502 1061 690 1133 modernos
710 1062 802 1132 lama
823 1060 948 1151 ingens
966 1072 1037 1148 est,
1050 1075 1088 1135 et
1107 1066 1220 1140 Simo

138 1203 218 1253 uem
232 1182 434 1254 Seueusem.
449 1183 537 1254 Novi
552 1184 745 1277 sculptores
765 1182 910 1277 aliquot,
931 1184 995 1256 sed
1011 1187 1156 1261 minoris
1169 1191 1220 1262 la-

139 1323 223 1387 mae3
243 1325 286 1375 eo
305 1304 399 1376 enim
412 1305 447 1375 in
465 1326 593 1396 genere
610 1305 722 1399 impar
734 1327 881 1400 prorsus
901 1316 958 1390 est
977 1319 1098 1380 nostra
1117 1321 1216 1383 aetas

138 1426 310 1497 Caeterum
331 1437 366 1498 et
385 1428 453 1500 hoo
470 1426 554 1513 vidi,
572 1437 609 1498 et
628 1428 673 1500 de
692 1427 823 1522 quibus
842 1431 992 1502 fortasse
1011 1433 1101 1503 alius
1117 1435 1216 1526 plura

136 1548 273 1620 dioeudi
294 1552 391 1622 locus
411 1551 563 1632 dabitur;
584 1572 690 1644 opera
707 1550 925 1643 singulorum
946 1552 992 1625 ab
1016 1554 1218 1628 auctoribus

137 1673 212 1742 suis
229 1673 376 1743 multum
397 1672 593 1745 differentia
614 1677 786 1766 longeque
811 1675 988 1747 distantia.
1016 1678 1051 1747 Si
1076 1679 1155 1771 quis
1173 1679 1220 1750 ab

136 1794 188 1864 eis
204 1814 346 1866 eausam
367 1804 558 1888 quaereret,
577 1795 839 1889 responderent,
867 1807 963 1890 puto,
991 1822 1060 1871 non
1081 1811 1120 1872 ut
1136 1801 1217 1873 olim

135 1918 284 1989 Manlius
297 1918 415 2010 pictor,
431 1919 490 2011 qui
507 1918 553 1990 ab
565 1918 685 1991 amieis
698 1918 935 2010 interrogatus
948 1943 1053 2015 super
1065 1944 1215 2006 coenam,

134 2062 197 2112 our
222 2051 292 2111 tam
318 2042 491 2113 delormes
524 2040 613 2114 filios
638 2042 829 2133 genuisset,
851 2065 931 2113 oum
953 2054 1022 2114 tam
1055 2043 1218 2137 pulchras

135 2161 267 2255 figuras
289 2163 463 2256 pingeret;
490 2163 572 2256 quia
598 2163 632 2232 in
658 2166 749 2246 luoe,
778 2164 898 2257 iuquit,
929 2167 1046 2258 pingo,
1067 2167 1101 2236 in
1122 2178 1217 2238 tene-

134 2283 206 2356 bris
228 2284 332 2377 lingo.
360 2287 482 2356 Faoeta
504 2285 690 2378 responsio
709 2285 815 2365 illius;
836 2285 960 2357 horum
975 2287 1101 2371 verior,
1117 2289 1146 2358 si
1163 2288 1218 2360 di-

134 2418 269 2490 cerent,
290 2416 326 2478 et
345 2408 491 2477 formam
508 2407 664 2501 corporis
697 2416 734 2477 et
766 2407 957 2499 ingenium,
991 2428 1072 2501 quae
1103 2411 1214 2479 torma

134 2538 189 2598 est
221 2528 358 2614 animae,
395 2530 487 2601 uude
520 2552 626 2623 opera
658 2530 735 2601 haec
765 2526 848 2622 'quae
882 2529 1065 2603 laudamus
1095 2531 1218 2601 aomi-

135 2673 261 2737 ramur,
297 2655 394 2723 velut
414 2673 435 2723 e
455 2655 563 2736 sonte,
592 2654 806 2746 prooedunt,
834 2674 978 2725 munera
1011 2653 1072 2724 Dei
1104 2654 1217 2725 omni-

134 2774 283 2866 potentis
296 2795 386 2857 esse,
401 2796 471 2845 uon
488 2773 679 2861 hominum,
703 2788 739 2848 et
755 2777 924 2848 sumenda
949 2796 1029 2848 esse
1053 2798 1124 2848 non
1141 2785 1217 2848 tau-

135 2906 205 2966 tum
226 2914 328 2989 aequo
349 2898 465 2970 sedet
485 2909 585 2988 grato
605 2901 732 2982 animo,
754 2921 817 2970 seu
838 2899 969 2990 largius
990 2898 1217 2992 provenerint

134 3040 196 3089 seu
225 3022 376 3114 parolus3
414 3043 493 3091 oum
530 3022 681 3112 gratuita
711 3022 793 3102 sint,
828 3032 864 3090 ot
894 3022 1085 3090 humanum
1112 3019 1216 3090 meri-

132 3152 204 3212 tum
223 3164 362 3237 semper
382 3144 564 3214 excedant.
586 3144 655 3214 Neo
675 3142 721 3213 ab
745 3141 884 3211 homine
909 3141 1020 3233 quaeri
1046 3141 1213 3211 rationem

130 3274 296 3357 oportere,
315 3286 378 3335 cur
400 3269 479 3360 plus
506 3263 668 3336 minusve
697 3264 828 3356 aliquid
855 3264 901 3333 ab
930 3264 988 3334 illo
1014 3262 1214 3348 linteolus

131 3387 292 3457 voluntas
312 3386 389 3481 ipsa
409 3396 465 3458 est
494 3388 582 3458 ratio
603 3408 741 3458 summa
769 3397 804 3458 et
824 3387 1089 3472 inaccessibilis
1112 3387 1213 3459 etad

131 3530 234 3600 quam
252 3511 381 3581 frustra
403 3534 466 3604 per
486 3533 524 3582 se
538 3511 653 3604 ipsum
667 3510 788 3582 nititur
800 3509 976 3582 humanus
994 3509 1101 3581 labor.
1123 3509 1212 3591 Quia

131 3640 261 3722 quanto
288 3632 417 3704 accedet
449 3637 544 3706 bomo
577 3633 621 3705 att
652 3656 708 3704 cor
739 3636 856 3719 altum,
885 3643 981 3706 tanto
1006 3631 1211 3700 enoltobitor

131 3753 232 3839 Dens,
253 3765 289 3826 et
305 3759 469 3828 mortales
487 3758 633 3829 intuitus
654 3756 789 3830 consilii
811 3757 864 3827 sui
882 3753 1117 3850 prolunditate
1138 3753 1212 3823 lru-

130 3875 306 3949 strabitur.
326 3880 362 3948 ln
385 3880 474 3951 hano
493 3902 561 3971 ego
574 3880 817 3962 narrationem,
832 3901 911 3949 oum
930 3875 1110 3969 praeterire
1129 3894 1210 3967 pos-

129 4019 212 4082 sem,
236 4012 359 4095 sponte
379 4001 494 4087 incidi,
530 4023 611 4093 quae
630 4023 673 4073 oo
695 4008 841 4095 spectat,
856 4021 900 4068 ne
916 3997 1050 4068 mireris
1072 3997 1102 4067 si
1124 3996 1208 4066 milri

128 4142 268 4215 quoque
282 4123 475 4214 contigerat
486 4134 524 4194 ut
536 4122 716 4216 pulchram
732 4119 920 4191 scriberem
934 4117 1125 4209 epistolam,
1138 4126 1210 4187 tur-

127 4243 182 4333 pis
210 4266 292 4336 ego:
319 4255 355 4315 et
376 4245 405 4313 si
422 4244 457 4314 iu
473 4266 528 4327 ea,
547 4252 587 4312 ut
605 4242 762 4332 Gregorii
783 4241 894 4312 verbo
916 4249 1010 4322 utar,
1036 4240 1210 4330 poletrum

127 4365 271 4459 depinam
290 4368 468 4448 bominem,
487 4365 596 4456 pictor
610 4362 726 4455 soedus.
745 4362 892 4434 Proinde
911 4362 1046 4454 species
1067 4383 1119 4446 ea,
1139 4384 1209 4454 qua

128 4510 267 4562 sorores
290 4509 373 4560 suas
395 4487 450 4559 illa
467 4484 644 4569 vinoebat,
664 4494 701 4556 et
717 4482 782 4557 sibi
801 4483 982 4577 pereundi,
1000 4493 1037 4557 et
1049 4482 1210 4556 mihido·
