2692 5024
321 704 412 753 uranu
436 702 794 754 ruerus-errarunt
816 705 891 754 xxu.
1084 693 1142 754 189

424 1004 428 1013 ·
467 983 645 1050 ucrsrnua
669 960 748 1048 xxrr.

241 1209 435 1261 ralnclsctts
456 1210 624 1261 parathen
646 1212 748 1261 uallo
769 1211 829 1261 SUO
850 1213 877 1262 S.
895 1213 922 1262 P.
941 1213 971 1261 lt.

211 1398 253 1453 Dc
266 1397 363 1461 cadem
377 1416 407 1454 re
421 1400 500 1454 cuius
512 1400 542 1455 in
555 1401 690 1473 superiori
703 1401 820 1473 epistola
831 1418 923 1458 sermo
935 1401 1002 1457 fuit:

402 1487 493 1560 doque
506 1489 577 1543 mira
590 1488 754 1560 eloquentia·
767 1489 803 1543 vi.

165 1709 256 1794 Quid
276 1709 336 1782 tihi
357 1710 412 1781 vis
432 1710 569 1783 dicam‘l
589 1709 647 1783 Sic
664 1720 729 1796 est,
751 1721 789 1782 ut
805 1711 982 1784 audieram
999 1719 1035 1784 et
1050 1712 1145 1804 lege·

67 1857 153 1907 ram.
174 1832 312 1904 Nullum
330 1840 385 1903 cst
401 1842 470 1903 tam
488 1852 650 1926 asperum
668 1832 857 1923 ingenium,
871 1833 967 1926 quod
984 1855 1053 1906 non
1070 1854 1146 1903 mo-

67 1978 145 2027 rum
178 1952 434 2047 verborumque
461 1952 643 2027 dulcedine
675 1953 864 2046 mitigetur.
886 1954 942 2026 Sic
960 1953 1145 2028 Africanus

67 2099 169 2150 meus
186 2077 242 2148 ille
261 2077 419 2170 superior
438 2077 633 2173 Syphacem
646 2099 764 2168 regem
778 2076 962 2150 barbarum
977 2088 1090 2171 atque,
1106 2088 1144 2150 ut

66 2199 156 2271 Livii
176 2198 294 2271 verbis
316 2209 407 2282 utar,
429 2199 584 2271 romanis
610 2199 763 2271 moribus
784 2200 974 2284 insuetum,
996 2209 1032 2271 ct
1050 2199 1146 2295 quod

67 2322 259 2395 mirabilius
285 2323 360 2408 fuit,
387 2321 619 2394 Asdrubalcm
642 2343 781 2416 quoque
807 2321 1146 2414 Carthaginiensium

66 2448 206 2530 ducem,
225 2454 292 2517 non
310 2444 497 2518 barbarum
515 2443 619 2516 modo
632 2444 696 2517 sed
712 2443 816 2517 etiam
829 2443 993 2516 immitem
1012 2444 1145 2517 romani

67 2569 216 2643 nominis
237 2568 424 2654 inimicum,
451 2568 540 2641 inter
564 2567 771 2640 coenandum
798 2566 899 2640 suavi
923 2568 1085 2641 convictu
1109 2577 1148 2641 et

67 2693 157 2765 comi
182 2691 409 2764 mansuefecit
431 2691 593 2785 alloquio.
615 2689 670 2762 Sic
695 2689 802 2762 lulius
827 2691 947 2763 Caesar
966 2691 1146 2788 Amyclam

68 2816 158 2908 algis
174 2824 210 2886 et
228 2814 402 2909 aequorcis
424 2814 558 2908 spumis
577 2835 773 2908 aspersum,
796 2813 997 2908 nudumque
1017 2823 1053 2885 et
1073 2813 1148 2887 ino-

68 2961 148 3032 pem
171 2938 377 3034 piscatorem
399 2948 469 3009 tam
494 2937 617 3008 leniter
643 2936 747 3009 fando
771 2936 876 3032 cepit,
903 2947 937 3008 et
961 2935 1051 3006 illius
1077 2957 1147 3007 cae-

71 3081 180 3133 sareae
199 3059 369 3133 facundiae
395 3057 527 3130 retibus
552 3057 807 3142 circumvolvit,
835 3068 873 3128 ut
897 3055 1050 3127 inaudito
1066 3076 1148 3126 ver-

71 3185 192 3256 borum
215 3205 316 3267 sono,
340 3192 376 3254 ct
392 3180 499 3273 ignoti
520 3179 668 3276 hospitis
688 3177 913 3251 admiratione
936 3199 1146 3272 suspensus,

70 3307 270 3392 confestim,
293 3304 435 3377 iubente
455 3303 526 3388 illo,
548 3302 707 3396 fragilem
728 3312 832 3395 atque
852 3300 1018 3398 imparem
1036 3303 1148 3398 pelagi

74 3429 175 3501 minis
196 3428 356 3525 cymbam
381 3428 426 3500 de
447 3428 510 3499 tuti
536 3426 646 3499 litoris
669 3427 815 3499 statione
841 3426 1061 3513 dissolveret,
1087 3447 1150 3522 pa-

71 3552 238 3646 randique
261 3552 376 3625 studio
395 3553 509 3625 sciens
527 3573 568 3624 ac
582 3552 704 3624 volens
722 3550 767 3623 ad
783 3551 957 3625 interitum
986 3573 1150 3647 propera-

70 3686 134 3748 ret.
155 3674 207 3747 Ac
225 3698 269 3746 uc
291 3697 430 3772 semper
448 3674 630 3748 Africanos
651 3685 686 3747 et
706 3676 862 3749 Caesares
884 3677 1078 3769 loquamur,
1092 3673 1150 3745 ille

71 3797 356 3890 philosophorum
373 3799 534 3895 princeps
549 3800 646 3869 Plato
661 3797 866 3896 Dionysium
883 3796 1064 3868 conciliare
1083 3793 1149 3866 sihi

71 3917 182 4013 potuit
202 3920 426 4016 Syracosium
461 3931 663 4017 tyrannum3
691 3921 900 3993 Archelaum
926 3941 1010 3991 vero
1035 3920 1151 3991 Mace-

69 4043 186 4116 doniae
206 4067 324 4139 regem
338 4044 520 4139 Euripides
537 4054 648 4138 poeta.
667 4044 739 4115 Nec
755 4055 815 4116 aut
831 4043 878 4115 illi
896 4041 1064 4139 tyrannici
1081 4042 1151 4136 spi-

71 4169 159 4239 ritus
193 4167 299 4260 rigor,
340 4178 401 4241 aut
434 4166 513 4238 huic
547 4166 744 4238 immanitas
781 4164 914 4237 obstitit
952 4164 1150 4245 barbariem
1184 4252 1192 4264 Ο

70 4298 256 4382 utramque
272 4288 434 4360 duritiem
453 4286 591 4379 ingenio
607 4295 643 4357 et
655 4286 851 4381 eloquentia
869 4286 1104 4370 molliverunt;
1116 4297 1153 4359 et

70 4412 166 4505 qnod
186 4413 292 4485 huius
313 4412 452 4505 generis
468 4410 582 4483 omnia
602 4420 759 4483 monstra
784 4407 1053 4503 transgreditur,
1074 4432 1153 4484 ora·

72 4546 125 4614 tor
155 4534 377 4629 Aphthonius
410 4555 527 4607 saevos
555 4530 738 4607 carnifices
770 4533 816 4610 ad
848 4556 888 4609 sc
923 4532 1152 4610 occidendum
