2692 5024
136 660 196 723 296
480 670 520 717 lili
542 668 643 719 ussus
663 669 681 717 F
685 668 884 719 autumamus

136 814 228 887 leudi
247 813 311 883 luit
329 811 481 895 occasio,
500 819 539 881 ut
557 811 796 902 intelligerem,
815 831 885 883 non
910 813 1024 883 solum
1046 812 1084 883 in
1102 834 1225 911 corpo

135 936 247 1021 ribus,
266 934 449 1007 sedetiam
467 935 503 1004 in
521 933 712 1027 scripturis,
730 935 958 1005 excellentem
989 935 1144 1007 formam
1173 937 1224 1009 in-

135 1058 272 1130 terdum
289 1078 426 1142 nocere,
445 1068 481 1129 et
499 1055 772 1129 mediocritatem
790 1055 827 1127 in
845 1055 954 1128 rebus
970 1056 1143 1131 omnibus
1163 1082 1224 1134 ex-

135 1181 328 1275 petendam.
337 1179 393 1251 Sic
405 1179 565 1272 epistolae
579 1199 674 1263 meae,
690 1200 794 1271 quarn
809 1177 886 1271 ipse
897 1177 984 1249 mihi
996 1202 1069 1251 nou
1081 1182 1224 1276 adopta-

135 1325 269 1387 veram,
307 1301 370 1373 sed
404 1323 603 1393 genueram,
626 1301 798 1393 pereunti,
827 1311 863 1373 et
884 1312 968 1372 tunc
986 1302 1225 1395 exequiarum

135 1425 236 1519 quasi
257 1424 434 1518 quoddam
455 1445 577 1515 genus,
597 1426 749 1495 lamenta
777 1424 940 1517 persolvi,
971 1435 1007 1495 et
1027 1447 1126 1497 nunc
1155 1448 1226 1498 me-

136 1568 287 1630 morans,
307 1545 585 1618 anniversarium
598 1545 691 1618 diem
704 1568 787 1637 ago,
808 1544 932 1617 dolens
952 1545 1139 1617 demedio
1157 1556 1225 1619 mm

135 1670 203 1741 cito
225 1662 451 1751 subtractam,
474 1677 518 1751 et,
540 1676 579 1741 ut
604 1665 653 1737 ita
673 1666 834 1751 dixerim,
853 1667 888 1737 in
918 1666 1005 1760 ipsis
1035 1668 1225 1741 cunabulis

134 1789 337 1861 extinctam.
367 1789 490 1882 quue
523 1789 639 1860 minus
665 1788 772 1860 liuius
794 1789 843 1860 rei
863 1787 1112 1862 consolabilior
1141 1791 1225 1861 mibi

134 1920 190 1983 est
207 1912 367 2004 querela,
388 1934 459 2005 quo
479 1911 590 1982 minor
609 1922 666 1983 est
679 1932 760 2003 spes
775 1911 820 1984 de
833 1909 925 1981 illius
942 1910 1099 1997 ossibuS,
1120 1912 1224 2006 quasi

134 2034 178 2106 de
198 2033 367 2128 phoenicis
388 2033 578 2118 cineribus,
605 2036 749 2106 alteram
777 2033 980 2106 suscitandi.
1006 2035 1127 2107 Nullae
1147 2037 1222 2109 eius

134 2157 228 2250 apud
251 2179 306 2228 me
327 2157 485 2250 reliquiae
513 2168 768 2229 remanserunt.
799 2158 931 2229 Praeter
960 2180 1096 2231 morem
1130 2162 1222 2232 enirn

134 2301 265 2363 meum,
288 2289 394 2351 totam
415 2281 546 2351 charta
567 2279 798 2364 credideram,
835 2279 1014 2351 memoriae
1034 2281 1137 2353 nihil.
1170 2283 1223 2355 ld·

133 2400 224 2473 oirco
241 2423 306 2472 neo
324 2424 402 2472 eam
429 2401 464 2470 in
490 2401 657 2473 memoria
688 2402 869 2494 requirens
891 2400 1047 2486 invenio,
1080 2426 1149 2477 nec
1171 2407 1222 2475 ul-

134 2525 202 2593 lum
226 2524 414 2614 vestigium
441 2522 602 2594 abeuntis
632 2545 793 2614 agnosco.
828 2524 974 2594 Tantum
996 2524 1082 2598 illud
1101 2536 1218 2609 teneo,

133 2643 270 2715 dulcem
291 2643 376 2714 mihi
394 2645 503 2714 luisse
523 2645 607 2714 dum
630 2645 835 2730 scriberem,
855 2645 1046 2717 dulciorem
1068 2646 1157 2720 duim
1174 2653 1221 2723 le·

132 2785 267 2854 gerem,
284 2764 541 2835 amarissimam
555 2767 640 2837 dum
655 2768 827 2839 recordor.
849 2768 920 2839 Nec
937 2768 1037 2840 aliter
1054 2772 1220 2844 evenisse

132 2907 235 2977 quam
258 2885 287 2956 si
305 2884 362 2957 cui
385 2887 565 2977 soporiferi
591 2890 693 2961 savus
715 2890 828 2961 mellis
855 2889 955 2961 labiis
981 2889 1149 2962 admotus
1167 2914 1220 2963 re-

132 3019 233 3100 pente
254 3009 537 3095 subtraheretur,
565 3022 752 3105 amotaque
772 3012 965 3094 dulcedine,
980 3016 1055 3084 sola
1072 3014 1218 3107 quidem

130 3152 249 3202 amara
261 3129 453 3203 dulcedinis
473 3133 666 3206 recordatio
688 3141 898 3225 superesset.
918 3133 979 3203 llis
997 3155 1065 3225 ego
1082 3138 1220 3226 percul-

130 3275 202 3335 sus,
216 3254 276 3325 diu
289 3276 311 3325 a
324 3254 507 3326 scribendo
520 3256 672 3337 cessavi3
691 3255 934 3328 oderamonim
953 3253 1093 3347 vigilias
1108 3278 1217 3342 meas,

129 3385 164 3445 et
183 3374 287 3444 unius
305 3385 432 3447 eventu
453 3387 600 3449 oaeteras
623 3378 801 3449 metiebar.
821 3377 972 3449 Tandem
1001 3399 1061 3471 per
1089 3390 1221 3451 memet

128 3497 241 3589 ipsum
268 3496 465 3569 admonitus
497 3521 577 3570 esse
610 3501 773 3572 stolidum
807 3500 1001 3584 consilium,
1037 3509 1077 3569 ut
1110 3503 1219 3574 unius

129 3617 299 3709 naufragii
327 3628 421 3690 metu
451 3620 628 3711 navigatio
649 3622 884 3714 relinquatur,
921 3632 982 3692 aut
1004 3622 1109 3693 unius
1135 3626 1220 3696 anni

128 3761 261 3810 memor
281 3750 433 3811 aratrum
447 3740 586 3814 damnet
602 3742 767 3832 agricola,
782 3742 827 3815 ad
840 3745 1012 3814 calamum
1031 3744 1132 3815 redii.
1147 3747 1221 3819 Sed

126 3861 212 3954 quid
232 3860 356 3932 iterum
377 3861 523 3932 facium?
540 3863 694 3953 Epistola
715 3873 774 3934 tua
803 3865 907 3935 etiam
936 3864 1019 3933 mihi
1040 3864 1163 3956 periit,
1185 3879 1220 3940 et

127 3983 286 4055 comitem
307 3995 424 4054 secuta
438 3992 503 4053 est.
518 3984 692 4068 Quantum
716 3988 867 4079 suppetit
884 3987 1063 4069 memoria,
1081 3986 1221 4083 duplex

127 4106 208 4178 inde
228 4105 311 4175 mihi
334 4106 500 4197 gaudium
531 4106 604 4177 init.
635 4107 777 4179 Gaudeo
796 4109 971 4201 equidem,
1008 4121 1046 4179 ut
1062 4133 1143 4183 mos
1162 4125 1221 4187 est

126 4224 315 4310 hominum,
332 4240 443 4299 tecum
459 4230 558 4300 solito
572 4229 757 4321 benignius
772 4253 877 4322 agere
891 4234 1073 4316 fortunam,
1089 4257 1221 4327 quam-

128 4349 183 4418 vis
201 4373 269 4419 non
292 4350 448 4441 ignorem
467 4354 625 4426 frivolam
646 4376 727 4426 osse
747 4354 916 4436 laetitiam,
935 4377 1016 4447 quae
1038 4355 1084 4427 de
1104 4361 1221 4436 lortu·

129 4486 184 4537 nae
197 4467 359 4542 facilitate
379 4473 582 4566 concipitur;
601 4499 683 4570 quae
704 4477 788 4548 uulli
808 4476 950 4549 amicior
968 4499 1129 4570 unquam
1141 4485 1220 4570 fuit,
