2692 5024
419 682 511 731 ttntttt
532 682 655 733 PiillllS·
665 703 705 718 -·
715 685 866 735 ttrlsrottt
889 688 921 735 tt.

552 977 728 1042 EPlSTOLA
754 981 785 1044 n.

205 1190 399 1243 rnnncrsous
416 1190 583 1241 rnrnnncn
599 1191 771 1242 nunnonno
788 1194 987 1246 sornnnnno
1006 1197 1033 1247 s.
1051 1200 1079 1248 e.
1097 1199 1127 1248 n.

167 1387 319 1442 Hominum
333 1386 415 1441 vitam
429 1404 506 1461 aeque
520 1404 552 1442 ac
565 1388 709 1442 flosculum
724 1396 863 1446 momento
883 1392 1017 1465 temporis
1035 1399 1063 1448 et
1080 1394 1169 1449 virere

580 1482 608 1530 et
620 1494 753 1534 urescere.

227 1699 448 1772 Vererimihi
464 1698 732 1795 (necimmerito)
749 1704 848 1775 visus
862 1725 919 1789 es,
938 1727 982 1776 ne
1000 1703 1106 1800 (quod
1132 1708 1204 1777 sere

133 1822 293 1894 omnibus
318 1823 596 1894 adolescentibus
621 1824 754 1920 accidit)
781 1828 893 1897 aetatis
925 1828 1011 1898 flore
1042 1828 1204 1920 decipiar.

134 1947 210 2017 Non
235 1946 419 2037 pollioebor
444 1945 516 2031 tibi,
543 1957 657 2040 pater,
685 1950 837 2018 animum
864 1950 1012 2020 solidum
1033 1972 1074 2020 ac
1100 1950 1206 2020 stabi-

134 2071 214 2151 lem,
236 2069 418 2162 omnisque
443 2070 604 2141 vanitatis
631 2081 789 2140 exortem
818 2069 924 2163 (quod
948 2070 984 2139 in
1011 2072 1076 2143 hac
1101 2082 1205 2143 aetate

133 2192 380 2277 difficillimum,
403 2202 438 2263 et
457 2192 570 2284 potius
596 2191 725 2262 divinae
750 2193 886 2283 gratiae,
914 2216 1018 2284 quam
1042 2194 1205 2266 humanae

134 2314 273 2385 virtutis
294 2313 465 2406 arbitror);
488 2315 551 2385 sed
571 2324 720 2384 mentem
742 2314 1012 2406 haudrpraquam
1034 2335 1109 2384 suae
1124 2338 1206 2385 con-

133 2437 272 2509 ditionis
290 2437 445 2529 ignaram
464 2438 629 2530 spondeo.
648 2438 764 2508 Sentio
781 2460 837 2507 me
857 2435 952 2531 (mihi
969 2435 1099 2529 crede),
1115 2459 1206 2508 nunc

132 2560 214 2631 dum
235 2560 388 2631 maxime
413 2559 537 2631 florere
561 2560 699 2645 videor,
727 2561 879 2631 maxime
905 2560 948 2630 ad
975 2560 1204 2631 arescendum

132 2705 288 2777 pergere.
316 2683 408 2764 Quid
432 2684 467 2752 in
492 2704 530 2752 re
555 2683 734 2754 celerrima
759 2682 927 2774 segnibus
953 2682 1072 2753 verbis
1099 2687 1207 2756 utor?

132 2805 199 2877 imo
234 2825 321 2874 vero
358 2825 560 2896 properare,
595 2803 663 2875 imo
694 2826 853 2888 currere,
897 2804 966 2876 imo
1002 2805 1053 2899 (ut
1084 2807 1206 2899 loquar

131 2927 281 3021 proprie)
300 2930 430 2997 volare.
451 2927 553 2998 Volat
568 2928 660 2998 enim
677 2938 763 3000 aetas
784 2927 834 3022 (ut
851 2928 898 2998 ait
915 2927 1063 3021 Ciceroiz
1081 2939 1117 2998 ot
1133 2950 1206 2999 om-

132 3051 214 3120 nino
234 3050 316 3121 nibil
337 3060 392 3121 est
411 3050 505 3122 aliud
530 3060 666 3145 tempus
692 3052 775 3122 vitae
799 3052 920 3134 huius,
947 3072 1052 3142 quam
1079 3071 1204 3120 cursus

132 3172 177 3245 ad
196 3182 356 3245 mortem:
374 3173 409 3242 in
430 3196 499 3265 quo
522 3174 572 3268 (nt
587 3174 635 3244 ait
654 3172 884 3264 Augustinus)
907 3192 1009 3242 nemo
1026 3172 1084 3241 vel
1100 3172 1204 3265 paulo

132 3308 237 3381 stare,
264 3299 322 3367 vel
341 3296 516 3389 aliquanto
538 3297 668 3368 tardius
686 3296 736 3366 ire
754 3293 974 3389 permittitur,
996 3294 1060 3367 sed
1077 3315 1207 3386 urgen-

133 3431 188 3489 tur
208 3440 330 3490 omnes
352 3419 424 3511 pari
442 3430 548 3505 motu,
564 3441 629 3490 nec
645 3419 787 3491 diverso
804 3418 1030 3511 impelluntur
1048 3439 1203 3490 accessu.

131 3540 253 3634 Neque
272 3543 363 3612 enirn
383 3542 481 3613 cuins
503 3543 575 3614 vita
593 3543 733 3614 brevior
753 3542 828 3628 suit,
852 3542 999 3614 celerius
1026 3542 1118 3613 diem
1140 3541 1205 3611 dn-

131 3665 196 3750 xit,
218 3686 322 3757 quarn
342 3665 399 3735 ille
422 3666 477 3736 cui
498 3664 645 3756 longior;
668 3665 731 3736 sed
744 3689 851 3758 quum
866 3664 1044 3758 aequaliter
1057 3658 1205 3753 aequalia

130 3798 302 3859 momenta
322 3798 527 3881 raperentur
548 3786 732 3872 ambobus,
760 3791 847 3859 alter
872 3786 955 3857 abiit
976 3783 1132 3875 propius,
1156 3780 1206 3849 al-

130 3918 183 3978 ter
195 3910 376 3994 remotius,
391 3932 460 4004 quo
477 3931 546 3980 non
562 3910 684 4004 impari
696 3910 880 3981 velocitate
893 3906 995 3977 ambo
1008 3899 1203 3974 currebant.

129 4028 233 4102 nnud
258 4041 313 4104 est
341 4033 434 4103 enirn
459 4032 605 4125 amplius
631 4032 701 4102 viae
725 4029 925 4123 peregisse,
952 4026 1046 4098 aliud
1072 4022 1204 4094 tardius

129 4153 339 4227 ambulasse.
354 4156 421 4239 Qui
434 4177 518 4247 ergo
534 4177 647 4248 nsque
664 4156 709 4225 ad
726 4162 874 4222 mortem
891 4147 1108 4243 productiora
1127 4167 1207 4238 spa-

130 4275 175 4348 tia
193 4278 358 4370 temporis
380 4277 463 4368 agit,
483 4266 551 4348 non
572 4274 697 4344 lentius
723 4270 850 4364 pergit,
879 4269 943 4341 sed
968 4270 1045 4361 plus
1071 4265 1203 4338 itineris

128 4400 273 4472 conficit.
296 4401 387 4470 Ecce
406 4399 524 4491 quanti
549 4397 619 4470 dno
643 4394 710 4465 viri
734 4394 954 4466 velocitatem
977 4392 1058 4464 vitae
1076 4403 1204 4463 morta-

129 4523 170 4594 lis
190 4522 450 4607 describentes,
474 4525 593 4594 volare
611 4542 689 4593 eam
709 4529 745 4593 ot
760 4540 905 4592 currere
924 4526 1096 4594 asserunt.
1110 4514 1204 4599 Quo
