2692 5024
717 408 726 422 δ

127 667 185 728 444
466 677 506 724 nn
530 676 630 724 nunus
655 674 875 723 rnuruunrnus

125 822 185 918 qui
204 820 288 890 mihi
309 830 389 913 post
408 819 556 912 plurima
577 817 818 912 experimenta
844 816 983 887 virtutis
1010 817 1213 910 acceptissi-

127 965 218 1027 mus,
237 963 302 1012 nee
327 963 383 1011 me
405 939 523 1026 modo,
543 940 606 1011 sed
626 937 727 1009 nobis
748 938 977 1029 dignissimus
999 939 1103 1010 visus
1125 951 1210 1010 erat.

127 1064 334 1157 Itaqueiam
357 1062 414 1133 hic
434 1062 517 1133 mihi
536 1064 699 1132 Socrates
717 1062 803 1130 alter
820 1083 902 1131 esse
920 1072 1092 1154 coeperat:
1109 1061 1211 1144 fides,

129 1185 413 1277 familiaritasque
430 1206 538 1276 prope
555 1183 692 1267 eadem,
707 1182 871 1276 qnodque
887 1183 1133 1255 dulcissimum
1151 1184 1216 1255 ha-

129 1310 189 1382 bet
209 1307 372 1391 amicitia,
391 1306 608 1400 participatio
629 1305 811 1397 utriusque
827 1307 991 1389 fortunae,
1012 1307 1215 1400 apertisque

131 1431 236 1503 animi
253 1429 403 1512 latebris
423 1428 492 1501 fida
511 1427 776 1499 communicatio
796 1437 1020 1498 secretorum.
1034 1427 1215 1509 Quantum

132 1575 215 1626 vero
242 1562 274 1622 te
299 1549 452 1633 amabat,
480 1559 648 1641 quantum
684 1549 805 1620 videre
829 1547 1003 1639 cupiebat,
1032 1573 1139 1643 quem
1164 1551 1216 1621 in-

132 1674 240 1744 ternis
261 1672 369 1743 oculis
391 1672 459 1741 iam
482 1670 639 1754 videbat,
662 1679 830 1763 quantum
858 1671 939 1741 vilae
966 1682 1034 1742 tuae
1061 1673 1215 1744 solicitus

118 1805 219 1879 erat,
235 1795 269 1863 in
288 1795 344 1864 illo
361 1792 499 1888 publico
517 1793 697 1883 naufragio
715 1803 753 1863 ut
771 1793 914 1863 mirarer
930 1793 1020 1888 ipse,
1040 1794 1216 1868 hominem
1278 1784 1284 1798 '

134 1915 346 2008 incognitum
368 1915 416 1985 sic
436 1913 548 1986 amari
567 1935 684 2008 posse.
706 1915 892 2007 Nunquam
911 1915 1099 1987 tristiorem
1119 1918 1218 1988 solito

130 2060 189 2140 ,me
211 2037 312 2122 vidit,
332 2037 415 2129 quin
432 2036 541 2108 amice
561 2037 717 2131 trepidus
737 2037 942 2130 inquireret:
960 2037 1052 2122 Quid
1070 2039 1120 2111 rei
1137 2043 1219 2111 est?

134 2161 227 2245 Quid
246 2159 379 2231 amicus
399 2169 518 2231 noster
538 2160 638 2251 agit?
658 2162 745 2232 Cum
766 2183 851 2232 vero
872 2160 960 2231 bene
982 2170 1016 2230 te
1043 2165 1217 2234 valentem

135 2283 343 2367 audivisset,
366 2292 461 2355 metu
478 2284 601 2377 posito,
620 2282 893 2375 perfundebatur
912 2284 1092 2355 alacritate
1118 2285 1219 2356 mira-

136 2406 206 2476 bili.
225 2408 270 2475 Et
291 2406 347 2477 hic
363 2406 504 2498 quidem
524 2405 630 2499 (quod
648 2405 723 2476 sine
741 2405 857 2475 mullis
876 2405 1025 2476 lacrimis
1043 2429 1114 2478 non
1128 2409 1216 2491 dico,

136 2538 172 2599 04
203 2550 282 2598 cum
315 2529 473 2622 pluribus
501 2529 669 2611 dicerem,
704 2528 770 2598 nisi
805 2528 1084 2620 praecedentibus
1122 2533 1217 2602 malis

137 2650 331 2720 exhaustos
354 2651 459 2719 hosce
481 2653 613 2732 oeulos,
636 2657 741 2740 alque
761 2673 897 2734 omnes,
914 2651 943 2720 si
959 2673 1040 2743 quae
1062 2665 1156 2739 sunt,
1173 2658 1220 2726 la—

137 2772 324 2842 crimarum
340 2770 503 2862 reliquias
519 2771 728 2842 instantibus
743 2776 973 2867 reservarem)
989 2776 1053 2862 hic,
1071 2779 1218 2872 inquam,

138 2893 311 2986 pestilenti
338 2893 472 2978 morbo,
496 2893 556 2986 qui
576 2917 669 2965 nunc
701 2894 819 2965 orbem
848 2901 1043 2991 populatur,
1081 2914 1223 2995 repenle

138 3028 318 3109 correptus
339 3016 384 3087 ad
404 3038 605 3109 vesperam,
628 3027 812 3110 postquam
837 3042 971 3091 coenam
989 3043 1069 3092 cum
1086 3026 1221 3109 amiciS,

140 3153 175 3211 et
198 3140 294 3232 quod
319 3139 451 3210 occidui
484 3142 649 3232 temporis
683 3141 848 3226 restabat,
881 3144 1062 3215 innostro
1091 3156 1225 3219 tantum

143 3285 317 3343 sermone,
336 3274 371 3333 et
391 3263 552 3333 amiciliae
578 3285 763 3358 rerumque
790 3268 987 3336 nostrarum
1013 3290 1226 3341 commemo-

142 3385 274 3453 ratione
296 3397 574 3478 cousumpserat;
596 3397 733 3457 noctem
755 3387 847 3458 illam
869 3389 958 3459 inter
984 3391 1124 3462 dolores
1147 3393 1226 3463 ulti-

143 3527 218 3575 mos
240 3505 467 3595 imperterrito
488 3506 602 3577 animo
629 3509 807 3599 transegit.
835 3511 936 3580 Mane
961 3520 1077 3581 autem
1104 3515 1227 3606 rapida

143 3638 254 3697 morte
276 3627 474 3697 subtractus
495 3640 564 3711 est,
587 3650 628 3698 ac
649 3652 691 3699 ne
712 3630 795 3723 quid
816 3631 860 3702 de
881 3634 1019 3703 funesta
1036 3647 1227 3707 eonsuetu-

143 3751 223 3820 dine
242 3752 426 3833 laxaretur,
448 3750 560 3821 triduo
579 3750 764 3846 inexplet0,
785 3753 877 3824 illum
898 3754 955 3824 filii
973 3758 1157 3851 omnisque
1180 3764 1229 3832 ia-

144 3873 237 3942 milia
257 3873 433 3944 consecuti
455 3881 544 3943 sunt.

244 3996 294 4065 lte
319 4019 421 4078 nunc,
450 3999 625 4081 mortales
653 4010 815 4085 aesluate,
846 4002 1020 4083 anhelate,
1055 4003 1227 4089 laborate,

145 4115 322 4186 circumite
344 4127 453 4188 terras
474 4130 509 4188 04
534 4119 657 4203 maria,
686 4132 817 4193 utnon
846 4135 1026 4195 secuturas
1052 4145 1137 4216 opes
1165 4150 1230 4198 nec

147 4261 348 4309 mansuram
375 4242 520 4331 gloriam
546 4246 740 4315 cumuletis.
769 4248 918 4316 Somnus
944 4256 1000 4317 est
1024 4248 1097 4318 vita
1124 4273 1230 4342 quam

147 4360 320 4450 degimus,
335 4365 553 4457 etquidquid
575 4367 667 4437 inea
686 4369 827 4458 geritur,
849 4370 983 4439 somnio
1003 4370 1231 4443 simillimum.

149 4480 227 4548 Sola
261 4506 355 4554 mers
390 4508 549 4558 somnum
587 4497 623 4558 et
655 4490 789 4560 somnia
821 4489 973 4571 discutit.
1010 4494 1038 4561 Ο
1073 4494 1103 4564 si
1133 4495 1234 4585 prius
