<?xml version="1.0" encoding="UTF-8"?>
<!DOCTYPE html PUBLIC "-//W3C//DTD XHTML 1.0 Transitional//EN"
    "http://www.w3.org/TR/xhtml1/DTD/xhtml1-transitional.dtd">
<html xmlns="http://www.w3.org/1999/xhtml" xml:lang="en" lang="en">
 <head>
  <title>
</title>
<meta http-equiv="Content-Type" content="text/html;charset=utf-8" />
  <meta name='ocr-system' content='tesseract 3.04.00' />
  <meta name='ocr-capabilities' content='ocr_page ocr_carea ocr_par ocr_line ocrx_word'/>
</head>
<body>
  <div class='ocr_page' id='page_1' title='image "./epistolaederebu00fracgoog_0148.png"; bbox 0 0 2692 5024; ppageno 0'>
   <div class='ocr_carea' id='block_1_1' title="bbox 478 651 743 701">
    <p class='ocr_par' dir='ltr' id='par_1_1' title="bbox 478 651 743 701">
     <span class='ocr_line' id='line_1_1' title="bbox 478 651 743 701; baseline -0.008 -1"><span class='ocrx_word' id='word_1_1' title='bbox 478 651 743 701; x_wconf 77' lang='lat' dir='ltr'><strong>Pnotuuonnrton.</strong></span> 
     </span>
    </p>
   </div>
   <div class='ocr_carea' id='block_1_2' title="bbox 106 807 1227 1701">
    <p class='ocr_par' dir='ltr' id='par_1_2' title="bbox 145 807 996 1126">
     <span class='ocr_line' id='line_1_2' title="bbox 147 807 996 880; baseline -0.002 -16"><span class='ocrx_word' id='word_1_2' title='bbox 147 811 287 864; x_wconf 87' lang='lat' dir='ltr'><strong>latronum</strong></span> <span class='ocrx_word' id='word_1_3' title='bbox 301 807 415 863; x_wconf 78' lang='lat' dir='ltr'><strong>insidias</strong></span> <span class='ocrx_word' id='word_1_4' title='bbox 433 809 476 862; x_wconf 80' lang='lat' dir='ltr'><strong>vix</strong></span> <span class='ocrx_word' id='word_1_5' title='bbox 495 808 606 880; x_wconf 79' lang='lat' dir='ltr'><strong>effugit,</strong></span> <span class='ocrx_word' id='word_1_6' title='bbox 621 807 736 862; x_wconf 82' lang='lat' dir='ltr'><strong>adversa</strong></span> <span class='ocrx_word' id='word_1_7' title='bbox 754 808 815 861; x_wconf 80' lang='lat' dir='ltr'><strong>con</strong></span> <span class='ocrx_word' id='word_1_8' title='bbox 834 813 996 877; x_wconf 76' lang='lat' dir='ltr'><strong>tempestate</strong></span> 
     </span>
     <span class='ocr_line' id='line_1_3' title="bbox 148 889 996 964; baseline -0.004 -17"><span class='ocrx_word' id='word_1_9' title='bbox 148 908 221 964; x_wconf 83' lang='lat' dir='ltr'><strong>equo</strong></span> <span class='ocrx_word' id='word_1_10' title='bbox 235 891 375 963; x_wconf 89' lang='lat' dir='ltr'><strong>delapsus,</strong></span> <span class='ocrx_word' id='word_1_11' title='bbox 390 891 479 946; x_wconf 86' lang='lat' dir='ltr'><strong>cruris</strong></span> <span class='ocrx_word' id='word_1_12' title='bbox 497 890 647 945; x_wconf 79' lang='lat' dir='ltr'><strong>offensione</strong></span> <span class='ocrx_word' id='word_1_13' title='bbox 666 889 790 959; x_wconf 88' lang='lat' dir='ltr'><strong>laborat,</strong></span> <span class='ocrx_word' id='word_1_14' title='bbox 809 895 918 946; x_wconf 88' lang='lat' dir='ltr'><strong>noctem</strong></span> <span class='ocrx_word' id='word_1_15' title='bbox 941 890 996 961; x_wconf 84' lang='lat' dir='ltr'><strong>agit</strong></span> 
     </span>
     <span class='ocr_line' id='line_1_4' title="bbox 147 973 994 1046; baseline -0.004 -16"><span class='ocrx_word' id='word_1_16' title='bbox 147 974 199 1031; x_wconf 90' lang='lat' dir='ltr'><strong>sub</strong></span> <span class='ocrx_word' id='word_1_17' title='bbox 218 976 279 1044; x_wconf 89' lang='lat' dir='ltr'><strong>dio,</strong></span> <span class='ocrx_word' id='word_1_18' title='bbox 299 975 364 1029; x_wconf 88' lang='lat' dir='ltr'><strong>inde</strong></span> <span class='ocrx_word' id='word_1_19' title='bbox 382 975 460 1046; x_wconf 89' lang='lat' dir='ltr'><strong>prins</strong></span> <span class='ocrx_word' id='word_1_20' title='bbox 479 974 513 1029; x_wconf 92' lang='lat' dir='ltr'><strong>ad</strong></span> <span class='ocrx_word' id='word_1_21' title='bbox 532 974 718 1029; x_wconf 82' lang='lat' dir='ltr'>Scandianum</span> <span class='ocrx_word' id='word_1_22' title='bbox 737 973 885 1046; x_wconf 89' lang='lat' dir='ltr'><strong>oppidum,</strong></span> <span class='ocrx_word' id='word_1_23' title='bbox 900 978 994 1045; x_wconf 85' lang='lat' dir='ltr'><strong>postea</strong></span> 
     </span>
     <span class='ocr_line' id='line_1_5' title="bbox 145 1056 830 1126; baseline -0.001 -13"><span class='ocrx_word' id='word_1_24' title='bbox 145 1058 298 1126; x_wconf 80' lang='lat' dir='ltr'><strong>Mutinam,</strong></span> <span class='ocrx_word' id='word_1_25' title='bbox 314 1058 465 1113; x_wconf 83' lang='lat' dir='ltr'><strong>Bononiam</strong></span> <span class='ocrx_word' id='word_1_26' title='bbox 478 1062 507 1112; x_wconf 89' lang='lat' dir='ltr'><strong>et</strong></span> <span class='ocrx_word' id='word_1_27' title='bbox 519 1056 657 1113; x_wconf 78' lang='lat' dir='ltr'><strong>Veronam</strong></span> <span class='ocrx_word' id='word_1_28' title='bbox 672 1073 702 1112; x_wconf 89' lang='lat' dir='ltr'><strong>se</strong></span> <span class='ocrx_word' id='word_1_29' title='bbox 715 1056 830 1113; x_wconf 80' lang='lat' dir='ltr'><strong>confert.</strong></span> 
     </span>
    </p>

    <p class='ocr_par' dir='ltr' id='par_1_3' title="bbox 107 1138 1150 1380">
     <span class='ocr_line' id='line_1_6' title="bbox 107 1138 1150 1213; baseline 0.001 -17"><span class='ocrx_word' id='word_1_30' title='bbox 107 1141 222 1197; x_wconf 83' lang='lat' dir='ltr'><strong>Veronae</strong></span> <span class='ocrx_word' id='word_1_31' title='bbox 236 1140 373 1213; x_wconf 75' lang='lat' dir='ltr'><strong>Epistulas</strong></span> <span class='ocrx_word' id='word_1_32' title='bbox 391 1138 531 1195; x_wconf 82' lang='lat' dir='ltr'><strong>Ciceronis</strong></span> <span class='ocrx_word' id='word_1_33' title='bbox 549 1139 709 1195; x_wconf 80' lang='lat' dir='ltr'><strong>Familiares</strong></span> <span class='ocrx_word' id='word_1_34' title='bbox 723 1145 751 1195; x_wconf 87' lang='lat' dir='ltr'><strong>st</strong></span> <span class='ocrx_word' id='word_1_35' title='bbox 764 1141 800 1194; x_wconf 89' lang='lat' dir='ltr'><strong>ad</strong></span> <span class='ocrx_word' id='word_1_36' title='bbox 813 1141 936 1196; x_wconf 87' lang='lat' dir='ltr'><strong>Atticum</strong></span> <span class='ocrx_word' id='word_1_37' title='bbox 954 1157 996 1195; x_wconf 78' lang='lat' dir='ltr'><strong>re</strong></span> <span class='ocrx_word' id='word_1_38' title='bbox 1038 1160 1150 1208; x_wconf 65' lang='lat' dir='ltr'><strong>nautor.</strong></span> 
     </span>
     <span class='ocr_line' id='line_1_7' title="bbox 147 1221 995 1297; baseline -0.001 -17"><span class='ocrx_word' id='word_1_39' title='bbox 147 1229 239 1297; x_wconf 88' lang='lat' dir='ltr'><strong>pertas</strong></span> <span class='ocrx_word' id='word_1_40' title='bbox 258 1225 288 1279; x_wconf 88' lang='lat' dir='ltr'><strong>in</strong></span> <span class='ocrx_word' id='word_1_41' title='bbox 302 1224 393 1278; x_wconf 87' lang='lat' dir='ltr'><strong>lucem</strong></span> <span class='ocrx_word' id='word_1_42' title='bbox 405 1221 525 1295; x_wconf 82' lang='lat' dir='ltr'><strong>profert,</strong></span> <span class='ocrx_word' id='word_1_43' title='bbox 544 1228 573 1277; x_wconf 89' lang='lat' dir='ltr'><strong>et</strong></span> <span class='ocrx_word' id='word_1_44' title='bbox 594 1223 738 1295; x_wconf 86' lang='lat' dir='ltr'><strong>epistolam</strong></span> <span class='ocrx_word' id='word_1_45' title='bbox 761 1224 821 1296; x_wconf 89' lang='lat' dir='ltr'><strong>ipse</strong></span> <span class='ocrx_word' id='word_1_46' title='bbox 843 1225 880 1279; x_wconf 91' lang='lat' dir='ltr'><strong>M.</strong></span> <span class='ocrx_word' id='word_1_47' title='bbox 905 1224 995 1279; x_wconf 89' lang='lat' dir='ltr'><strong>Tullio</strong></span> 
     </span>
     <span class='ocr_line' id='line_1_8' title="bbox 148 1309 865 1380; baseline -0.014 -13"><span class='ocrx_word' id='word_1_48' title='bbox 148 1311 272 1367; x_wconf 81' lang='lat' dir='ltr'><strong>Ciceroni</strong></span> <span class='ocrx_word' id='word_1_49' title='bbox 291 1309 394 1366; x_wconf 80' lang='lat' dir='ltr'><strong>scribit.</strong></span> <span class='ocrx_word' id='word_1_50' title='bbox 859 1369 865 1380; x_wconf 18' lang='grc' dir='ltr'><strong><em>ἡ</em></strong></span> 
     </span>
    </p>

    <p class='ocr_par' dir='ltr' id='par_1_4' title="bbox 106 1391 1227 1701">
     <span class='ocr_line' id='line_1_9' title="bbox 106 1391 1227 1466; baseline -0.004 -15"><span class='ocrx_word' id='word_1_51' title='bbox 106 1395 165 1451; x_wconf 86' lang='lat' dir='ltr'><strong>Sub</strong></span> <span class='ocrx_word' id='word_1_52' title='bbox 179 1396 285 1451; x_wconf 85' lang='lat' dir='ltr'><strong>exitum</strong></span> <span class='ocrx_word' id='word_1_53' title='bbox 298 1394 363 1448; x_wconf 92' lang='lat' dir='ltr'><strong>anni</strong></span> <span class='ocrx_word' id='word_1_54' title='bbox 376 1393 471 1462; x_wconf 91' lang='lat' dir='ltr'><strong>huius,</strong></span> <span class='ocrx_word' id='word_1_55' title='bbox 486 1391 596 1448; x_wconf 86' lang='lat' dir='ltr'><strong>Verona</strong></span> <span class='ocrx_word' id='word_1_56' title='bbox 609 1391 737 1463; x_wconf 82' lang='lat' dir='ltr'><strong>discedit,</strong></span> <span class='ocrx_word' id='word_1_57' title='bbox 751 1410 871 1466; x_wconf 88' lang='lat' dir='ltr'><strong>eumque</strong></span> <span class='ocrx_word' id='word_1_58' title='bbox 881 1395 995 1451; x_wconf 87' lang='lat' dir='ltr'><strong>Guillel·</strong></span> <span class='ocrx_word' id='word_1_59' title='bbox 1037 1409 1227 1460; x_wconf 64' lang='lat' dir='ltr'><strong>massanissa.</strong></span> 
     </span>
     <span class='ocr_line' id='line_1_10' title="bbox 147 1475 994 1548; baseline 0 -15"><span class='ocrx_word' id='word_1_60' title='bbox 147 1495 211 1533; x_wconf 87' lang='lat' dir='ltr'><strong>mus</strong></span> <span class='ocrx_word' id='word_1_61' title='bbox 224 1479 259 1532; x_wconf 88' lang='lat' dir='ltr'><strong>de</strong></span> <span class='ocrx_word' id='word_1_62' title='bbox 273 1478 424 1548; x_wconf 86' lang='lat' dir='ltr'><strong>Pastrengo</strong></span> <span class='ocrx_word' id='word_1_63' title='bbox 438 1475 589 1531; x_wconf 88' lang='lat' dir='ltr'><strong>Piscariam</strong></span> <span class='ocrx_word' id='word_1_64' title='bbox 603 1491 692 1548; x_wconf 87' lang='lat' dir='ltr'><strong>usque</strong></span> <span class='ocrx_word' id='word_1_65' title='bbox 705 1478 862 1533; x_wconf 88' lang='lat' dir='ltr'><strong>comitatur.</strong></span> <span class='ocrx_word' id='word_1_66' title='bbox 877 1478 994 1533; x_wconf 82' lang='lat' dir='ltr'><strong>Arenio·</strong></span> 
     </span>
     <span class='ocr_line' id='line_1_11' title="bbox 147 1559 994 1632; baseline 0 -15"><span class='ocrx_word' id='word_1_67' title='bbox 147 1579 212 1618; x_wconf 91' lang='lat' dir='ltr'><strong>nem</strong></span> <span class='ocrx_word' id='word_1_68' title='bbox 233 1560 332 1616; x_wconf 89' lang='lat' dir='ltr'><strong>deinde</strong></span> <span class='ocrx_word' id='word_1_69' title='bbox 350 1560 464 1632; x_wconf 89' lang='lat' dir='ltr'><strong>repetit,</strong></span> <span class='ocrx_word' id='word_1_70' title='bbox 486 1559 560 1615; x_wconf 89' lang='lat' dir='ltr'><strong>unde</strong></span> <span class='ocrx_word' id='word_1_71' title='bbox 580 1560 681 1616; x_wconf 90' lang='lat' dir='ltr'><strong>alteras</strong></span> <span class='ocrx_word' id='word_1_72' title='bbox 704 1559 740 1615; x_wconf 86' lang='lat' dir='ltr'><strong>ll.</strong></span> <span class='ocrx_word' id='word_1_73' title='bbox 761 1561 852 1617; x_wconf 85' lang='lat' dir='ltr'><strong>Tullio</strong></span> <span class='ocrx_word' id='word_1_74' title='bbox 868 1561 994 1617; x_wconf 83' lang='lat' dir='ltr'><strong>Ciceroni</strong></span> 
     </span>
     <span class='ocr_line' id='line_1_12' title="bbox 150 1645 373 1701; baseline -0.013 0"><span class='ocrx_word' id='word_1_75' title='bbox 150 1646 255 1701; x_wconf 89' lang='lat' dir='ltr'><strong>litteras</strong></span> <span class='ocrx_word' id='word_1_76' title='bbox 269 1645 373 1701; x_wconf 85' lang='lat' dir='ltr'><strong>scribit.</strong></span> 
     </span>
    </p>
   </div>
   <div class='ocr_carea' id='block_1_3' title="bbox 10 1812 1234 2118">
    <p class='ocr_par' dir='ltr' id='par_1_5' title="bbox 10 1812 1234 2118">
     <span class='ocr_line' id='line_1_13' title="bbox 10 1812 994 1886; baseline -0.002 -15"><span class='ocrx_word' id='word_1_77' title='bbox 10 1815 84 1871; x_wconf 75' lang='lat'><strong>13⁴5.</strong></span> <span class='ocrx_word' id='word_1_78' title='bbox 105 1813 150 1868; x_wconf 81' lang='lat' dir='ltr'><strong>Ad</strong></span> <span class='ocrx_word' id='word_1_79' title='bbox 164 1813 348 1868; x_wconf 88' lang='lat' dir='ltr'><strong>Sennnecium</strong></span> <span class='ocrx_word' id='word_1_80' title='bbox 363 1812 414 1867; x_wconf 89' lang='lat' dir='ltr'><strong>Del</strong></span> <span class='ocrx_word' id='word_1_81' title='bbox 428 1813 502 1867; x_wconf 87' lang='lat' dir='ltr'><strong>Bene</strong></span> <span class='ocrx_word' id='word_1_82' title='bbox 516 1813 600 1868; x_wconf 89' lang='lat' dir='ltr'><strong>mittit</strong></span> <span class='ocrx_word' id='word_1_83' title='bbox 613 1812 740 1868; x_wconf 90' lang='lat' dir='ltr'><strong>Italicum</strong></span> <span class='ocrx_word' id='word_1_84' title='bbox 754 1829 876 1884; x_wconf 86' lang='lat' dir='ltr'><strong>carmen,</strong></span> <span class='ocrx_word' id='word_1_85' title='bbox 885 1814 994 1886; x_wconf 78' lang='lat' dir='ltr'><strong>Signor</strong></span> 
     </span>
     <span class='ocr_line' id='line_1_14' title="bbox 139 1913 529 1968; baseline -0.005 -16"><span class='ocrx_word' id='word_1_86' title='bbox 139 1914 209 1963; x_wconf 56' lang='lat' dir='ltr'><strong>‚mro</strong></span> <span class='ocrx_word' id='word_1_87' title='bbox 222 1913 306 1963; x_wconf 79' lang='lat' dir='ltr'><strong>caro,</strong></span> <span class='ocrx_word' id='word_1_88' title='bbox 321 1913 388 1968; x_wconf 75' lang='lat' dir='ltr'><strong>ogm</strong></span> <span class='ocrx_word' id='word_1_89' title='bbox 398 1913 529 1968; x_wconf 83' lang='lat' dir='ltr'><strong>pensaer.</strong></span> 
     </span>
     <span class='ocr_line' id='line_1_15' title="bbox 113 1978 1234 2118; baseline 0.002 -84"><span class='ocrx_word' id='word_1_90' title='bbox 113 1979 264 2118; x_wconf 44' lang='lat' dir='ltr'><strong>lolffissm</strong></span> <span class='ocrx_word' id='word_1_91' title='bbox 292 1979 380 2034; x_wconf 85' lang='lat' dir='ltr'><strong>tilium</strong></span> <span class='ocrx_word' id='word_1_92' title='bbox 408 1996 491 2034; x_wconf 90' lang='lat' dir='ltr'><strong>suum</strong></span> <span class='ocrx_word' id='word_1_93' title='bbox 518 1978 616 2034; x_wconf 89' lang='lat' dir='ltr'><strong>litteris</strong></span> <span class='ocrx_word' id='word_1_94' title='bbox 643 1978 826 2034; x_wconf 90' lang='lat' dir='ltr'><strong>erudiendum</strong></span> <span class='ocrx_word' id='word_1_95' title='bbox 856 1979 993 2036; x_wconf 87' lang='lat' dir='ltr'><strong>Veronam</strong></span> <span class='ocrx_word' id='word_1_96' title='bbox 1037 1998 1130 2079; x_wconf 63' lang='lat' dir='ltr'><strong>³⁰¹i&#39;x.⁴⁷&#39;</strong></span> <span class='ocrx_word' id='word_1_97' title='bbox 1148 1998 1187 2047; x_wconf 87' lang='lat' dir='ltr'><strong>nr,</strong></span> <span class='ocrx_word' id='word_1_98' title='bbox 1205 1999 1234 2043; x_wconf 77' lang='lat' dir='ltr'><strong>ar.</strong></span> 
     </span>
    </p>
   </div>
   <div class='ocr_carea' id='block_1_4' title="bbox 10 2395 1194 3043">
    <p class='ocr_par' dir='ltr' id='par_1_6' title="bbox 10 2395 1179 2471">
     <span class='ocr_line' id='line_1_16' title="bbox 10 2395 1179 2471; baseline -0.002 -19"><span class='ocrx_word' id='word_1_99' title='bbox 10 2397 82 2455; x_wconf 75' lang='lat'>13⁴6.</span> <span class='ocrx_word' id='word_1_100' title='bbox 105 2397 222 2458; x_wconf 88' lang='lat' dir='ltr'><strong>Carolus</strong></span> <span class='ocrx_word' id='word_1_101' title='bbox 234 2398 457 2471; x_wconf 75' lang='lat' dir='ltr'><strong>bureburgensis</strong></span> <span class='ocrx_word' id='word_1_102' title='bbox 469 2399 568 2455; x_wconf 72' lang='lat' dir='ltr'><strong>Laura</strong></span> <span class='ocrx_word' id='word_1_103' title='bbox 586 2397 625 2453; x_wconf 89' lang='lat' dir='ltr'><strong>De</strong></span> <span class='ocrx_word' id='word_1_104' title='bbox 640 2397 711 2454; x_wconf 84' lang='lat' dir='ltr'><strong>Sada</strong></span> <span class='ocrx_word' id='word_1_105' title='bbox 724 2397 844 2452; x_wconf 79' lang='lat' dir='ltr'><strong>frontem</strong></span> <span class='ocrx_word' id='word_1_106' title='bbox 857 2402 886 2452; x_wconf 89' lang='lat' dir='ltr'><strong>et</strong></span> <span class='ocrx_word' id='word_1_107' title='bbox 898 2395 993 2451; x_wconf 90' lang='lat' dir='ltr'><strong>oculos</strong></span> <span class='ocrx_word' id='word_1_108' title='bbox 1035 2413 1080 2450; x_wconf 67' lang='lat' dir='ltr'><strong>nau</strong></span> <span class='ocrx_word' id='word_1_109' title='bbox 1090 2414 1107 2459; x_wconf 78' lang='lat' dir='ltr'><strong>a,</strong></span> <span class='ocrx_word' id='word_1_110' title='bbox 1117 2413 1179 2451; x_wconf 85' lang='lat' dir='ltr'><strong>xrnr.</strong></span> 
     </span>
    </p>

    <p class='ocr_par' dir='ltr' id='par_1_7' title="bbox 147 2480 620 2538">
     <span class='ocr_line' id='line_1_17' title="bbox 147 2480 620 2538; baseline -0.002 -1"><span class='ocrx_word' id='word_1_111' title='bbox 147 2480 327 2538; x_wconf 74' lang='lat' dir='ltr'><strong>observantia</strong></span> <span class='ocrx_word' id='word_1_112' title='bbox 340 2499 424 2538; x_wconf 89' lang='lat' dir='ltr'><strong>causa</strong></span> <span class='ocrx_word' id='word_1_113' title='bbox 435 2483 620 2538; x_wconf 84' lang='lat' dir='ltr'><strong>deosculatur.</strong></span> 
     </span>
    </p>

    <p class='ocr_par' dir='ltr' id='par_1_8' title="bbox 113 2566 1194 2706">
     <span class='ocr_line' id='line_1_18' title="bbox 113 2566 1194 2639; baseline 0.007 -19"><span class='ocrx_word' id='word_1_114' title='bbox 113 2566 173 2621; x_wconf 85' lang='lat' dir='ltr'><strong>llus</strong></span> <span class='ocrx_word' id='word_1_115' title='bbox 187 2583 270 2623; x_wconf 89' lang='lat' dir='ltr'><strong>snum</strong></span> <span class='ocrx_word' id='word_1_116' title='bbox 283 2566 318 2622; x_wconf 91' lang='lat' dir='ltr'><strong>ad</strong></span> <span class='ocrx_word' id='word_1_117' title='bbox 331 2568 437 2624; x_wconf 81' lang='lat' dir='ltr'><strong>fontem</strong></span> <span class='ocrx_word' id='word_1_118' title='bbox 450 2569 554 2639; x_wconf 83' lang='lat' dir='ltr'><strong>Sorgiae</strong></span> <span class='ocrx_word' id='word_1_119' title='bbox 567 2568 734 2639; x_wconf 75' lang='lat' dir='ltr'><strong>elegantiore</strong></span> <span class='ocrx_word' id='word_1_120' title='bbox 747 2568 825 2622; x_wconf 90' lang='lat' dir='ltr'><strong>cultu</strong></span> <span class='ocrx_word' id='word_1_121' title='bbox 838 2568 993 2623; x_wconf 89' lang='lat' dir='ltr'><strong>instauran-</strong></span> <span class='ocrx_word' id='word_1_122' title='bbox 1036 2580 1068 2628; x_wconf 68' lang='lat' dir='ltr'><strong>Br-</strong></span> <span class='ocrx_word' id='word_1_123' title='bbox 1079 2581 1126 2618; x_wconf 69' lang='grc' dir='ltr'><strong>Μ-</strong></span> <span class='ocrx_word' id='word_1_124' title='bbox 1136 2579 1169 2624; x_wconf 83' lang='lat'><strong>¹¹¹·</strong></span> <span class='ocrx_word' id='word_1_125' title='bbox 1179 2585 1194 2617; x_wconf 69' lang='lat' dir='ltr'><strong>a</strong></span> 
     </span>
     <span class='ocr_line' id='line_1_19' title="bbox 146 2650 315 2706; baseline 0.018 -3"><span class='ocrx_word' id='word_1_126' title='bbox 146 2650 215 2705; x_wconf 91' lang='lat' dir='ltr'><strong>dum</strong></span> <span class='ocrx_word' id='word_1_127' title='bbox 228 2657 315 2706; x_wconf 87' lang='lat' dir='ltr'><strong>curat.</strong></span> 
     </span>
    </p>

    <p class='ocr_par' dir='ltr' id='par_1_9' title="bbox 112 2734 1171 2891">
     <span class='ocr_line' id='line_1_20' title="bbox 112 2734 1171 2808; baseline 0.005 -20"><span class='ocrx_word' id='word_1_128' title='bbox 112 2734 168 2789; x_wconf 90' lang='lat' dir='ltr'><strong>Per</strong></span> <span class='ocrx_word' id='word_1_129' title='bbox 180 2734 317 2790; x_wconf 91' lang='lat' dir='ltr'><strong>ieiunium</strong></span> <span class='ocrx_word' id='word_1_130' title='bbox 335 2735 587 2808; x_wconf 86' lang='lat' dir='ltr'><strong>quadragenarium</strong></span> <span class='ocrx_word' id='word_1_131' title='bbox 601 2735 685 2792; x_wconf 90' lang='lat' dir='ltr'><strong>huius</strong></span> <span class='ocrx_word' id='word_1_132' title='bbox 699 2737 776 2807; x_wconf 90' lang='lat' dir='ltr'><strong>anni,</strong></span> <span class='ocrx_word' id='word_1_133' title='bbox 791 2737 876 2792; x_wconf 90' lang='lat' dir='ltr'><strong>libros</strong></span> <span class='ocrx_word' id='word_1_134' title='bbox 889 2737 924 2793; x_wconf 89' lang='lat' dir='ltr'><strong>de</strong></span> <span class='ocrx_word' id='word_1_135' title='bbox 937 2739 992 2794; x_wconf 86' lang='lat' dir='ltr'><strong>vita</strong></span> <span class='ocrx_word' id='word_1_136' title='bbox 1034 2748 1171 2787; x_wconf 51' lang='lat' dir='ltr'><strong>nminat-</strong></span> 
     </span>
     <span class='ocr_line' id='line_1_21' title="bbox 150 2818 639 2891; baseline 0.004 -19"><span class='ocrx_word' id='word_1_137' title='bbox 150 2818 272 2873; x_wconf 88' lang='lat' dir='ltr'><strong>solitaria</strong></span> <span class='ocrx_word' id='word_1_138' title='bbox 285 2818 458 2874; x_wconf 89' lang='lat' dir='ltr'><strong>conscribere</strong></span> <span class='ocrx_word' id='word_1_139' title='bbox 471 2819 639 2891; x_wconf 72' lang='lat' dir='ltr'><strong>aggreditur.</strong></span> 
     </span>
    </p>

    <p class='ocr_par' dir='ltr' id='par_1_10' title="bbox 113 2901 1148 3043">
     <span class='ocr_line' id='line_1_22' title="bbox 113 2901 1148 2977; baseline 0.006 -21"><span class='ocrx_word' id='word_1_140' title='bbox 113 2901 163 2956; x_wconf 90' lang='lat' dir='ltr'><strong>Die</strong></span> <span class='ocrx_word' id='word_1_141' title='bbox 183 2902 218 2957; x_wconf 79' lang='lat'><strong>27</strong></span> <span class='ocrx_word' id='word_1_142' title='bbox 237 2901 374 2971; x_wconf 86' lang='lat' dir='ltr'><strong>Octobris,</strong></span> <span class='ocrx_word' id='word_1_143' title='bbox 394 2902 522 2958; x_wconf 91' lang='lat' dir='ltr'><strong>Clemens</strong></span> <span class='ocrx_word' id='word_1_144' title='bbox 542 2902 579 2956; x_wconf 92' lang='lat' dir='ltr'><strong>Vl</strong></span> <span class='ocrx_word' id='word_1_145' title='bbox 602 2903 634 2957; x_wconf 88' lang='lat' dir='ltr'><strong>P.</strong></span> <span class='ocrx_word' id='word_1_146' title='bbox 659 2903 696 2958; x_wconf 86' lang='grc' dir='ltr'><strong>Μ.</strong></span> <span class='ocrx_word' id='word_1_147' title='bbox 721 2903 818 2957; x_wconf 91' lang='lat' dir='ltr'><strong>litten&#39;s</strong></span> <span class='ocrx_word' id='word_1_148' title='bbox 838 2905 993 2977; x_wconf 84' lang='lat' dir='ltr'><strong>apostolicis</strong></span> <span class='ocrx_word' id='word_1_149' title='bbox 1036 2916 1148 2960; x_wconf 62' lang='lat' dir='ltr'><strong>banadl-</strong></span> 
     </span>
     <span class='ocr_line' id='line_1_23' title="bbox 150 2983 948 3043; baseline 0.003 -2"><span class='ocrx_word' id='word_1_150' title='bbox 150 2983 347 3041; x_wconf 89' lang='lat' dir='ltr'><strong>Canonicatnm</strong></span> <span class='ocrx_word' id='word_1_151' title='bbox 361 2985 488 3042; x_wconf 76' lang='lat' dir='ltr'><strong>Ecclesia</strong></span> <span class='ocrx_word' id='word_1_152' title='bbox 502 2986 660 3042; x_wconf 86' lang='lat' dir='ltr'><strong>Parmensis</strong></span> <span class='ocrx_word' id='word_1_153' title='bbox 675 2987 820 3042; x_wconf 87' lang='lat' dir='ltr'><strong>Francisco</strong></span> <span class='ocrx_word' id='word_1_154' title='bbox 834 2987 948 3043; x_wconf 74' lang='lat' dir='ltr'><strong>confert.</strong></span> 
     </span>
    </p>
   </div>
   <div class='ocr_carea' id='block_1_5' title="bbox 10 3233 1223 3642">
    <p class='ocr_par' dir='ltr' id='par_1_11' title="bbox 10 3233 1223 3642">
     <span class='ocr_line' id='line_1_24' title="bbox 10 3233 1156 3311; baseline 0.003 -22"><span class='ocrx_word' id='word_1_155' title='bbox 10 3235 87 3291; x_wconf 70' lang='lat'><strong>1347.</strong></span> <span class='ocrx_word' id='word_1_156' title='bbox 108 3233 213 3289; x_wconf 91' lang='lat' dir='ltr'><strong>Nicolai</strong></span> <span class='ocrx_word' id='word_1_157' title='bbox 223 3236 338 3292; x_wconf 89' lang='lat' dir='ltr'><strong>Tribuni</strong></span> <span class='ocrx_word' id='word_1_158' title='bbox 351 3243 445 3311; x_wconf 88' lang='lat' dir='ltr'><strong>partes</strong></span> <span class='ocrx_word' id='word_1_159' title='bbox 458 3243 579 3293; x_wconf 88' lang='lat' dir='ltr'><strong>sectatur</strong></span> <span class='ocrx_word' id='word_1_160' title='bbox 588 3239 762 3309; x_wconf 88' lang='lat' dir='ltr'><strong>Franciscus,</strong></span> <span class='ocrx_word' id='word_1_161' title='bbox 772 3239 853 3310; x_wconf 88' lang='lat' dir='ltr'><strong>eique</strong></span> <span class='ocrx_word' id='word_1_162' title='bbox 867 3239 994 3296; x_wconf 86' lang='lat' dir='ltr'><strong>carmini-</strong></span> <span class='ocrx_word' id='word_1_163' title='bbox 1036 3254 1109 3301; x_wconf 76' lang='lat' dir='ltr'><strong>naar.</strong></span> <span class='ocrx_word' id='word_1_164' title='bbox 1118 3256 1156 3293; x_wconf 82' lang='lat' dir='ltr'><strong>vn.</strong></span> 
     </span>
     <span class='ocr_line' id='line_1_25' title="bbox 148 3319 598 3393; baseline 0.009 -21"><span class='ocrx_word' id='word_1_165' title='bbox 148 3319 202 3373; x_wconf 90' lang='lat' dir='ltr'><strong>bus</strong></span> <span class='ocrx_word' id='word_1_166' title='bbox 215 3325 243 3374; x_wconf 91' lang='lat' dir='ltr'><strong>et</strong></span> <span class='ocrx_word' id='word_1_167' title='bbox 255 3322 378 3393; x_wconf 89' lang='lat' dir='ltr'><strong>epistolis</strong></span> <span class='ocrx_word' id='word_1_168' title='bbox 392 3321 499 3377; x_wconf 81' lang='lat' dir='ltr'><strong>ammos</strong></span> <span class='ocrx_word' id='word_1_169' title='bbox 512 3322 598 3377; x_wconf 86' lang='lat' dir='ltr'><strong>addit.</strong></span> 
     </span>
     <span class='ocr_line' id='line_1_26' title="bbox 115 3400 1168 3478; baseline 0.004 -22"><span class='ocrx_word' id='word_1_170' title='bbox 115 3400 243 3458; x_wconf 89' lang='lat' dir='ltr'><strong>Clemens</strong></span> <span class='ocrx_word' id='word_1_171' title='bbox 252 3403 289 3457; x_wconf 91' lang='lat' dir='ltr'><strong>Vl</strong></span> <span class='ocrx_word' id='word_1_172' title='bbox 305 3403 421 3475; x_wconf 77' lang='lat' dir='ltr'><strong>legitimi</strong></span> <span class='ocrx_word' id='word_1_173' title='bbox 434 3405 491 3460; x_wconf 90' lang='lat' dir='ltr'><strong>nati</strong></span> <span class='ocrx_word' id='word_1_174' title='bbox 504 3405 567 3460; x_wconf 91' lang='lat' dir='ltr'><strong>iura</strong></span> <span class='ocrx_word' id='word_1_175' title='bbox 582 3405 709 3477; x_wconf 90' lang='lat' dir='ltr'><strong>Iohanni,</strong></span> <span class='ocrx_word' id='word_1_176' title='bbox 720 3405 858 3463; x_wconf 84' lang='lat' dir='ltr'><strong>Francisci</strong></span> <span class='ocrx_word' id='word_1_177' title='bbox 867 3408 934 3478; x_wconf 84' lang='lat' dir='ltr'><strong>filio,</strong></span> <span class='ocrx_word' id='word_1_178' title='bbox 943 3408 994 3465; x_wconf 90' lang='lat' dir='ltr'><strong>im·</strong></span> <span class='ocrx_word' id='word_1_179' title='bbox 1037 3424 1083 3463; x_wconf 72' lang='lat' dir='ltr'><strong>nou</strong></span> <span class='ocrx_word' id='word_1_180' title='bbox 1092 3425 1122 3473; x_wconf 78' lang='lat' dir='ltr'><strong>rr,</strong></span> <span class='ocrx_word' id='word_1_181' title='bbox 1130 3423 1168 3462; x_wconf 89' lang='lat' dir='ltr'><strong>nr.</strong></span> 
     </span>
     <span class='ocr_line' id='line_1_27' title="bbox 183 3487 275 3542; baseline 0.022 -2"><span class='ocrx_word' id='word_1_182' title='bbox 183 3487 275 3542; x_wconf 87' lang='lat' dir='ltr'><strong>rtitur.</strong></span> 
     </span>
     <span class='ocr_line' id='line_1_28' title="bbox 113 3503 1223 3642; baseline 0.003 -17"><span class='ocrx_word' id='word_1_183' title='bbox 113 3503 270 3626; x_wconf 52' lang='lat' dir='ltr'><strong>Gebeardum</strong></span> <span class='ocrx_word' id='word_1_184' title='bbox 287 3571 417 3642; x_wconf 82' lang='lat' dir='ltr'><strong>fratrem,</strong></span> <span class='ocrx_word' id='word_1_185' title='bbox 436 3573 465 3628; x_wconf 91' lang='lat' dir='ltr'><strong>in</strong></span> <span class='ocrx_word' id='word_1_186' title='bbox 485 3572 610 3630; x_wconf 86' lang='lat' dir='ltr'><strong>coenobio</strong></span> <span class='ocrx_word' id='word_1_187' title='bbox 624 3573 852 3631; x_wconf 86' lang='lat' dir='ltr'><strong>Cartusianorum</strong></span> <span class='ocrx_word' id='word_1_188' title='bbox 870 3575 905 3632; x_wconf 91' lang='lat' dir='ltr'><strong>ad</strong></span> <span class='ocrx_word' id='word_1_189' title='bbox 919 3576 995 3632; x_wconf 86' lang='lat' dir='ltr'><strong>blon-</strong></span> <span class='ocrx_word' id='word_1_190' title='bbox 1040 3592 1090 3632; x_wconf 71' lang='lat' dir='ltr'><strong>nar·</strong></span> <span class='ocrx_word' id='word_1_191' title='bbox 1107 3591 1130 3629; x_wconf 72' lang='lat' dir='ltr'><strong>aa</strong></span> <span class='ocrx_word' id='word_1_192' title='bbox 1150 3592 1223 3629; x_wconf 66' lang='lat' dir='ltr'><strong>nn..</strong></span> 
     </span>
    </p>
   </div>
   <div class='ocr_carea' id='block_1_6' title="bbox 151 3636 1235 3725">
    <p class='ocr_par' dir='ltr' id='par_1_12' title="bbox 151 3636 1235 3725">
     <span class='ocr_line' id='line_1_29' title="bbox 151 3636 1235 3725; baseline -0.018 -16"><span class='ocrx_word' id='word_1_193' title='bbox 151 3660 208 3708; x_wconf 90' lang='lat' dir='ltr'><strong>tem</strong></span> <span class='ocrx_word' id='word_1_194' title='bbox 222 3655 335 3725; x_wconf 86' lang='lat' dir='ltr'><strong>Rivnm,</strong></span> <span class='ocrx_word' id='word_1_195' title='bbox 351 3655 514 3711; x_wconf 87' lang='lat' dir='ltr'><strong>Franciscus</strong></span> <span class='ocrx_word' id='word_1_196' title='bbox 526 3656 627 3712; x_wconf 81' lang='lat' dir='ltr'><strong>invisit.</strong></span> <span class='ocrx_word' id='word_1_197' title='bbox 1071 3637 1197 3673; x_wconf 70' lang='lat' dir='ltr'><strong>‘⁰·²··¹l⁸¹·</strong></span> <span class='ocrx_word' id='word_1_198' title='bbox 1206 3636 1235 3672; x_wconf 77' lang='lat'><strong>¹⁴·</strong></span> 
     </span>
    </p>
   </div>
   <div class='ocr_carea' id='block_1_7' title="bbox 108 3739 1229 4566">
    <p class='ocr_par' dir='ltr' id='par_1_13' title="bbox 112 3739 1084 3813">
     <span class='ocr_line' id='line_1_30' title="bbox 112 3739 1084 3813; baseline 0.003 -19"><span class='ocrx_word' id='word_1_199' title='bbox 112 3739 214 3795; x_wconf 87' lang='lat' dir='ltr'><strong>Scribit</strong></span> <span class='ocrx_word' id='word_1_200' title='bbox 226 3745 389 3796; x_wconf 87' lang='lat' dir='ltr'><strong>tractatum:</strong></span> <span class='ocrx_word' id='word_1_201' title='bbox 405 3742 448 3797; x_wconf 87' lang='lat' dir='ltr'><strong>De</strong></span> <span class='ocrx_word' id='word_1_202' title='bbox 464 3741 531 3796; x_wconf 78' lang='lat' dir='ltr'><strong>Orio</strong></span> <span class='ocrx_word' id='word_1_203' title='bbox 544 3741 758 3813; x_wconf 73' lang='lat' dir='ltr'><strong>religiosorum.</strong></span> <span class='ocrx_word' id='word_1_204' title='bbox 1037 3758 1084 3797; x_wconf 79' lang='lat' dir='ltr'><strong>ura</strong></span> 
     </span>
    </p>

    <p class='ocr_par' dir='ltr' id='par_1_14' title="bbox 108 3821 1213 4232">
     <span class='ocr_line' id='line_1_31' title="bbox 108 3821 1213 3896; baseline -0.003 -20"><span class='ocrx_word' id='word_1_205' title='bbox 108 3822 160 3877; x_wconf 88' lang='lat' dir='ltr'><strong>Die</strong></span> <span class='ocrx_word' id='word_1_206' title='bbox 168 3821 387 3894; x_wconf 71' lang='lat' dir='ltr'><strong>bdNovembris,</strong></span> <span class='ocrx_word' id='word_1_207' title='bbox 397 3823 505 3879; x_wconf 86' lang='lat' dir='ltr'><strong>ltaliam</strong></span> <span class='ocrx_word' id='word_1_208' title='bbox 518 3839 615 3878; x_wconf 84' lang='lat' dir='ltr'><strong>versus</strong></span> <span class='ocrx_word' id='word_1_209' title='bbox 628 3822 792 3881; x_wconf 84' lang='lat' dir='ltr'><strong>Franciscus</strong></span> <span class='ocrx_word' id='word_1_210' title='bbox 804 3842 820 3880; x_wconf 93' lang='lat' dir='ltr'><strong>e</strong></span> <span class='ocrx_word' id='word_1_211' title='bbox 834 3823 922 3880; x_wconf 87' lang='lat' dir='ltr'><strong>Gallia</strong></span> <span class='ocrx_word' id='word_1_212' title='bbox 934 3841 996 3896; x_wconf 90' lang='lat' dir='ltr'><strong>pro-</strong></span> <span class='ocrx_word' id='word_1_213' title='bbox 1039 3839 1089 3876; x_wconf 69' lang='lat' dir='ltr'><strong>aas</strong></span> <span class='ocrx_word' id='word_1_214' title='bbox 1099 3837 1166 3884; x_wconf 60' lang='grc' dir='ltr'><strong>μη,</strong></span> <span class='ocrx_word' id='word_1_215' title='bbox 1174 3836 1213 3873; x_wconf 81' lang='lat' dir='ltr'><strong>vn.</strong></span> 
     </span>
     <span class='ocr_line' id='line_1_32' title="bbox 148 3904 997 3979; baseline 0.001 -20"><span class='ocrx_word' id='word_1_216' title='bbox 148 3904 293 3962; x_wconf 86' lang='lat' dir='ltr'><strong>ficiscitur:</strong></span> <span class='ocrx_word' id='word_1_217' title='bbox 313 3906 419 3963; x_wconf 85' lang='lat' dir='ltr'><strong>Nicolai</strong></span> <span class='ocrx_word' id='word_1_218' title='bbox 437 3905 553 3961; x_wconf 89' lang='lat' dir='ltr'><strong>Tribuni</strong></span> <span class='ocrx_word' id='word_1_219' title='bbox 570 3906 712 3962; x_wconf 79' lang='lat' dir='ltr'><strong>fortunam</strong></span> <span class='ocrx_word' id='word_1_220' title='bbox 730 3923 843 3979; x_wconf 87' lang='lat' dir='ltr'><strong>pessum</strong></span> <span class='ocrx_word' id='word_1_221' title='bbox 861 3907 901 3961; x_wconf 90' lang='lat' dir='ltr'><strong>ire</strong></span> <span class='ocrx_word' id='word_1_222' title='bbox 920 3905 997 3961; x_wconf 74' lang='lat' dir='ltr'><strong>Latii</strong></span> 
     </span>
     <span class='ocr_line' id='line_1_33' title="bbox 148 3987 996 4063; baseline -0.002 -20"><span class='ocrx_word' id='word_1_223' title='bbox 148 3987 265 4060; x_wconf 87' lang='lat' dir='ltr'><strong>litteris,</strong></span> <span class='ocrx_word' id='word_1_224' title='bbox 290 3991 319 4046; x_wconf 90' lang='lat' dir='ltr'><strong>in</strong></span> <span class='ocrx_word' id='word_1_225' title='bbox 340 3991 439 4046; x_wconf 89' lang='lat' dir='ltr'><strong>itinere</strong></span> <span class='ocrx_word' id='word_1_226' title='bbox 462 3990 594 4063; x_wconf 87' lang='lat' dir='ltr'><strong>receptis,</strong></span> <span class='ocrx_word' id='word_1_227' title='bbox 617 3991 718 4045; x_wconf 87' lang='lat' dir='ltr'><strong>certior</strong></span> <span class='ocrx_word' id='word_1_228' title='bbox 742 3990 846 4060; x_wconf 83' lang='lat' dir='ltr'><strong>factus,</strong></span> <span class='ocrx_word' id='word_1_229' title='bbox 871 3989 996 4044; x_wconf 88' lang='lat' dir='ltr'><strong>Genuam</strong></span> 
     </span>
     <span class='ocr_line' id='line_1_34' title="bbox 150 4072 996 4147; baseline -0.002 -19"><span class='ocrx_word' id='word_1_230' title='bbox 150 4072 253 4129; x_wconf 75' lang='lat' dir='ltr'><strong>dieas</strong></span> <span class='ocrx_word' id='word_1_231' title='bbox 276 4077 380 4132; x_wconf 86' lang='lat' dir='ltr'><strong>mensis</strong></span> <span class='ocrx_word' id='word_1_232' title='bbox 400 4074 526 4132; x_wconf 87' lang='lat' dir='ltr'><strong>eiusdem</strong></span> <span class='ocrx_word' id='word_1_233' title='bbox 549 4092 613 4130; x_wconf 90' lang='lat' dir='ltr'><strong>cum</strong></span> <span class='ocrx_word' id='word_1_234' title='bbox 636 4076 807 4147; x_wconf 88' lang='lat' dir='ltr'><strong>pervenerit,</strong></span> <span class='ocrx_word' id='word_1_235' title='bbox 832 4074 867 4129; x_wconf 87' lang='lat' dir='ltr'><strong>ab</strong></span> <span class='ocrx_word' id='word_1_236' title='bbox 887 4074 996 4144; x_wconf 86' lang='lat' dir='ltr'><strong>incepto</strong></span> 
     </span>
     <span class='ocr_line' id='line_1_35' title="bbox 149 4157 650 4232; baseline -0.002 -19"><span class='ocrx_word' id='word_1_237' title='bbox 149 4157 268 4214; x_wconf 84' lang='lat' dir='ltr'><strong>Romam</strong></span> <span class='ocrx_word' id='word_1_238' title='bbox 283 4158 368 4214; x_wconf 90' lang='lat' dir='ltr'><strong>eundi</strong></span> <span class='ocrx_word' id='word_1_239' title='bbox 381 4159 522 4232; x_wconf 91' lang='lat' dir='ltr'><strong>proposito</strong></span> <span class='ocrx_word' id='word_1_240' title='bbox 535 4158 650 4213; x_wconf 89' lang='lat' dir='ltr'><strong>desistit.</strong></span> 
     </span>
    </p>

    <p class='ocr_par' dir='ltr' id='par_1_15' title="bbox 114 4238 1148 4395">
     <span class='ocr_line' id='line_1_36' title="bbox 114 4238 1148 4313; baseline 0.001 -17"><span class='ocrx_word' id='word_1_241' title='bbox 114 4241 259 4297; x_wconf 85' lang='lat' dir='ltr'><strong>Decembri</strong></span> <span class='ocrx_word' id='word_1_242' title='bbox 278 4259 385 4313; x_wconf 89' lang='lat' dir='ltr'><strong>mense,</strong></span> <span class='ocrx_word' id='word_1_243' title='bbox 404 4242 564 4299; x_wconf 88' lang='lat' dir='ltr'><strong>Parmensis</strong></span> <span class='ocrx_word' id='word_1_244' title='bbox 587 4240 770 4297; x_wconf 89' lang='lat' dir='ltr'><strong>Canonieatus</strong></span> <span class='ocrx_word' id='word_1_245' title='bbox 792 4238 996 4313; x_wconf 87' lang='lat' dir='ltr'><strong>possessionem</strong></span> <span class='ocrx_word' id='word_1_246' title='bbox 1040 4244 1148 4297; x_wconf 62' lang='lat' dir='ltr'><strong>aenan.</strong></span> 
     </span>
     <span class='ocr_line' id='line_1_37' title="bbox 151 4323 322 4395; baseline 0.012 -17"><span class='ocrx_word' id='word_1_247' title='bbox 151 4323 322 4395; x_wconf 87' lang='lat' dir='ltr'><strong>adipiscitur.</strong></span> 
     </span>
    </p>

    <p class='ocr_par' dir='ltr' id='par_1_16' title="bbox 115 4403 1229 4566">
     <span class='ocr_line' id='line_1_38' title="bbox 115 4403 1229 4481; baseline -0.01 -19"><span class='ocrx_word' id='word_1_248' title='bbox 115 4406 248 4477; x_wconf 84' lang='lat' dir='ltr'><strong>Domum,</strong></span> <span class='ocrx_word' id='word_1_249' title='bbox 263 4409 372 4463; x_wconf 87' lang='lat' dir='ltr'><strong>Parmae</strong></span> <span class='ocrx_word' id='word_1_250' title='bbox 391 4413 557 4481; x_wconf 87' lang='lat' dir='ltr'><strong>coemptam,</strong></span> <span class='ocrx_word' id='word_1_251' title='bbox 576 4405 796 4475; x_wconf 80' lang='lat' dir='ltr'><strong>instaurandam,</strong></span> <span class='ocrx_word' id='word_1_252' title='bbox 815 4409 843 4459; x_wconf 89' lang='lat' dir='ltr'><strong>et</strong></span> <span class='ocrx_word' id='word_1_253' title='bbox 864 4403 926 4458; x_wconf 76' lang='lat' dir='ltr'><strong>vite</strong></span> <span class='ocrx_word' id='word_1_254' title='bbox 940 4419 998 4459; x_wconf 88' lang='lat' dir='ltr'><strong>suae</strong></span> <span class='ocrx_word' id='word_1_255' title='bbox 1040 4415 1229 4466; x_wconf 54' lang='lat' dir='ltr'><strong>rasennam.</strong></span> 
     </span>
     <span class='ocr_line' id='line_1_39' title="bbox 148 4490 652 4566; baseline 0 -21"><span class='ocrx_word' id='word_1_256' title='bbox 148 4491 390 4549; x_wconf 86' lang='lat' dir='ltr'><strong>commoditatibus</strong></span> <span class='ocrx_word' id='word_1_257' title='bbox 403 4490 552 4566; x_wconf 85' lang='lat' dir='ltr'><strong>aptandam</strong></span> <span class='ocrx_word' id='word_1_258' title='bbox 565 4496 652 4547; x_wconf 89' lang='lat' dir='ltr'><strong>curat.</strong></span> 
     </span>
    </p>
   </div>
   <div class='ocr_carea' id='block_1_8' title="bbox 0 0 1350 5024">
    <p class='ocr_par' dir='ltr' id='par_1_17' title="bbox 0 0 1350 5024">
     <span class='ocr_line' id='line_1_40' title="bbox 0 0 1350 5024; baseline 0 2"><span class='ocrx_word' id='word_1_259' title='bbox 0 0 1350 5024; x_wconf 95' lang='lat' dir='ltr'><strong> </strong></span> 
     </span>
    </p>
   </div>
  </div>
 </body>
</html>
