2692 5024
125 648 176 697 cvl
527 642 794 695 PROLEGOHBNON.

136 787 187 860 Ep.
226 785 254 840 5.
274 785 472 840 dolenorum
483 782 552 837 -A
569 782 798 838 timtnemortio.

299 873 372 943 Arp.
388 870 944 944 Gratulaturderaletudinerecuperate:
956 824 1188 945 nosquerivendo

334 961 423 1029 mori,
438 965 466 1015 et
478 960 623 1016 moriendo
636 961 734 1016 mortis
747 960 833 1016 finem
844 966 975 1033 oppetere
987 961 1169 1016 demonstrat.

138 1053 189 1126 Ep.
227 1050 254 1107 6.
274 1049 403 1105 Nmouso
418 1049 559 1105 Errscoro
573 1049 771 1107 memrrsr.
782 1080 819 1093 -
829 1051 880 1106 Vis·
892 1051 978 1123 fortis
991 1051 1118 1105 hortari.

299 1139 372 1210 Arp.
389 1137 525 1194 Gaudete
537 1140 614 1209 gravi
632 1138 731 1195 morbo
750 1140 832 1195 illum
851 1140 1039 1209 convaluisse,
1060 1139 1190 1195 hortatur

334 1226 370 1281 ad
391 1225 582 1282 tortitudinem
602 1227 702 1298 animi;
717 1232 746 1283 et
758 1226 909 1283 valetudini
928 1227 1125 1301 recuperandae
1142 1245 1189 1300 ap

333 1317 424 1390 pn'me
436 1315 536 1370 idoneo
549 1315 636 1372 Vallis
649 1316 756 1373 Clausae
768 1317 888 1390 hospitio
901 1317 982 1372 illum
996 1317 1102 1372 invitat.

138 1407 188 1480 Ep.
228 1406 255 1462 1.
277 1405 413 1461 Sociurr.
424 1434 461 1446 -
474 1404 557 1458 Venit
570 1405 692 1460 amicus.

298 1494 371 1565 Arp.
386 1493 506 1548 Nunciat
520 1491 670 1547 adventum
682 1493 736 1549 sibi
749 1499 924 1566 pergratum,
939 1492 1069 1564 doletque
1082 1491 1189 1548 abitum

335 1580 415 1634 amici
429 1579 463 1634 de
477 1596 533 1651 quo
548 1580 636 1635 nescit
650 1581 764 1635 omnino
778 1597 834 1652 quo
848 1596 878 1634 se
891 1579 1048 1635 contulerit.

138 1673 189 1747 Ep.
228 1672 255 1728 8.
275 1670 373 1727 Immo
389 1684 453 1725 suo.
464 1668 555 1725 -Ad
569 1669 623 1726 Ill
632 1669 783 1725 Kalendas
796 1671 928 1726 Martios.

296 1761 369 1831 Arp.
385 1757 486 1812 Narrat
501 1757 553 1812 sibi
573 1757 821 1813 Canthusianorum
841 1756 997 1813 coenobium
1010 1755 1115 1828 petenti
1133 1772 1191 1811 ma·

334 1852 429 1902 trenas
443 1846 584 1901 Romanas
598 1846 692 1901 obvias
706 1847 879 1918 occurrisse,
892 1861 1011 1919 qunque
1024 1846 1060 1902 ab
1072 1846 1140 1919 ipsis
1154 1846 1190 1902 de

336 1935 452 1993 urbanis
464 1924 549 1990 rebus
563 1935 713 1990 resciverit.

139 2029 190 2103 Ep.
226 2027 254 2083 9.
275 2025 694 2082 Zsuon1oFuonnsr1no.—A
710 2024 858 2096 Babylone
869 2023 1037 2079 mensim.

298 2115 372 2184 Ara.
389 2112 572 2169 Commendat
585 2112 742 2169 coenobium
756 2112 857 2167 Montis
867 2111 930 2167 nivi
944 2117 976 2167 ut
989 2112 1062 2184 regis
1075 2110 1191 2185 patroci-

336 2201 416 2256 nium
429 2200 471 2255 illi
484 2200 620 2257 conciliet.

138 2289 188 2362 Ep.
209 2288 255 2345 10.
276 2288 402 2344 Zanoruo
416 2287 614 2345 Esonsnrmo.
624 2320 661 2331 -
671 2290 766 2355 Quom
780 2290 850 2361 topic
863 2290 1026 2362 epistotam.

299 2376 372 2450 Arp.
387 2377 507 2432 Nunciat
520 2394 550 2432 se
564 2376 672 2432 Italiam
685 2394 782 2432 versus
795 2378 851 2432 iam
866 2379 978 2434 tandem
986 2379 1040 2433 iter
1053 2377 1188 2450 arripere,

336 2467 466 2540 doletque
479 2467 520 2522 illi
531 2472 560 2522 et
571 2482 673 2538 magno
685 2467 775 2539 Regni
785 2467 946 2525 Senescalco
958 2469 1062 2542 aliquid
1075 2469 1192 2527 intortu-

335 2556 376 2610 nii
389 2555 546 2625 contigisse.

138 2645 188 2716 Ep.
210 2644 254 2699 11.
276 2642 1187 2701 ancmcoPnroanS.Arosrouonou.-Nonsolebatmihi.

298 2732 373 2804 Arp.
389 2733 476 2786 Multa
489 2732 524 2785 de
538 2730 627 2804 pretio
647 2733 794 2804 temporis:
817 2750 903 2805 seque
923 2734 1070 2790 Mediolani
1082 2739 1114 2789 ut
1127 2734 1191 2789 ciri·

335 2822 399 2876 tatis
413 2819 525 2876 domino
538 2837 646 2876 morem
660 2826 769 2892 gereret
781 2823 946 2878 constitisse.

138 2912 188 2986 Ep.
209 2911 254 2967 12.
275 2910 438 2966 Fnaucisco
451 2911 556 2966 Pmoiu
570 2910 619 2966 SS.
635 2911 861 2967 Arosrosonou.
871 2942 907 2953 -
916 2912 955 2968 Et
967 2912 1177 2983 familiaribus.

298 3001 372 3073 Arp.
394 2999 501 3066 Quibus
520 3001 698 3073 potissimum
717 3001 858 3056 rationum
877 3000 1026 3055 momentis
1040 2998 1093 3055 sibi
1105 3001 1189 3055 luerit

332 3107 499 3164 persuasum
519 3096 551 3146 ut
571 3090 689 3145 lohanni
713 3090 873 3146 vicecomiti
897 3106 1005 3146 morem
1026 3097 1136 3163 gereret
1159 3098 1188 3147 et

331 3181 479 3236 Mediolani
491 3180 655 3239 constiterit.

137 3267 187 3340 Ep.
207 3267 252 3323 13.
273 3268 436 3323 Fnauc1sco
459 3268 565 3322 Pmonr
594 3268 643 3323 SS.
673 3269 900 3324 Arosrouonuu.
916 3268 1129 3340 -Qatdquom
1151 3285 1188 3323 ne

333 3359 514 3412 mortalium.

297 3447 369 3518 Arp.
386 3447 425 3501 Do
439 3446 669 3502 obtrectatoribus
683 3450 711 3502 et
723 3445 874 3501 maledicis.
895 3445 1002 3500 Fabula
1021 3447 1056 3502 de
1077 3446 1188 3502 duobus

334 3536 444 3591 rusticis
458 3543 485 3591 et
498 3537 632 3591 iumento.

138 3630 187 3700 Ep.
208 3628 252 3683 14.
274 3627 435 3682 Fonsfflsoo
450 3627 555 3681 Pn1on1
570 3628 619 3682 SS.
635 3627 861 3681 Arosrouonuu.
871 3626 983 3682 -Risi
995 3632 1027 3682 ut
1041 3628 1166 3682 iubebas.

298 3719 370 3789 slep.
388 3716 474 3788 Capta
487 3717 630 3772 occasione
643 3717 722 3788 parri
735 3716 878 3771 cuiusdam
892 3718 995 3772 erroris
1009 3718 1043 3772 ab
1057 3719 1144 3773 amico
1158 3719 1188 3774 in

332 3806 432 3860 litteris
446 3806 573 3874 admissi,
588 3822 673 3877 quam
687 3806 796 3861 solliciti
809 3822 869 3862 esse
883 3807 1032 3863 debeamus
1046 3809 1081 3862 de
1095 3824 1188 3863 emcn-

333 3897 444 3952 datione
457 3913 569 3951 morum
584 3896 712 3951 ostendit.

556 4081 664 4144 LIBER
685 4081 767 4144 xvlt.

138 4251 188 4321 Ep.
226 4250 253 4305 1.
275 4251 413 4307 Gsasnno
428 4252 548 4307 Fnlrar.
560 4282 596 4294 -
605 4253 746 4325 Rctiptosi
759 4257 911 4312 cuiusdam
925 4257 992 4311 oiri.

298 4341 370 4413 Arp.
402 4343 536 4406 Quaenam
562 4359 627 4398 vera
655 4343 844 4417 philosophia,
868 4363 930 4417 quae
952 4362 1017 4401 vera
1039 4345 1100 4415 lex,
1122 4345 1186 4417 quis

335 4431 481 4503 utriusque
496 4432 617 4505 optimus
630 4434 667 4490 sit
680 4434 819 4505 magister.
