2692 5024
511 675 777 727 PROLEGOHENON.

549 923 656 986 LIBER
678 923 753 986 xlx.

123 1173 175 1245 Ep.
212 1171 239 1225 1.
261 1169 377 1224 Conone
388 1166 426 1222 IV
434 1168 572 1222 Auousro
593 1167 784 1221 luri-:narona
797 1194 834 1206 -
845 1164 884 1220 Et
903 1163 1045 1236 pendium
1062 1161 1173 1234 inpane.

285 1258 357 1327 Arp.
382 1254 545 1310 Gratulatur
567 1255 629 1309 eius
650 1254 679 1308 in
701 1253 809 1308 italiam
830 1253 998 1322 adventum,
1022 1268 1176 1324 rursusque

321 1345 449 1399 hortatur
462 1349 494 1399 ut
507 1344 667 1399 Romanum
680 1340 832 1413 Imperium
847 1341 985 1397 restituat.

125 1435 176 1510 Ep.
213 1434 241 1490 2.
261 1434 385 1489 Zanosro
399 1432 646 1489 1101111110.-
658 1431 781 1504 Tempus
794 1432 889 1487 breve.

286 1522 359 1594 Arp.
374 1521 522 1577 Festinans
534 1525 655 1591 quatuor
666 1519 765 1575 litteris
782 1519 946 1593 respondet,
956 1524 985 1574 et
994 1517 1176 1591 asperrimam

320 1610 380 1665 sius
394 1609 461 1664 anni
474 1610 604 1681 hyemem
616 1610 755 1666 describit.

125 1700 177 1772 Ep.
214 1699 241 1753 3.
262 1699 357 1754 Lario
372 1711 436 1753 suo.
447 1727 484 1739 -
496 1697 655 1754 Credulum
668 1716 809 1755 amorem.

286 1788 358 1858 Arq.
380 1786 482 1841 Narrat
502 1803 533 1841 se
554 1787 695 1843 Mantuam
713 1805 730 1843 a
750 1787 859 1843 Caesare
873 1787 991 1841 accitum
1011 1800 1176 1856 summaque

321 1876 512 1932 benevolentia
524 1882 681 1950 receptum,
696 1883 724 1932 et
737 1878 843 1933 litteras
856 1877 882 1932 ei
895 1877 979 1932 mittit
996 1876 1098 1948 quibus
1112 1891 1177 1930 oum

323 1963 425 2020 Caesari
438 1963 623 2019 commendat.

127 2055 177 2128 Ep.
215 2053 243 2109 t.
264 2053 379 2109 Giaoio
392 2053 431 2109 IV
444 2053 581 2108 Auousro
591 2053 783 2109 lormironr.
792 2083 829 2094 -
840 2053 909 2108 Vide
919 2057 1061 2125 quantum
1072 2050 1158 2105 mitti.

287 2141 360 2211 Arp.
375 2139 558 2195 Commendat
569 2139 688 2193 Laelium
702 2141 822 2194 amicum
838 2157 931 2194 suum.

128 2231 178 2303 Ep.
216 2228 243 2284 5.
263 2229 358 2284 uenio
372 2229 530 2284 Psausnst.
541 2257 577 2268 -
587 2227 713 2298 Scripsit
727 2229 891 2281 adolescens
904 2233 1009 2281 noster.

288 2320 360 2391 Arp.
375 2319 476 2374 Secum
489 2334 554 2373 eum
568 2316 644 2372 domi
657 2333 715 2371 suae
729 2333 859 2371 mansum
872 2315 977 2370 invitat.

128 2410 180 2483 Ep.
217 2410 244 2465 6.
265 2408 427 2465 Faanmsco
441 2410 545 2464 Pmoru
560 2408 610 2464 88.
626 2408 853 2462 Arosronoauu.
861 2405 960 2459 —Hic
973 2419 1060 2475 quem
1072 2402 1176 2458 cernis.

287 2497 359 2569 Arq.
375 2497 558 2553 Commendat
572 2498 693 2552 amicum
707 2501 821 2551 euntem
835 2497 963 2550 Romam.

129 2586 179 2659 Ep.
218 2586 245 2640 7.
265 2583 427 2641 Fsarcrsco
440 2585 545 2640 Paronr
559 2585 608 2641 88.
624 2585 850 2640 Arosroronuu.
862 2613 898 2625 -
907 2583 995 2639 Secta
1008 2580 1124 2637 occidit.

288 2675 361 2746 Arp.
377 2676 413 2730 Se
432 2679 543 2730 noctem
562 2673 694 2747 preferre
714 2674 782 2729 diei:
802 2679 831 2729 et
849 2690 900 2746 pro
920 2674 1008 2730 amico
1021 2670 1180 2728 humaniter

323 2769 433 2836 recepto
447 2764 549 2834 gratias
563 2764 629 2834 agit.

130 2853 181 2926 Ep.
218 2853 245 2908 8.
266 2852 390 2909 Gmooar
409 2854 537 2909 sarrire
557 2853 778 2910 Ascarnucouo
799 2851 1096 2918 Gonoussa—Quod
1116 2855 1176 2904 tom

328 2955 440 3010 mopm.

294 3025 368 3098 Arp.
382 3026 463 3092 Quod
482 3026 577 3098 magni
596 3027 620 3083 is
640 3028 758 3083 {estimet
776 3043 879 3082 nomen
899 3041 983 3080 suum
1000 3022 1044 3076 his
1057 3019 1179 3091 epistolis

328 3128 423 3168 inseri.

132 3202 183 3274 Ep.
220 3201 248 3257 9.
268 3201 392 3257 Gorooar
405 3203 532 3257 sarrire
547 3202 769 3258 Ancaromcono
784 3201 943 3255 Gauranos
954 3227 989 3239 -
999 3197 1153 3253 Rumores.
1258 3196 1264 3209 ¹

293 3293 364 3364 Arp.
380 3291 421 3347 De
434 3292 520 3347 Italiae
534 3290 673 3361 motibus,
695 3296 723 3346 et
741 3288 896 3363 prasertim
909 3287 944 3343 de
957 3287 1031 3343 bello
1044 3286 1117 3341 inter
1130 3285 1183 3341 Ve-

326 3385 406 3436 netos
427 3385 455 3435 et
477 3379 654 3435 Genuenses:
680 3384 709 3434 et
731 3378 765 3434 de
790 3377 925 3451 supplicio
952 3378 1052 3434 Marini
1072 3376 1182 3432 Falierii

326 3468 410 3525 Ducis
422 3468 613 3523 Venetiamm.

133 3544 184 3631 Ep}
205 3559 249 3615 10.
270 3558 394 3615 Gumoru
407 3559 644 3614 Ancamrrscoro
659 3556 815 3613 Genusum.
826 3557 1050 3613 -Socoeasibeu
1065 3558 1131 3612 tuis.

291 3649 364 3723 Arp.
379 3649 631 3706 Adranodorum
644 3647 834 3703 Genuensium
847 3653 940 3703 evecto
954 3647 1118 3718 gratulatur.

133 3738 185 3810 Ep.
205 3738 249 3793 tt.
269 3737 617 3795 Berisamum-Bene
631 3736 708 3792 mihi
722 3737 836 3792 accidit.

294 3827 368 3900 Arp.
386 3826 543 3883 Immeritas
556 3826 601 3883 sui
613 3826 710 3882 laudes
725 3827 846 3898 respuit,
861 3826 982 3882 oblatam
995 3822 1078 3877 abeo
1091 3820 1184 3875 amici-

331 3918 399 3973 tiam
418 3922 560 3990 acceptam
583 3915 682 3986 habet,
707 3921 734 3971 et
757 3916 828 3970 duos
850 3915 918 3970 artis
936 3911 1049 3968 musicae
1063 3909 1183 3964 cultores

327 4006 514 4079 commendat.

132 4090 186 4163 Ep.
206 4089 251 4145 ta.
271 4090 385 4149 cenoso
399 4092 437 4148 Π
450 4093 590 4151 Aooosro
603 4093 796 4149 hornarum.
805 4119 842 4130 —
851 4088 941 4145 Italos
954 4087 1036 4159 fines.

295 4180 367 4255 etr-9.
381 4181 542 4238 Disceesum
555 4181 615 4236 eius
628 4181 663 4236 ab
676 4179 756 4236 Italia
769 4176 888 4248 graviter
901 4174 992 4246 arguit
1006 4179 1034 4229 et
1047 4172 1182 4243 obiurgat.

133 4265 188 4340 Ep.
209 4266 253 4323 13.
272 4267 434 4328 Fumclsco
447 4272 554 4328 Parem
567 4271 616 4327 88.
631 4270 860 4325 mosrooonon.
875 4295 902 4305 -
918 4264 941 4319 Ο
951 4266 1097 4337 praedura
1110 4280 1182 4319 sors.

119 4352 125 4363 ⁰
295 4359 367 4433 Arp.
383 4359 420 4416 Se
433 4359 575 4432 Legationi
595 4358 669 4433 opud
686 4358 823 4413 Caesmem
837 4354 984 4425 fungendae
1007 4352 1184 4410 Germaniam

328 4464 427 4504 vorsus
439 4447 493 4505 iter
505 4447 667 4521 propediem
683 4451 877 4517 suscepturum
891 4443 1013 4499 nunciat.
