2692 5024
136 671 196 735 380
475 682 517 730 oa
537 682 637 731 nanus
657 681 879 734 rnunrnamus

136 833 184 904 illi
206 833 316 904 saltus
337 831 371 901 in
396 828 551 925 patriam.
579 829 642 901 Tui
667 851 748 899 eum
773 827 951 902 desiderio
976 832 1103 904 ardere
1126 844 1223 908 certe

137 956 231 1029 scio:
253 951 317 1026 sed
337 952 546 1025 mihicrede
568 950 674 1046 (quod
694 972 764 1022 non
786 951 991 1038 scriberem,
1014 954 1044 1026 si
1067 960 1223 1053 proposi-

138 1089 211 1153 tum
232 1101 347 1152 meum
369 1085 569 1170 pervertere
589 1097 713 1168 posses
736 1078 805 1148 ulla
824 1075 1076 1172 providentia),
1103 1081 1223 1170 crede,

137 1203 291 1298 inquam,
320 1199 421 1285 mihi;
447 1199 493 1272 dc
517 1198 669 1270 consiliis
701 1199 880 1272 hominum
906 1202 1047 1273 fortuna
1082 1202 1225 1276 iudicat.

137 1328 231 1397 Inter
251 1324 423 1417 cogitatus
444 1334 548 1417 atque
569 1332 668 1394 actus
689 1343 838 1413 magnus
863 1321 1022 1415 quidam,
1051 1334 1092 1395 ut
1117 1327 1226 1420 vulgo

136 1447 275 1530 dicitur,
294 1465 395 1515 mons
412 1454 477 1515 est.
491 1445 639 1529 Quando
657 1443 712 1516 hic
728 1443 809 1537 erit
823 1465 928 1536 quem
947 1443 1013 1517 iam
1033 1446 1107 1516 iam
1125 1447 1226 1520 adfu

138 1578 254 1641 turum
274 1587 391 1660 spero,
411 1566 558 1637 iniiciam
580 1589 714 1638 manus.
737 1564 926 1660 imperiosa
946 1590 1005 1639 res
1024 1578 1084 1640 est
1101 1593 1223 1643 amor:

136 1691 220 1761 nihil
241 1713 310 1761 non
331 1689 435 1761 licere
454 1688 518 1760 sibi
540 1689 702 1761 aestimat.
723 1688 876 1761 Videbor
901 1690 975 1762 iure
997 1714 1078 1765 meo
1107 1695 1173 1782 uti,
1192 1696 1219 1769 si

137 1815 237 1909 quasi
254 1812 472 1886 reinventum
492 1813 694 1885 thesaurum
712 1812 806 1884 domi
824 1812 1065 1902 recondidero,
1084 1841 1221 1892 curam

137 1959 206 2033 quc
228 1958 411 2030 sumpsero
431 1957 475 2007 ne
495 1946 564 2008 tam
586 1935 686 2007 facile
707 1958 846 2006 rursum
866 1957 909 2007 eo
929 1959 1083 2011 caream.
1105 1944 1147 2016 Id
1166 1944 1217 2016 tihi

135 2060 404 2154 praenuntiatum
427 2058 547 2143 velim,
569 2082 638 2153 quo
656 2057 842 2153 patientius
867 2061 958 2131 ieras
978 2084 1061 2134 cum
1084 2067 1218 2141 accido

136 2184 190 2254 rit.
212 2183 331 2276 Neque
356 2183 462 2268 enim,
482 2194 520 2255 ut
542 2183 713 2255 adventus
741 2181 795 2253 sui
820 2183 945 2253 lamam
972 2193 1090 2257 tecum
1118 2191 1220 2264 modo

137 2307 283 2398 partitus
305 2328 397 2391 sum,
418 2306 467 2378 sic
488 2307 602 2401 ipsum
623 2326 762 2399 quoque
781 2304 912 2400 partiar
932 2307 1097 2379 amicum.
1112 2312 1220 2384 Multo

138 2429 248 2500 rarior
275 2432 452 2523 multoque
477 2429 660 2523 pretiosior
685 2450 742 2499 res
768 2439 822 2499 est
846 2429 995 2500 amicitia
1022 2455 1131 2523 quam
1161 2459 1220 2507 au·

138 2575 232 2634 rum,
254 2552 287 2619 in
309 2574 378 2644 qua
400 2550 534 2642 siquid
555 2551 692 2621 avidius
713 2573 833 2642 egero,
853 2564 1000 2624 excuset
1025 2556 1221 2652 utcumque

136 2693 312 2766 possessae
333 2672 380 2742 rei
407 2672 555 2768 pretium
581 2671 742 2743 duritiem
777 2674 1002 2766 possessoris.
1030 2676 1111 2768 Ego
1144 2683 1221 2775 qui-

135 2797 214 2867 dem
236 2807 269 2866 te
290 2804 485 2866 consortem
507 2817 576 2866 non
597 2794 725 2879 reficio,
748 2795 794 2866 ita
816 2807 929 2868 tamen
945 2806 985 2867 ut
1001 2812 1219 2892 praesentem

133 2920 332 3015 partiamur.
361 2919 405 2989 Ut
429 2928 561 3011 partem
588 2917 693 3011 igitur
710 2930 804 2990 tuam
821 2921 927 2998 feras,
955 2920 1024 2991 imo
1051 2947 1160 3013 vero,
1186 2939 1223 3000 ut

134 3065 195 3135 pro
217 3065 285 3114 uno
304 3042 394 3114 duos
416 3040 560 3129 habeas,
584 3041 703 3113 uenire
725 3054 756 3114 te
777 3065 873 3114 amor
893 3054 982 3134 agat.
1004 3046 1106 3118 Vale.

273 3201 326 3255 1111
342 3201 406 3256 ldus
421 3202 531 3272 Aprilis.

628 3376 704 3388 ——da

541 3576 718 3641 EPISTULA
743 3579 797 3641 xll.

228 3770 421 3817 l'ltnnclsclts
444 3769 612 3818 PETRARCrl
634 3772 770 3820 torinna}
792 3771 957 3820 ANClllSAEO
978 3773 1003 3821 S.
1027 3773 1055 3823 Ρ.
1079 3776 1111 3825 D.

319 3921 451 3992 Deplorat
466 3928 582 3977 mortem
599 3920 736 3977 Francisci
750 3924 945 3995 consanguinei
960 3925 1011 3979 sui.

226 4146 301 4215 Heu
321 4144 405 4237 quid
429 4146 494 4217 hoo
513 4151 590 4217 ost‘l
611 4146 702 4230 Quid
722 4147 846 4218 audio‘?
864 4149 891 4217 Ο
910 4168 990 4240 spes
1009 4153 1217 4224 mortalium

126 4267 245 4337 fallax!
271 4270 413 4339 Ocurae
436 4273 678 4363 supervaouae!
703 4270 859 4342 Olabilis
882 4274 1009 4341 status!
1032 4270 1130 4343 Nihil
1151 4275 1218 4348 ho-

126 4387 208 4455 nrini
230 4392 466 4483 tranquillum,
486 4393 568 4463 nihil
588 4393 725 4478 stabile,
745 4393 829 4464 nihil
850 4404 978 4477 tutum;
997 4393 1080 4466 hine
1098 4398 1216 4470 fortu-

125 4529 181 4578 nae
202 4508 270 4593 vis,
295 4512 375 4583 hinc
396 4515 516 4585 mortis
540 4515 687 4601 insidiae,
712 4517 790 4589 hinc
811 4519 943 4611 fugacis
966 4517 1087 4588 mnndi
1107 4519 1215 4595 blan-
