2692 5024
344 636 436 685 moso
457 637 801 695 snmus-salmom
824 645 863 692 tv.
1088 634 1156 696 337·

64 804 157 865 sem,
178 780 288 862 aiunt,
326 779 547 874 paucioribus
574 782 637 864 uti;
672 786 795 868 fateor,
824 808 962 877 possem
1002 802 1038 861 et
1071 792 1146 864 sine

60 904 232 995 exemplis
249 924 365 995 agere:
392 926 456 975 nec
480 905 575 976 istud
601 904 748 978 inficior:
775 908 902 1004 quippe
928 935 1007 982 oum
1033 926 1069 986 et
1096 928 1147 987 ta-

60 1051 312 1124 compassam,
336 1040 371 1100 et
387 1030 475 1099 forte
495 1029 706 1100 consultius:
730 1032 793 1103 sed
814 1032 848 1103 in
867 1043 918 1106 tot
938 1038 1056 1109 mundi
1072 1063 1145 1111 ma-

59 1154 119 1237 lis,
138 1153 315 1223 intortam
340 1155 447 1223 multa
473 1152 654 1238 dedecora,
674 1166 790 1227 tacere
816 1157 953 1230 difficile
970 1171 1033 1231 est.
1053 1162 1144 1234 Satis

59 1276 237 1368 patientiae
254 1276 461 1368 praestitisse
479 1275 615 1361 videor,
643 1279 737 1371 quod
762 1280 916 1351 nondum
940 1293 1068 1379 satyrae
1087 1306 1144 1356 ca-

58 1403 189 1470 lamum
214 1398 377 1492 applicui,
407 1420 487 1469 cum
512 1398 572 1470 din
597 1411 678 1471 ante
703 1401 780 1472 haec
801 1412 956 1475 monstra
974 1404 1141 1500 scriptum

58 1523 208 1606 videam,
236 1520 363 1612 difficile
388 1532 435 1590 est
459 1535 606 1613 satyram
632 1546 700 1592 noo
720 1527 872 1594 scribere.
888 1527 997 1598 Multa
1010 1529 1142 1622 passim

60 1649 197 1741 loquor,
213 1647 321 1716 multa
335 1644 438 1715 etiam
453 1644 577 1730 scribo,
593 1668 660 1718 non
683 1656 751 1718 tam
774 1658 810 1719 ut
826 1652 957 1721 saeoulo
971 1672 1048 1722 meo
1062 1674 1143 1747 pro-

62 1770 265 1852 simonius
293 1768 361 1838 iam
390 1768 576 1863 desperata
609 1767 749 1840 miseria
781 1781 851 1855 est,
879 1795 985 1863 quam
1016 1785 1055 1845 ut
1084 1798 1141 1846 me

60 1891 364 1988 ipsumeonoeptis
379 1903 619 1975 exoneremet
633 1893 786 1964 animum
801 1895 939 1988 scriptis
954 1900 1056 1969 soler.
1074 1899 1142 1969 Ve-

58 2026 256 2088 rumtamen
291 2016 319 2087 si
353 2016 440 2086 ratio
473 2016 654 2108 quaeritur,
686 2040 749 2087 cur
775 2020 946 2110 exemplis
967 2021 1140 2093 interdum

57 2141 213 2223 affluam,
227 2139 432 2230 curioseque
445 2139 479 2208 in
498 2138 553 2209 his
570 2138 692 2210 videar
709 2139 898 2227 immorari,
914 2142 1043 2214 dicam:
1057 2156 1141 2238 puto

59 2266 222 2336 tectorem
240 2285 283 2333 eo
302 2263 418 2332 animo
438 2282 531 2344 osse,
554 2282 624 2352 quo
645 2285 724 2332 sum
750 2285 827 2355 ego.
850 2266 905 2363 Me
925 2267 1065 2358 quidem
1089 2270 1140 2338 ni-

58 2387 110 2466 hif¹
126 2397 181 2458 est
197 2387 292 2479 quod
323 2395 464 2456 moveat
486 2394 655 2478 quantum
684 2389 847 2482 exempla
876 2391 1047 2460 clarorum
1078 2389 1141 2462 ho-

59 2510 200 2580 minum.
236 2510 336 2578 Iuvat
363 2507 454 2577 enim
484 2512 686 2599 assurgere,
722 2510 820 2582 iuvat
855 2514 1009 2584 animum
1031 2536 1140 2610 expe-

59 2632 119 2703 riri
148 2655 193 2704 an
214 2632 401 2724 quidquam
424 2632 524 2703 solidi
551 2629 693 2714 habeat,
728 2654 773 2703 an
799 2632 962 2726 generosi
994 2635 1137 2730 aliquid,

58 2766 163 2848 atqua
183 2755 356 2826 adversus
386 2757 557 2826 fortunam
592 2754 748 2825 indomiti
773 2766 809 2826 et
830 2756 976 2829 infracti:
995 2781 1043 2841 ‚an
1073 2758 1140 2830 sibi

57 2878 101 2950 de
124 2900 163 2949 se
183 2879 258 2973 ipse
278 2881 442 2950 mentitus
467 2878 520 2948 sit.
545 2878 583 2949 ld
604 2900 696 2964 sane,
725 2891 852 2974 praeter
875 2882 1135 2973 experientiam,

57 3021 139 3092 quae
164 3001 357 3072 certissima
378 3001 545 3092 magistra
563 3024 678 3072 rerum
692 3013 760 3084 est,
785 3005 878 3074 nullo
891 3004 1015 3072 melius
1037 3004 1138 3075 modo

58 3120 98 3191 fit
117 3144 221 3215 quam
244 3122 273 3192 si
290 3145 371 3192 eum
392 3122 461 3206 his,
484 3121 613 3214 quibus
635 3120 832 3192 simillimus
852 3144 932 3193 esse
953 3125 1055 3216 cupit,
1077 3127 1139 3197 ad·
1220 3175 1223 3180 -

59 3266 228 3315 moveam.
251 3245 370 3335 ltaque
388 3245 477 3315 sicut
497 3244 671 3327 omnibus,
699 3266 788 3337 quos
810 3247 887 3337 lego
908 3246 1056 3338 gratiam
1077 3248 1138 3318 ha-

59 3367 123 3439 beo
145 3368 174 3437 si
196 3367 278 3437 mihi
301 3389 395 3461 saepe
422 3367 606 3461 propositis
632 3367 806 3461 exemptis
830 3366 921 3441 hano
936 3371 1139 3466 experiendi

58 3490 254 3561 facultatem
276 3489 447 3573 dederint;
475 3492 524 3561 sic
550 3490 634 3561 mihi
661 3490 811 3582 gratiam
839 3491 1016 3565 habituros
1037 3516 1138 3588 spero

58 3613 117 3704 qui
135 3634 191 3682 me
211 3612 366 3704 legerint.
389 3615 501 3684 Fallor
521 3615 640 3684 forsan
666 3613 702 3683 in
729 3613 795 3685 hac
813 3636 890 3707 spe:
913 3625 1082 3687 tutamen
1102 3616 1138 3686 in

57 3734 122 3805 hac
142 3735 338 3806 narratione
352 3758 421 3806 non
434 3737 573 3806 falleris.
589 3737 671 3808 Haeo
684 3735 777 3809 enim
789 3760 858 3807 una
872 3759 956 3807 vera
968 3737 1018 3807 rei
1031 3757 1138 3807 causa

57 3873 121 3933 est.
144 3862 261 3934 Altera
278 3872 333 3935 est
352 3865 446 3957 quod
465 3876 501 3936 et
521 3863 605 3934 mihi
620 3863 747 3936 scribo:
762 3875 798 3935 et
810 3865 901 3934 inter
915 3862 1136 3934 scribendum

56 3987 180 4079 cupide
198 4010 275 4058 cum
301 3988 490 4060 maioribus
509 3989 638 4059 nostris
656 4010 792 4071 versor,
812 4009 882 4058 uno
902 4007 971 4079 quo
991 4007 1136 4078 possum

58 4111 173 4194 mod0;
193 4123 296 4204 atque
310 4111 388 4196 hos,
404 4133 483 4181 oum
503 4111 633 4201 quibus
653 4111 776 4202 iniquo
790 4111 904 4182 sidere
922 4110 1040 4181 datum
1062 4120 1137 4180 erat

56 4244 95 4304 ut
123 4234 294 4318 viverem,
330 4232 555 4305 libentissime
585 4231 783 4303 obliviscor.
819 4232 926 4324 Inque
946 4232 1012 4304 hoc
1032 4232 1137 4303 animi

56 4356 150 4428 vires
169 4368 312 4430 cunctas
333 4377 492 4440 exeroeo,
520 4367 558 4426 ut
577 4355 642 4426 hos
661 4354 805 4445 fugiam,
828 4355 905 4426 illos
927 4376 1070 4449 sequar:
1089 4357 1137 4427 si-

56 4489 115 4549 cut
133 4481 226 4552 enim
248 4481 372 4554 horum
394 4476 549 4570 graviter
565 4487 773 4574 conspectus
794 4479 949 4566 offendit,
989 4480 1039 4553 sic
1064 4479 1144 4552 iilod

210 4610 225 4647 ι.
977 4599 1010 4650 m
