2692 5024
424 718 516 768 nrnnn
538 720 882 773 seiros-umorum
906 727 933 772 v.
1161 715 1216 777 341

563 995 738 1059 EPISTULA
764 999 797 1062 V.

220 1204 411 1255 rnancrscos
432 1208 601 1258 onrnincn.
622 1210 770 1260 nnnnnro
792 1212 991 1263 sonnonnnsr
1012 1216 1038 1264 s.
1062 1185 1089 1265 r]
1112 1219 1140 1265 o.

386 1396 515 1468 Deplorat
529 1398 632 1454 caedem
647 1398 768 1455 Andreae
784 1403 856 1472 regis
870 1404 964 1459 Siculi.

260 1621 334 1690 Heu
354 1642 460 1711 quam
487 1622 642 1706 violenti,
670 1645 774 1716 quam
800 1624 1017 1699 inevitabiles
1043 1640 1126 1700 sunt
1149 1600 1244 1702 lor-⁴

139 1756 232 1815 tunae
250 1744 367 1814 exitus
389 1745 445 1814 vel
466 1745 625 1838 praevisi!
647 1747 747 1840 Saepe
773 1748 929 1840 quidem,
959 1760 998 1821 nt
1014 1752 1114 1836 nosti,
1133 1755 1217 1824 Bar·
1269 1785 1271 1789 ⁷

136 1869 217 1947 bate
237 1868 489 1950 amantissime,
516 1870 561 1940 dc
589 1871 725 1943 fortuna
757 1872 872 1964 deque
898 1873 975 1944 aliis
1005 1874 1214 1967 quibusdam

136 1990 229 2083 loqui
251 1990 360 2072 soleo,
383 1999 421 2058 ut
440 1989 581 2080 vulgus,
601 2011 644 2059 ne
665 1989 700 2059 in
718 2012 878 2063 sermone
904 1994 1041 2083 vulgari
1062 1993 1217 2085 singula-

135 2115 184 2186 ris
204 2135 405 2207 appaream;
433 2111 463 2182 si
489 2134 648 2185 seorsum
674 2114 875 2204 interroger,
896 2136 1129 2207 responsurus
1145 2118 1215 2186 for-

135 2250 230 2309 tasse
249 2238 351 2327 longe
371 2235 478 2305 aliter.
501 2236 569 2306 Sed
587 2246 742 2320 transeo,
761 2257 814 2321 ne,
834 2236 864 2306 si
885 2237 1052 2323 haeream,
1072 2246 1214 2310 acturus

134 2360 242 2443 aliud,
264 2359 308 2429 de
330 2359 394 2429 hac
420 2381 458 2428 re
483 2359 712 2451 superuacuis
733 2359 1039 2454 disputatiunculis
1061 2361 1214 2455 implicer

133 2480 398 2572 abstraharque.
415 2482 456 2551 Ut
468 2490 584 2551 autem
596 2491 746 2575 coeptum
761 2503 896 2574 sequar,
907 2492 941 2553 et
953 2484 1090 2554 fortuna
1102 2484 1214 2554 omni-

137 2614 259 2696 potens
285 2613 321 2673 et
353 2601 567 2674 ineluctabile
601 2606 707 2674 satum
739 2626 808 2675 non
840 2627 920 2675 cum
953 2606 1061 2696 vulgo
1086 2609 1209 2691 solum,

133 2727 196 2798 sed
216 2748 296 2797 cum
313 2725 475 2796 maximis
492 2736 597 2818 atque
626 2727 837 2799 doctissimis
866 2726 1077 2820 quibusdam
1109 2729 1209 2812 viris,

131 2849 217 2919 etin
247 2848 366 2941 primis
388 2871 467 2919 cum
495 2847 645 2939 Virgilio,
674 2849 785 2920 videri
818 2850 943 2941 possit3
974 2850 1042 2920 nisi
1062 2862 1098 2921 ct
1117 2875 1209 2923 unns

131 2973 369 3064 Omnipotens,
397 2982 432 3042 et
456 2971 514 3043 fati
540 2993 666 3042 nornen
693 2971 727 3040 in
741 2994 800 3042 ore
819 2972 987 3043 catholico
1007 2982 1208 3065 suspectum

130 3099 228 3167 foret.
255 3094 301 3165 At
320 3116 550 3186 quaecumque
573 3095 627 3164 vis
654 3094 709 3164 illa
732 3094 790 3177 sit,
821 3116 883 3163 seu
909 3093 971 3163 Dei
991 3093 1116 3164 iudicio
1145 3116 1210 3166 seu

132 3219 305 3311 permissu
332 3239 389 3288 res
413 3217 592 3287 hominum
624 3236 784 3299 versans,
819 3212 914 3285 hand
943 3214 1049 3286 dubie
1082 3238 1210 3308 magna

130 3341 186 3411 vis
206 3354 241 3413 et
258 3363 401 3434 prorsus
416 3339 643 3411 ineluctabilis
660 3349 729 3422 est,
752 3346 788 3409 et
800 3339 991 3409 adversum
1010 3360 1117 3432 quam
1136 3339 1210 3412 sru-

131 3475 203 3536 stra
224 3464 439 3536 imbecillitas
452 3464 561 3534 nostri
574 3473 720 3534 conatus
741 3462 940 3554 accingitur.
958 3463 1045 3534 Nam
1066 3461 1208 3534 incursu

131 3589 220 3660 facili
239 3587 418 3660 consilium
437 3587 628 3657 humanum
641 3587 805 3682 opprimit
818 3584 898 3657 mali
920 3587 1041 3669 moles,
1064 3596 1100 3656 et
1116 3607 1208 3656 mor-

132 3713 198 3782 tale
210 3710 403 3781 remedium
416 3709 560 3780 discutit
575 3708 704 3780 invicta
717 3708 920 3780 necessitas.
943 3706 981 3777 ld
1003 3705 1033 3776 si
1052 3726 1206 3797 unquam

131 3832 231 3915 alias,
253 3855 345 3902 nunc
367 3832 518 3902 maxime
538 3831 747 3904 intellectum
773 3839 1069 3924 conspectumque
1087 3826 1207 3898 claris·

132 3955 219 4025 sime
246 3964 310 4025 est.
345 3956 442 4046 Rogo
462 3956 547 4048 quid
565 3953 660 4038 novi,
687 3948 920 4046 quid'inopini
949 3949 1096 4022 accidit?
1119 3948 1205 4031 Quis

129 4098 199 4147 non
220 4079 285 4148 ista
305 4077 537 4170 praeviderat?
557 4078 601 4147 Et
621 4074 925 4170 praevidissequid
953 4071 1101 4168 profuit?
1121 4071 1205 4140 lam

129 4199 298 4292 profunde
311 4201 402 4271 enim
419 4200 499 4270 totis
516 4198 612 4290 regni
629 4197 829 4290 praeoordiis
849 4218 888 4267 se
909 4193 1074 4287 nequitiae
1088 4191 1212 4271 dirum,

129 4322 227 4395 virus
249 4325 432 4406 infuderat,
457 4332 495 4392 ut
516 4321 584 4391 iam
610 4319 674 4390 nisi
696 4319 906 4390 mortiferum
933 4339 1102 4389 essenon
1122 4336 1204 4411 pos-

129 4455 192 4516 set.
215 4449 361 4518 Tantum
382 4444 551 4528 audaciae,
572 4452 773 4535 tantumque
793 4442 938 4514 licentiae
960 4441 1200 4537 reproborum,

130 4580 223 4641 tanta
236 4570 372 4665 piorum
385 4565 591 4662 desperatio,
608 4573 724 4639 tantus
739 4587 865 4640 moeror
878 4565 1081 4640 incesserat.
1095 4564 1203 4637 Erant
