2692 5024
288 706 290 710 ‚
387 671 480 720 nrnnn
502 670 881 722 sarrruus-srrsront
903 674 954 721 xu.
1153 660 1211 722 383

130 819 222 891 illius
244 819 406 912 temporis
428 818 636 891 brevitatem
659 818 906 892 ardentissima
924 819 1004 889 hinc
1022 820 1112 891 illinc
1129 821 1212 894 cha-

129 942 230 1013 ritate
255 941 471 1023 laxavimus;
505 952 539 1012 et
568 941 737 1035 quidquid
772 941 806 1010 in
840 939 989 1013 amicitia
1021 941 1122 1015 dulce
1155 947 1213 1016 vel

129 1063 291 1136 sanctum
304 1072 367 1147 est,
383 1063 478 1158 quod
495 1064 529 1133 in
548 1065 702 1157 spatioso
715 1085 794 1136 aevo
812 1061 868 1134 alii
887 1064 1008 1149 solent,
1023 1086 1087 1136 nos
1101 1067 1213 1159 expli-

130 1189 266 1263 cuimus
291 1187 325 1258 in
351 1199 519 1280 angusto,
553 1199 590 1260 ut
621 1187 688 1258 iam
714 1187 895 1261 delectatio
928 1196 1046 1260 nostra
1078 1187 1213 1260 diutur-

131 1314 220 1398 nior,
247 1311 407 1385 amicitiae
427 1334 513 1384 vero
534 1309 624 1384 fides
642 1321 735 1383 certe
755 1333 868 1407 neque
894 1311 1072 1398 sincerior,
1100 1335 1212 1406 neque

130 1434 344 1509 familiaritas
366 1435 492 1505 arctior
512 1455 593 1505 esse
620 1445 748 1527 posset.
776 1434 902 1505 lnvidit
927 1445 1102 1527 gustatam
1129 1435 1213 1506 mihi

129 1563 215 1634 vitae
234 1560 449 1632 dulcedinem
471 1559 620 1630 fortuna.
645 1557 797 1630 Plurima
818 1572 852 1630 et
878 1581 1005 1653 magna
1031 1555 1113 1632 fidei
1139 1579 1214 1630 suae

82 1701 84 1704 ’
131 1685 276 1780 pignora
297 1704 404 1754 sanus
425 1703 590 1777 aegerque
611 1681 763 1778 suscepi,
783 1704 863 1776 quae
885 1683 919 1754 in
940 1682 1045 1756 animi
1064 1681 1133 1754 mei
1154 1705 1214 1778 pe-

132 1804 322 1878 netralibus
343 1803 563 1877 adamantina
584 1805 667 1878 sede
687 1807 874 1879 recondidi.
894 1808 1010 1902 Spero,
1030 1807 1149 1880 itidem
1169 1807 1214 1879 de

131 1954 186 2004 me
207 1931 263 2001 ille
286 1928 440 2013 sentiret,
461 1951 572 2022 eoque
592 1930 813 2025 propensius
836 1953 905 2023 quo
922 1939 957 2002 et
973 1930 1213 2002 humaniorem

133 2055 228 2126 illum
249 2063 285 2125 et
304 2051 530 2125 amantiorem
553 2062 676 2125 natura
698 2056 896 2148 protulerat.
918 2054 1016 2126 Nunc
1037 2064 1152 2124 autem
1173 2052 1213 2123 il-

132 2180 198 2251 lius
221 2177 387 2271 temporis
409 2177 589 2262 memoria,
612 2189 647 2249 et
667 2201 784 2250 amara
806 2179 889 2250 mihi
912 2180 1028 2263 simul,
1050 2190 1085 2250 et
1100 2177 1212 2250 dulcis

133 2310 207 2385 est;
228 2301 307 2373 hinc
328 2303 470 2385 mulcet,
494 2304 573 2373 hino
594 2301 740 2386 cruciat,
763 2324 828 2373 nec
850 2303 933 2374 satis
956 2302 1119 2398 expedio,
1139 2323 1212 2372 ma-

133 2424 238 2495 limne
266 2423 375 2494 luisse
401 2424 446 2493 illi
475 2422 605 2495 homini
632 2434 734 2495 notus
756 2447 800 2496 an
825 2424 1030 2516 incognitus.
1053 2423 1212 2496 Amicum

133 2547 223 2618 enim
244 2547 358 2627 talem,
378 2544 460 2615 felix
482 2554 517 2616 et
537 2546 638 2616 dulce
664 2545 805 2639 quidem
826 2544 1014 2631 habuisse,
1039 2547 1102 2618 sed
1128 2545 1213 2618 ami-

134 2670 238 2754 sisse,
261 2668 495 2738 miserrimum
516 2679 621 2763 atque
642 2669 909 2742 amarissimum.
932 2671 1116 2765 Nunquam
1141 2674 1213 2743 lere

135 2790 220 2862 alias
240 2812 296 2863 me
316 2791 444 2884 ipsum,
468 2802 506 2863 ut
530 2816 634 2877 nuno,
664 2815 909 2876 excusseram3
936 2794 1029 2887 quod
1047 2817 1116 2866 non
1138 2795 1213 2867 sine

137 2912 267 3005 pudore
287 2917 415 2985 lateor:
436 2924 471 2985 et
488 2914 673 2986 affectuum
695 2916 729 2985 in
751 2938 806 2986 me
823 2918 914 3009 plus,
936 2925 971 2986 et
996 2916 1122 2986 virium
1149 2915 1213 2985 mi-

136 3058 203 3108 nus
219 3058 322 3131 quam
337 3037 511 3131 opinabar,
535 3038 683 3110 invenio.
704 3038 871 3110 Putabam
888 3038 995 3121 enim,
1015 3050 1050 3108 et
1066 3037 1211 3129 dignum

135 3169 227 3246 erat,
250 3162 358 3231 multa
379 3161 524 3232 lectione
546 3163 718 3254 longaque
737 3183 852 3232 rorum
870 3161 1084 3254 experientia
1101 3160 1213 3234 obdu-

135 3284 249 3356 ruisse
269 3284 442 3358 adversus
464 3307 586 3357 omnes
610 3287 698 3358 ictus
723 3294 759 3357 et
783 3283 926 3356 iniurias
952 3286 1109 3357 lortunae.
1136 3287 1212 3359 Fal-

134 3408 231 3479 lebar
251 3408 380 3478 infelix.
402 3409 493 3478 Nihil
515 3430 570 3479 me
590 3408 741 3492 molliuS,
765 3407 847 3478 nihil
874 3407 1086 3480 enervatius.
1103 3397 1213 3481 'Puta-

135 3532 228 3618 ham,
247 3534 317 3604 imo
333 3532 493 3625 equidem
515 3545 631 3606 certus
652 3556 761 3617 eram,
781 3555 837 3603 me
856 3533 1078 3605 Franciscum
1099 3508 1212 3603 meum

136 3677 253 3727 amare
274 3657 475 3738 tenerrime3
496 3656 562 3728 hoo
582 3657 675 3728 enim
700 3654 790 3728 illius
812 3678 896 3747 erga
921 3677 975 3725 me
999 3655 1164 3726 charitas·
1178 3664 1213 3724 et

136 3775 303 3870 obsequia
323 3777 554 3850 merebantur.
577 3779 749 3865 Quantum
774 3791 888 3850 tamen
909 3775 1115 3859 amaverim,
1143 3774 1212 3846 heu

139 3921 232 3984 sero,
247 3923 311 3972 nec
328 3901 427 3973 aliter
444 3926 547 3995 quam
567 3902 761 3996 perdendo,
776 3902 935 3994 cognovi.
955 3900 1106 3993 ldeoque
1122 3920 1213 3969 nunc

138 4022 387 4096 intractabilins
402 4027 559 4097 ulcerosa
574 4049 673 4099 mens
692 4026 796 4110 dolet,
816 4027 893 4120 plus
912 4047 950 4095 se
967 4043 1111 4094 cernens
1128 4019 1214 4092 ami-

140 4145 230 4218 sisse
250 4169 352 4241 quam
374 4150 539 4221 crederet.
562 4150 638 4234 Qua
660 4150 695 4218 in
716 4171 752 4219 re
772 4149 855 4220 nihil
874 4147 957 4219 milri
975 4145 1087 4238 magis
1104 4144 1214 4218 obluit

138 4293 244 4365 quam
287 4271 587 4366 impraemeditatio
624 4273 721 4354 eius,
761 4271 854 4363 quod
891 4270 1033 4342 evenire
1070 4290 1215 4342 necesse

138 4405 232 4466 erat:
256 4420 322 4468 non
344 4396 575 4487 cogitaveram
598 4395 812 4466 moriturum.
835 4397 880 4465 Et
905 4394 1055 4488 prolecto
1081 4394 1109 4465 si
1136 4395 1214 4488 quis

139 4500 173 4588 in
194 4519 259 4591 lroc
286 4530 436 4590 torrente
463 4541 575 4590 rorum
610 4518 842 4590 humanarum
874 4519 960 4591 ordo
992 4528 1101 4603 esset,
1136 4528 1215 4588 ante
