2692 5024
959 358 967 375 Ι.
1007 368 1010 373 .

1100 516 1106 525 ι

206 666 268 731 suu
371 736 374 741 ¹
546 668 712 749 nunnus
731 630 959 723 riuum

207 818 376 897 voiuntuti
394 826 477 891 tuo
492 815 618 901 Quintis
636 812 687 917 sit
698 812 837 887 unimus
858 830 964 885 mnu
980 828 1058 885 m
1081 810 1192 907 pinu
1215 810 1291 897 suit,

207 968 273 1021 uuo
295 945 676 1017 summumst
696 930 1292 1027 stemmatum

206 1058 555 1161 autumnando
583 1056 931 1149 uomitum
960 1058 1129 1131 mnus
1157 1060 1294 1151 [uentus

206 1212 296 1277 m,
325 1210 400 1285 qun
430 1189 469 1259 tn
498 1205 552 1256 nu
580 1193 644 1267 m,
674 1176 1295 1255 ammoniatam

205 1318 278 1411 ipe
297 1332 334 1385 ue
356 1312 585 1399 mouent,
604 1326 676 1375 uon
692 1303 793 1396 [milo
805 1303 872 1375 att
888 1299 1096 1375 monton
1114 1304 1294 1377 nouum

205 1436 388 1522 Quatenus
403 1441 521 1505 nutem
537 1426 634 1501 enan
651 1444 814 1521 possum
830 1422 988 1521 undique
1003 1444 1066 1497 nno
1085 1424 1229 1501 hubent
1240 1448 1295 1501 n·

206 1554 478 1653 gusteintnto
489 1551 607 1625 euroin
627 1545 1296 1625 etiuvinoulismoetntitutisneoed·

206 1680 351 1751 huouut
362 1674 541 1747 sedentem
555 1680 618 1745 unt
629 1672 810 1747 iuuentem.
829 1669 962 1743 viduor
980 1678 1103 1743 tumen
1117 1662 1218 1767 ’(ιίι·
1234 1672 1295 1747 itc-

87 1782 93 1813 '
207 1822 272 1873 suu
287 1798 356 1871 hoo
372 1798 487 1893 ipsum
505 1794 635 1879 vidoni,
651 1794 746 1867 idum
764 1814 835 1887 ego
852 1789 938 1865 tuffii
953 1792 1184 1867 mennuuitur
1193 1792 1292 1889 Μ)

206 1920 439 1995 fluentissime
453 1926 687 1993 sunuotunus.
708 1916 780 1989 Sed
798 1912 1016 2013 pensionibus
1033 1916 1132 1991 nnsis
1146 1938 1292 2015 nm.

205 2053 243 2117 et
264 2042 412 2117 inuoluit
433 2041 469 2114 in
495 2062 553 2114 me
571 2038 700 2113 dunum
718 2037 925 2109 inveteratus
943 2039 1224 2115 numnetudiniu
1248 2040 1293 2113 in-

207 2189 308 2260 gum,
322 2187 343 2238 u
357 2165 460 2238 ouius
479 2164 647 2239 suntote
661 2160 743 2255 quis
755 2156 917 2233 liheruh't
940 2180 998 2234 me
1015 2160 1211 2253 miserum,
1234 2161 1293 2237 niti

205 2289 374 2361 Dominus
396 2287 454 2360 iile
476 2286 538 2381 qui
555 2286 655 2357 notuit
678 2279 885 2375 compeditos,
912 2292 946 2353 ut
969 2284 1151 2357 ittmim
1176 2285 1292 2359 tusus?

206 2413 359 2484 Fortuna
376 2420 500 2483 eontra
525 2431 582 2482 me
606 2408 776 2481 haetenus
802 2416 1008 2501 perpetuum
1033 2405 1174 2481 betium
1200 2410 1290 2503 gent

206 2534 283 2626 Ego
299 2544 417 2605 nutem
439 2534 555 2605 suiuus
575 2533 670 2625 quod
694 2530 1101 2605 eommuniodisoordias
1129 2535 1237 2627 parit,
1260 2544 1292 2606 ut

206 2653 240 2723 in
256 2674 344 2748 pune
361 2654 478 2724 vivum
493 2651 635 2744 nequid
649 2672 832 2723 commune
846 2671 966 2722 seeum
986 2651 1153 2739 habeam,
1168 2655 1291 2727 tubero.

207 2773 364 2865 imperia,
374 2793 491 2863 mgna,
501 2771 654 2854 divitius,
669 2771 817 2843 honoms
830 2780 1029 2864 oaeteruque
1040 2773 1226 2849 eiusmodi
1237 2797 1292 2848 suu

208 2907 302 2981 sunt,
324 2907 359 2967 et
379 2894 446 2966 sibi
467 2893 604 2966 hubent.
623 2894 713 2964 Nihil
735 2906 792 2965 est
804 2894 929 2966 horum
949 2894 1047 2985 quod
1064 2916 1123 2967 me
1147 2908 1291 2970 movent.

206 3019 290 3091 Mihi
308 3020 454 3111 linquat,
471 3017 501 3088 si
514 3039 583 3110 quu
602 3026 697 3103 sunt,
720 3016 825 3088 animi
837 3015 906 3086 mei
920 3014 1021 3089 bonu.
1036 3018 1124 3090 ilaeo
1143 3020 1203 3091 sui
1224 3044 1293 3093 mu-

206 3142 300 3212 neris
315 3161 383 3211 non
396 3141 548 3224 fuerunt,
562 3150 654 3211 etue
668 3138 722 3210 sui
735 3137 821 3210 iuris
836 3137 905 3209 sint
917 3136 1048 3230 flagito.
1067 3138 1167 3223 Quid
1180 3142 1291 3224 suevit,

207 3261 291 3353 quid
303 3259 477 3330 minutur‘?
488 3259 598 3330 Nimis
611 3259 673 3330 diu
685 3257 821 3330 debitor
835 3277 922 3329 suus
936 3278 1027 3328 sum.
1039 3258 1227 3332 Cotonium
1240 3282 1296 3358 po-

207 3402 344 3464 namus;
365 3382 500 3452 auferat
517 3402 599 3474 quae
614 3402 680 3451 suu
697 3391 793 3462 sunt3
807 3378 911 3450 nimis
925 3377 987 3449 diu
998 3378 1207 3475 dopositum
1224 3382 1295 3455 eius

209 3523 323 3572 servo.
342 3500 433 3585 Quid
449 3504 601 3595 cogitat?
619 3502 722 3574 Nulla
741 3522 837 3573 mora
856 3510 926 3584 est,
946 3503 1080 3573 uultum
1103 3504 1296 3585 luctamen

209 3628 303 3697 tollat
322 3626 492 3719 quidquid
509 3626 543 3697 id
558 3635 625 3710 est,
644 3635 681 3697 et
705 3644 882 3717 nunquam
909 3644 1100 3695 reversura
1123 3625 1297 3701 disoedut

207 3751 253 3820 Et
271 3750 450 3821 centetum
472 3756 605 3842 purtem
625 3767 694 3817 nou
713 3746 879 3837 exiguum
900 3743 992 3829 tulit,
1018 3752 1056 3815 et
1080 3745 1118 3817 id
1144 3758 1299 3841 qnantu-

208 3873 430 3963 lumoumque
445 3869 675 3962 quodrestut‚
689 3867 850 3940 odiosum
872 3888 961 3938 onus
983 3876 1040 3938 est
1063 3866 1233 3943 humeris
1256 3869 1299 3943 ud

208 3994 329 4065 altiora
342 3991 542 4063 nitentibus.
556 3989 657 4075 Quod
670 3990 715 4062 nd
727 4012 856 4085 corpus
868 3990 997 4074 attinet,
1011 4011 1081 4061 uon
1094 4012 1182 4065 snm
1194 4016 1301 4089 quiem

208 4114 389 4207 setiquisti.
412 4115 546 4208 Hospes
558 4113 714 4207 eorporis
728 4114 807 4198 moi,
824 4135 944 4186 seeum
958 4114 1300 4201 muleoonoorduns

207 4236 460 4329 implacabilem
486 4238 582 4307 litem
607 4236 689 4328 ogit.
729 4237 811 4308 flaee
836 4236 927 4328 iugis
954 4235 1143 4308 sulicitudo
1175 4241 1303 4315 tuoiem

209 4378 321 4429 meum
348 4360 496 4430 mutavit
519 4368 600 4431 ante
623 4380 747 4444 annos,
775 4359 821 4431 itu
847 4368 887 4430 ut
911 4359 978 4429 ium
1005 4357 1067 4429 vix
1094 4361 1220 4453 primo
1248 4386 1305 4438 mo

208 4496 401 4565 oognosous
419 4500 578 4553 oooursu.
605 4480 716 4552 Huius
737 4491 852 4553 tamon
873 4480 923 4552 rei
944 4500 1002 4551 me
1018 4500 1107 4553 nuru
1127 4506 1208 4561 uon
1229 4500 1306 4565 tun-
