2692 5024
193 606 252 671 rat
528 616 572 667 nn
590 614 693 667 umus
714 614 939 667 ιιιιιιιιιιιιι

103 758 109 769 ’
192 763 250 836 sui
279 758 436 854 negociis
459 758 555 856 apud
578 758 705 834 &dem
727 755 964 856 Apostolicam
987 760 1213 855 peregrinum
1236 784 1281 841 eu

193 884 324 961 scilicet
341 892 564 978 tempestate,
583 904 656 979 qua
671 882 763 955 inter
775 883 959 979 praefatum
975 882 1157 957 domimm
1171 904 1280 961 suum

192 1016 230 1080 et
248 1007 461 1079 Francorum
478 1027 599 1099 regem
614 1004 727 1101 prima
742 1004 898 1079 diuturni
916 1005 998 1079 belli
1014 1006 1150 1081 semina
1165 1012 1281 1106 pullu-

185 1129 323 1218 labant,
347 1150 431 1227 quie
453 1140 633 1204 cruentum
658 1150 815 1203 messem
839 1136 963 1225 postea
985 1132 1179 1226 prendere:
1211 1154 1279 1209 nec

191 1253 278 1327 dum
297 1252 461 1347 repositae
478 1252 599 1337 falces,
622 1261 685 1323 aut
702 1252 825 1324 clausa
844 1259 928 1324 sunt
946 1250 1084 1324 horres.
1104 1251 1178 1326 Sed
1192 1254 1278 1329 dum

192 1377 386 1474 promissor
405 1377 465 1447 ille
479 1397 581 1448 meus
601 1374 756 1460 abiisset,
779 1372 857 1448 sive
875 1371 962 1445 nihil
980 1373 1180 1462 inveniens,
1201 1376 1281 1451 sive

191 1500 331 1574 nodter
344 1497 489 1571 iniuncti
506 1494 713 1594 pontificalis
728 1495 832 1569 officii
849 1495 950 1590 gravi
966 1516 1115 1571 munero
1130 1497 1282 1573 diem

192 1633 266 1706 tus,
299 1620 464 1715 quamvis
495 1638 590 1715 saepe
621 1619 747 1693 litteris
769 1619 1018 1715 interpellatus,
1043 1620 1281 1716 expecmtioni

192 1762 283 1817 mem
312 1763 384 1817 uon
407 1742 510 1816 aliter
533 1763 639 1836 quam
663 1742 838 1816 obstinato
862 1740 999 1815 silentio
1025 1740 1205 1815 mtisledt:
1231 1742 1281 1817 itu

192 1866 280 1941 mihi
291 1866 410 1966 Thyle,
417 1866 569 1941 amicitia
584 1864 786 1953 bnamma
793 1864 1000 1938 nihilnotior
1011 1865 1103 1937 locta
1113 1874 1183 1937 est
1194 1867 1280 1941 Post

192 2013 305 2066 annos
320 2012 407 2066 vero
422 1990 520 2063 venit
535 1990 570 2062 in
587 2010 714 2062 munos
730 2010 828 2062 meas
844 1988 981 2063 libellus
996 1987 1043 2061 de
1058 1986 1280 2063 mirabilibus

193 2114 378 2200 Hiberniae,
399 2136 421 2187 a
438 2112 579 2188 (liraldo
597 2113 752 2209 quodam
772 2110 885 2184 aulico
899 2110 1040 2185 ilenrici
1056 2111 1208 2185 Sccuffli
1224 2134 1281 2185 re·

193 2237 249 2330 gis
267 2235 474 2330 Anglorum
495 2237 576 2309 licet
594 2234 691 2308 tenui
710 2256 830 2307 rerum
852 2234 947 2320 stilo,
969 2255 1041 2306 non
1060 2233 1139 2307 rudi
1160 2243 1278 2308 tamen

192 2361 381 2433 verborum
401 2368 476 2431 arto
496 2367 698 2446 contextus:
723 2379 829 2451 quem
855 2378 900 2428 ne
924 2365 1035 2429 totum
1060 2355 1280 2431 bibliothece

192 2494 323 2555 nostrae
342 2481 475 2553 loribus
492 2480 733 2563 excluderem,
753 2477 872 2550 brevis
889 2478 1053 2573 quedam
1069 2478 1183 2576 ipsius
1200 2502 1280 2576 par

193 2604 296 2674 ticula
316 2601 518 2695 promeruit,
532 2599 594 2672 ubi
606 2600 653 2672 de
669 2601 735 2673 hac
750 2600 873 2673 eadem
891 2602 1015 2688 insula,
1033 2610 1166 2675 nostros
1183 2604 1281 2676 simi-

84 2800 89 2809 ,
192 2725 236 2796 lis
267 2732 304 2796 et
335 2744 485 2818 operosa
508 2722 680 2797 dubitatio
705 2723 836 2796 inserta
861 2723 916 2797 sit.
942 2726 1064 2819 ltaque
1088 2725 1280 2802 similitudo

192 2870 263 2922 una
283 2848 413 2942 ingenii
432 2847 517 2920 mihi
538 2847 644 2920 totius
664 2847 780 2942 operis
805 2847 1063 2920 commendavit
1087 2859 1278 2925 necionem.

192 2974 333 3069 Aliquot
350 2972 399 3045 rbi
420 2971 629 3067 scriptorum
651 2969 841 3043 sententias
860 2970 1014 3063 attingit,¹
1035 2971 1129 3064 quod
1148 2971 1280 3046 insula-

192 3121 271 3170 rum
284 3099 424 3182 Oceani,
438 3095 623 3191 quaeciroa
643 3093 868 3178 Britanniam,
891 3113 1019 3186 quaeve
1038 3092 1128 3165 inter
1148 3094 1279 3168 Arcton

192 3230 228 3291 et
247 3221 416 3290 Occasum
435 3228 531 3305 sunt,
552 3229 711 3290 extreme
728 3217 774 3289 sit
794 3217 918 3313 Thyle:
940 3217 1000 3289 ubi
1019 3218 1161 3304 aestivo,
1183 3220 1278 3292 nullo

193 3362 277 3424 non,
299 3340 448 3412 brumali
464 3353 584 3413 contra
605 3340 762 3427 solstitio,
776 3341 871 3412 nulla
882 3339 973 3413 dies:
993 3343 1085 3414 ultra
1101 3365 1209 3436 quarn
1225 3344 1279 3440 pi·

193 3486 296 3557 grum
316 3473 421 3556 atque
442 3475 641 3536 concretum
667 3464 780 3535 iaceat
804 3486 910 3536 mare.
938 3462 993 3536 Ad
1020 3465 1097 3538 lraec
1120 3466 1275 3539 Solinum

192 3596 228 3661 et
246 3587 419 3661 lsidorum
439 3596 550 3659 testes
567 3586 663 3659 citat:
689 3588 844 3680 ignotam
873 3587 1097 3661 nihilominus
1126 3590 1277 3664 insulam

191 3711 375 3796 occidenti,
399 3714 599 3804 nullamque
619 3710 725 3783 huius
745 3713 800 3783 vcl
818 3722 953 3783 naturae
967 3713 1026 3783 vel
1043 3713 1192 3786 nominis
1210 3714 1278 3784 illic

191 3854 272 3906 esse
283 3832 475 3906 confirmat.
490 3834 644 3926 ideoque
655 3833 888 3905 coniecturam
906 3854 1074 3927 sequens,
1093 3845 1154 3906 aut
1169 3835 1278 3906 famo-

192 3978 282 4043 sam,
305 3955 370 4029 sed
389 3954 595 4042 fabulosam,
614 3957 765 4028 insulam
783 3955 977 4029 existimat:
994 3964 1057 4028 aut
1073 3955 1208 4028 infinito
1233 3955 1277 4028 ab

191 4081 268 4152 aliis
295 4080 406 4176 spatio
430 4089 614 4165 secretam,
641 4100 817 4172 nusquam
843 4080 937 4166 alibi,
964 4101 1071 4172 quam
1091 4079 1126 4150 in
1147 4078 1276 4150 intimis

191 4199 341 4275 borealis
361 4204 488 4276 Oceani
509 4203 720 4291 secessibus,
739 4204 1001 4299 requirendam:
1017 4203 1119 4276 cuius
1137 4210 1277 4275 senten

192 4318 250 4389 tiae
273 4322 559 4419 adstipulatorem
587 4324 669 4397 lacit
693 4327 867 4401 Orosium.
893 4327 1033 4400 Poterat
1056 4334 1092 4397 et
1116 4324 1277 4397 Claudia-

192 4442 362 4528 num‚ubi,
377 4445 587 4540 Hyperboreo
596 4446 788 4521 ἀιιιιιιιιι
801 4447 907 4521 sidere
925 4447 1211 4542 Thylen,ait.Hoc
1225 4457 1276 4519 ta·
