2692 5024
186 680 226 745 80
520 686 563 739 us
581 684 683 737 nauus
704 682 927 736 rmutandus

186 822 387 931 praestatur‚
405 835 486 907 illuc
502 834 657 931 andem,
678 854 750 928 quo
773 836 916 906 tratrem
936 843 1036 905 tuum
1054 832 1265 905 translatum

92 1022 106 1047 ,
185 957 406 1043 confidimus,
432 976 515 1029 esse
537 964 718 1027 venturos.
742 954 814 1027 Sed
837 954 924 1048 quid
947 953 1085 1026 interim
1117 953 1265 1027 mummi

185 1081 314 1153 dixerit
337 1079 487 1173 aliquis;
517 1076 692 1150 desiderio
715 1085 906 1170 torqueor,
945 1096 1070 1147 amorc-
1090 1076 1261 1167 langueo,

185 1201 354 1275 aviditate
376 1201 513 1287 crucior
537 1201 681 1272 fratrem
704 1196 896 1271 revidendi.
914 1195 1007 1280 Quid
1030 1196 1139 1269 iacias
1158 1197 1263 1283 aliud,

185 1325 253 1395 nisi
277 1322 372 1417 quod
395 1324 509 1395 lacere
534 1323 673 1407 solent,
711 1319 773 1414 qui
808 1340 895 1392 casu
918 1316 1036 1413 aliquo
1059 1340 1081 1390 a
1106 1320 1264 1413 personis

185 1444 377 1517 carissimis
393 1445 611 1517 avelluntur?
628 1442 830 1515 memoriam
846 1440 1004 1527 retinent
1015 1451 1052 1513 et
1066 1440 1264 1515 mendum

186 1566 372 1661 imaginem
396 1565 568 1661 profunda
593 1572 709 1636 mente
732 1563 956 1637 custodiunt:
980 1562 1059 1635 illos
1074 1574 1204 1651 amant,
1220 1564 1265 1637 de

185 1688 253 1761 illis
278 1691 482 1783 loquuntur,
510 1685 577 1759 illis
601 1706 811 1781 prosperum
834 1695 956 1781 optant
978 1685 1054 1757 iter.
1085 1685 1183 1759 ldem
1214 1688 1265 1759 lac

188 1809 256 1905 (et,
276 1818 397 1881 certus
418 1830 514 1892 sum,
529 1807 598 1880 iam
614 1806 756 1903 iecisti):
769 1810 911 1881 tratrem
930 1817 1031 1880 tuum
1050 1807 1087 1880 in
1105 1830 1151 1881 ea
1169 1818 1265 1903 parte

185 1932 303 2007 cordis
327 1913 518 2020 absconde,
545 1931 639 2005 unde
662 1932 757 2005 nulla
779 1952 861 2003 eum
886 1932 990 2025 pellat
1012 1930 1154 2004 oblivio.
1166 1932 1265 2005 llluru

185 2056 291 2149 dilige
310 2057 498 2149 sepultum,
521 2063 560 2126 ut
578 2053 756 2126 viventem
769 2036 1016 2138 dilexissem
1030 2050 1140 2125 ctiam
1148 2055 1266 2128 multo

186 2177 443 2249 vehementius.
469 2176 569 2249 lllum
593 2198 681 2269 coge
706 2175 837 2271 saepius
861 2176 908 2249 ad
932 2186 967 2247 te
991 2176 1144 2260 reverti,
1169 2196 1265 2248 eom-

186 2299 437 2370 memoratione
455 2297 513 2392 pia
536 2307 572 2369 et
590 2296 774 2389 frequenti.
799 2298 947 2368 Precare
965 2296 1032 2367 iter
1051 2305 1091 2368 ut
1109 2296 1263 2369 faustum

188 2419 255 2490 sibi
291 2421 471 2511 contingat
510 2430 566 2502 et,
609 2419 751 2489 calcatis
787 2416 912 2512 perfidi
951 2418 1065 2491 hostis
1104 2416 1262 2501 insidiis,

186 2545 290 2614 velox
317 2542 353 2612 iu
372 2542 521 2634 patriam
546 2540 691 2612 reditus.
716 2540 838 2633 Neque
869 2540 961 2611 enim
994 2542 1072 2613 haec
1106 2550 1168 2613 aut
1203 2561 1264 2634 pa-

187 2665 253 2734 tria
288 2672 409 2732 nostra
440 2672 510 2747 est,
549 2672 610 2732 aut
634 2664 747 2733 fuerat
779 2682 865 2744 sua,
894 2662 953 2734 ubi
988 2672 1025 2735 ct
1060 2685 1127 2737 nos
1163 2686 1262 2759 perc·

187 2783 368 2874 grinamur
393 2783 528 2868 adhuc,
554 2792 590 2853 et
626 2804 707 2854 cum
745 2782 852 2854 irritis
878 2784 970 2855 votis
1000 2787 1264 2879 expectavimus

186 2906 233 2979 ad
270 2905 411 2978 meliora
436 2915 688 3000 properantem.
727 2905 881 2978 Exilium
910 2918 965 2978 est
1002 2908 1091 2979 hoc:
1114 2906 1191 3001 ipse
1229 2908 1263 2978 iu

186 3030 334 3126 patriam
371 3031 547 3124 proiectus
593 3039 658 3101 est.
691 3028 841 3100 Oremus
879 3039 918 3101 ut
955 3051 1079 3124 sospes
1116 3040 1152 3101 et
1189 3030 1264 3101 sine

187 3153 305 3223 labore
344 3152 534 3244 perveniat.
573 3152 612 3224 ld
648 3151 696 3223 illi
734 3152 903 3246 prodesse
934 3153 1081 3246 poterit:
1113 3151 1150 3224 id
1180 3172 1264 3244 aga-

187 3295 289 3341 mus:
320 3274 416 3365 pium
449 3275 608 3367 obsequii
629 3295 743 3368 genus
765 3285 820 3345 est
852 3297 915 3368 pro
947 3275 1120 3347 defunctis
1151 3295 1263 3345 orare.

185 3392 354 3464 Lacrimae
378 3407 493 3467 autem
520 3408 602 3468 sunt
627 3419 724 3468 arma
749 3397 955 3468 mulierum:
982 3396 1078 3467 viros
1109 3416 1180 3467 non
1205 3397 1265 3468 da-

184 3525 277 3598 cem,
296 3516 364 3586 nisi
385 3519 672 3591 moderatissimae
691 3521 809 3590 forsan
826 3530 932 3613 atque
951 3518 1153 3589 rarissimae.
1171 3517 1264 3590 Alio

184 3643 269 3735 quin
293 3652 328 3714 et
353 3644 579 3714 fundentibus
604 3666 665 3715 eas
697 3645 863 3729 officiunt,
900 3652 936 3715 et
972 3642 1039 3713 illis
1064 3662 1134 3713 non
1160 3640 1263 3736 proti-

183 3764 292 3850 ciunt‚
315 3787 464 3858 quorum
484 3788 601 3836 amore
621 3767 825 3838 funduntur.
847 3767 880 3836 Si
902 3765 1032 3858 quibus
1048 3763 1152 3836 etiam
1173 3784 1264 3835 nunc

184 3887 347 3960 desiderii
381 3887 530 3959 stimulis
556 3886 720 3978 urgeris,
754 3888 868 3979 cogita
893 3888 929 3958 id
953 3887 1158 3959 diuturnum
1183 3906 1263 3959 csse

185 4034 253 4081 non
279 4033 403 4105 posse:
430 4011 549 4083 brevis
574 4020 629 4082 est
653 4010 745 4081 enim
772 4011 951 4083 hominum
977 4009 1065 4093 vita3
1093 4020 1131 4081 ut
1164 4010 1194 4080 si
1220 4008 1264 4082 ad

184 4153 248 4202 nos
272 4157 342 4204 non
369 4133 414 4204 sit
439 4134 493 4206 illc
518 4155 743 4217 reversurus,
770 4154 835 4204 nos
848 4142 964 4204 tamen
977 4131 1023 4204 ad
1040 4133 1137 4204 illum
1162 4154 1265 4226 oper-

185 4260 256 4319 teat
282 4256 367 4324 satis
391 4256 548 4327 celeriter
573 4255 757 4350 proficisci.
787 4257 909 4327 Ouinio
928 4267 1038 4325 cutem
1064 4257 1200 4339 aevu,
1228 4265 1265 4328 ut

185 4370 232 4440 ait
257 4370 388 4459 Cicero,
417 4379 599 4448 tolerabilia
618 4398 686 4447 esso
713 4377 846 4463 micat,
867 4379 1016 4449 etiamsi
1038 4399 1162 4470 mayoc
1185 4380 1262 4447 siat.

184 4491 305 4563 Frater
329 4503 412 4564 tuus
437 4507 578 4586 ereptus
603 4508 659 4567 est
682 4499 775 4569 mille
802 4499 996 4580 laboribus
1029 4509 1066 4568 et
1090 4497 1264 4573 verisimi-
