2692 5024
314 708 406 757 utuuu
426 707 598 757 SECUNDUS.
610 723 651 740 -·
663 705 815 755 uersuum
837 706 879 754 ΙΙΙ.
1097 694 1136 754 93

57 858 120 929 dit:
144 855 191 924 Tu
211 877 288 925 vero
308 856 377 939 abi,
392 853 584 945 dorninoqne
601 864 656 923 tno
676 855 796 923 nantia
814 851 929 922 iisdem
947 875 999 922 me
1014 851 1138 922 reditu-

55 1001 131 1047 rnm
149 979 335 1059 itineribus,
357 977 472 1068 quidne
492 976 606 1057 eatan
626 973 682 1045 sed
702 997 770 1044 non
790 986 967 1066 antequam
986 999 1047 1044 snc
1072 978 1137 1044 cri-

56 1103 149 1170 mine
158 1097 413 1192 praeponderare
424 1098 504 1167 meis
517 1099 711 1191 inceperint.
724 1097 795 1167 Nec
808 1097 924 1168 fefellit
940 1098 1136 1187 augurium.

57 1221 236 1314 Siquidem
256 1242 324 1293 nou
345 1222 453 1291 multo
473 1229 553 1311 post
573 1218 608 1289 iu
629 1220 836 1289 immensum
857 1218 968 1290 auctis
986 1218 1137 1290 hostium

59 1341 258 1426 sceleribus,
268 1341 396 1434 quibus
410 1342 561 1413 insolens
579 1339 685 1412 dabat
709 1340 871 1411 alimenta
891 1340 1049 1424 felicitae,
1068 1342 1140 1410 Me-

58 1465 247 1546 diolanum,
266 1461 332 1532 illis
349 1462 481 1547 eiectiS,
505 1463 615 1534 victor
634 1463 816 1553 ingressus
833 1473 899 1534 est.
918 1464 956 1533 lu
970 1486 1040 1555 qua
1052 1463 1140 1535 urbe

60 1586 112 1680 (ut
131 1583 244 1676 vides)
267 1605 379 1675 usque
399 1583 434 1654 in
454 1583 661 1654 hodiernum
682 1585 774 1656 diem
801 1595 836 1654 et
861 1596 1006 1677 nepotes
1027 1585 1140 1657 domi-

54 1719 186 1778 nantur
205 1719 241 1777 et
260 1704 330 1774 lilii.
352 1706 423 1776 Nec
442 1704 476 1775 in
498 1704 588 1778 hauc
613 1707 843 1778 narrationem
869 1707 1035 1779 incidisse
1059 1707 1139 1780 ideo

44 1828 170 1920 'videri
190 1828 310 1912 velim,
333 1836 372 1898 ul
392 1827 450 1897 vel
468 1826 528 1898 tibi
548 1829 605 1899 vel
625 1826 788 1920 cuiquam
810 1828 888 1899 viro
909 1828 1000 1901 bono
1021 1839 1141 1902 auctor

62 1951 137 2036 sim,
151 1949 323 2022 adversus
337 1949 588 2041 quantumlibet
604 1952 694 2020 male
711 1949 870 2021 meritam
885 1951 1030 2042 patriam
1044 1973 1140 2021 arma

61 2072 235 2167 capiendi:
254 2072 363 2143 satius
381 2093 459 2142 reor
471 2093 660 2165 pauperem
674 2073 709 2143 in
720 2072 825 2143 exilio
842 2070 942 2154 mori,
962 2094 1081 2163 quam,
1102 2073 1141 2141 li-

62 2194 194 2265 bertate
213 2193 364 2278 turbata,
387 2192 582 2265 nolentibus
607 2193 797 2287 imperare;
819 2194 882 2264 sed
904 2203 942 2263 ut
960 2194 1140 2266 veteribus

61 2329 98 2388 et
116 2315 217 2387 novis
237 2325 413 2387 constaret
431 2315 614 2407 exemplis,
637 2337 706 2385 non
726 2336 830 2408 posse
851 2337 914 2407 per
935 2314 1006 2386 vim
1027 2315 1141 2385 exuli-

64 2437 154 2510 libus
175 2460 272 2531 spem
294 2439 431 2510 aulerri.
458 2440 503 2509 Et
525 2438 554 2508 si
574 2436 709 2508 animos
734 2434 992 2508 difficultatibus
1018 2435 1142 2506 obses-

64 2583 121 2632 sos
150 2560 196 2631 ad
219 2560 422 2652 patiendum
455 2560 557 2652 erigit
581 2559 719 2632 fortium
745 2560 900 2630 virorum
927 2556 1139 2642 recordatio,

63 2682 177 2775 accipe
198 2703 291 2753 nuuc
306 2679 410 2752 etiam
430 2681 568 2773 insigne
589 2702 781 2774 recensque
801 2680 895 2752 aliud
911 2683 1124 2773 exemplum.

161 2804 357 2897 Stephanus
383 2806 433 2875 De
451 2805 632 2889 Columna,
661 2826 836 2875 summum
861 2802 993 2875 militiae
1017 2802 1141 2885 decue,

65 2950 144 2999 cum
164 2926 313 2997 inomni
334 2928 471 2997 fortuna
491 2926 677 3017 gloriosus,
698 2936 814 2998 tamen
835 2926 870 2996 iu
890 2925 997 2997 exilio
1017 2924 1144 3016 glorio
1260 2984 1266 2995 .

66 3046 228 3118 sissimus
246 3056 281 3118 et
298 3045 513 3119 admirabilis
529 3048 604 3118 fuit.
625 3049 746 3140 Neque
765 3047 856 3118 enim
885 3069 952 3119 una
972 3056 1047 3116 erat
1066 3045 1143 3115 eius

65 3178 101 3237 et
112 3176 318 3238 caeterorum
332 3170 474 3241 exulum
487 3169 648 3242 conditio.
658 3167 874 3252 Quibusdam
888 3178 989 3238 extra
997 3167 1144 3259 patriam

65 3286 239 3360 nobilibus
260 3297 335 3359 tuto
354 3288 472 3361 vivere
493 3289 712 3384 permittitur:
736 3287 785 3373 hi,
807 3311 887 3361 cum
906 3289 1052 3381 patriam
1068 3288 1146 3361 reli-

65 3408 216 3501 querint,
239 3410 406 3483 laxiorem
420 3414 568 3484 retinent
578 3411 781 3484 libertatem.
803 3410 889 3483 Aliis
911 3412 1036 3485 arctior
1055 3412 1147 3484 dicta

66 3533 122 3602 lex
143 3542 210 3616 est,
239 3543 276 3603 ut
300 3533 366 3605 hoc
389 3543 451 3604 aut
474 3534 532 3605 illo
556 3535 631 3606 loco
657 3557 695 3606 se
720 3535 931 3618 contineant;
957 3535 1025 3606 illic
1049 3533 1147 3604 habi-

67 3653 221 3725 tantibus
242 3654 290 3725 nil
314 3654 438 3728 durius
465 3655 730 3749 expectandum.
757 3657 844 3730 Huic
868 3680 953 3729 vero
977 3666 1013 3728 et
1037 3652 1147 3747 putria

66 3775 298 3862 interdictum,
324 3788 362 3850 et
381 3781 497 3850 nullus
529 3781 563 3850 in
596 3780 680 3853 orbe
706 3791 875 3853 terrarum
904 3788 1000 3850 tutus
1027 3780 1146 3857 locus;

66 3902 182 3970 nullus
203 3899 238 3969 iu
256 3910 350 3971 tanta
368 3910 571 3995 tempestate
587 3913 708 3995 portus
726 3914 786 3974 aut
802 3901 986 3994 refugium.
1006 3899 1147 3968 Hostem

66 4020 187 4094 habuit
206 4032 243 4093 ut
262 4030 450 4113 potentem,
470 4021 517 4094 ita
534 4022 797 4106 inexorabilem,
818 4020 1030 4093 Bonilacium
1047 4018 1148 4088 Octa-

67 4165 150 4213 vum
170 4144 365 4215 Romanum
384 4142 598 4226 Pontilloem3
624 4165 727 4236 quem
749 4143 856 4215 armis
881 4144 1042 4231 frangere
1059 4138 1149 4211 diffi-

64 4263 243 4347 cillimum,
263 4263 453 4336 humilitate
472 4287 532 4334 seu
550 4263 732 4335 blandiciis
750 4263 889 4334 flectere
907 4283 971 4333 nec
984 4260 1149 4355 possibile

66 4383 206 4476 quidem
226 4396 338 4468 esset3
360 4385 524 4477 denique,
545 4402 651 4474 quem
676 4382 762 4452 uihil
785 4381 851 4452 nisi
871 4384 1051 4454 solamors
1071 4383 1149 4455 vin-

65 4506 346 4579 eeret.Saevitum
358 4519 414 4579 est
427 4507 625 4589 inhumane,
634 4503 851 4597 petitumque
863 4504 976 4578 modis
987 4505 1148 4577 omnibus
