2692 5024
127 558 186 621 lot
371 574 376 585 ·
461 564 871 619 nemosrumuunnus
963 526 1005 553 ”
1068 538 1125 615 'i

528 832 707 899 alarona
726 831 794 897 lllll.

236 1034 429 1089 Pntsctscos
448 1032 617 1085 ebremou
636 1031 771 1084 matred
792 1032 951 1085 cocum
972 1036 1000 1086 ³.
1020 1036 1050 1087 Ρ.
1071 1038 1105 1088 l).

415 1233 525 1287 branca
538 1235 566 1285 et
580 1229 715 1301 Podagrn„
729 1228 881 1303 Apologus.

224 1457 361 1531 Anilem
378 1454 440 1528 tibi
456 1453 631 1541 fabellam,
646 1452 710 1527 scd
720 1477 770 1527 ex
781 1476 820 1529 re
833 1454 1040 1553 (otFlaccus
1052 1454 1116 1554 ait)
1129 1478 1214 1551 gns·-

127 1578 388 1655 rio.-Aranea
400 1576 465 1649 iter
476 1598 586 1670 agens
603 1579 692 1651 forte
707 1575 849 1651 obviam
861 1576 985 1651 babuit
994 1578 1210 1673 Podagram3

127 1714 164 1777 et
177 1733 195 1771 a
207 1704 295 1789 Quo,
308 1701 434 1795 inquit,
448 1712 519 1775 tam
531 1709 660 1773 moeeto
671 1698 954 1796 proficisceriet»
978 1700 1210 1789 «Rusticum,

127 1827 177 1899 ait
194 1826 266 1913 illa,
287 1835 324 1897 et
339 1822 514 1897 hirsutum
528 1821 702 1916 hospitem
717 1831 820 1893 nacta
834 1842 947 1909 eram,
964 1820 1026 1916 qui
1043 1844 1103 1893 me
1117 1823 1213 1895 farne

127 1970 170 2023 ac
187 1948 307 2023 labore
325 1955 494 2042 perpetuo
512 1940 702 2017 cmciabat:
721 1941 783 2037 qui
801 1964 882 2015 cum
908 1964 932 2015 a
953 1963 1058 2015 mane
1075 1942 1124 2017 ad
1146 1964 1214 2017 ve-

63 2156 68 2167 ,
122 2094 267 2169 speram
290 2093 347 2144 me
380 2071 469 2145 inter
501 2068 623 2164 glebas
654 2078 692 2142 et
723 2089 812 2141 saxa
832 2067 1018 2155 tenuisset,
1044 2068 1110 2141 vix
1129 2089 1213 2143 sero

127 2197 405 2293 pulverulentam
424 2204 529 2289 atque
548 2193 686 2289 inopem
704 2192 848 2266 domum
869 2189 1125 2288 repetebamus,-
1144 2190 1214 2261 mi·

128 2320 212 2406 scri,
234 2341 413 2414 nunquam
445 2317 589 2410 integris
622 2317 764 2402 calceis,
800 2339 978 2411 nunquam
1011 2315 1088 2389 sine
1114 2316 1214 2391 fasce

129 2442 350 2535 gravissimo.
372 2441 443 2512 lllic
463 2440 631 2513 infelicem
652 2439 752 2531 diem
765 2462 837 2512 nox
854 2439 950 2513 haud
966 2460 1144 2534 quaquam
1159 2442 1215 2513 fe-

127 2563 223 2635 licior
245 2562 466 2656 sequebatur.
487 2561 592 2632 Tristi
615 2559 758 2654 quidem
783 2561 839 2634 ille
865 2585 921 2634 me
942 2585 1058 2649 coena,
1080 2562 1213 2637 mucidi

127 2706 169 2757 ac
188 2683 335 2779 lapidosi
352 2683 452 2776 panis
469 2682 648 2755 veteribus
664 2685 885 2777 fragmentis,
903 2685 1052 2780 allioque
1068 2696 1106 2757 et
1117 2706 1213 2781 prm-

127 2806 226 2879 duris
246 2805 397 2879 oleribus
412 2805 602 2893 solabatur,
616 2818 714 2881 aceto
728 2800 902 2881 turbidam
916 2809 1212 2903 superinfundens

127 2954 266 3026 aquam.
287 2929 522 3003 Saturnalium
540 2929 618 3004 dies
643 2943 732 3018 erat,
754 2931 916 3026 quotiens
933 2954 1059 3006 caseus
1081 2936 1212 3011 sardus

127 3065 333 3131 accesserat.
352 3054 407 3128 Sic
419 3065 612 3150 exceptam,
627 3054 758 3149 agresti
771 3054 922 3141 demum,
936 3066 972 3128 et
983 3055 1094 3150 ipsius
1106 3060 1213 3152 agelli

126 3177 288 3250 duritiem
307 3188 501 3274 superante,
516 3177 699 3271 grabatulo
716 3178 955 3274 componebat.
973 3178 1028 3252 Ad
1045 3201 1211 3253 auroram

127 3301 207 3372 inde
228 3322 454 3393 consurgens,
478 3324 602 3373 rursus
623 3301 658 3371 in
678 3323 853 3394 campum,
875 3310 911 3373 ct
927 3303 972 3375 ad
985 3303 1212 3377 invisumc'o-

127 3422 233 3516 gebat
253 3443 351 3516 opus.
374 3423 430 3494 Sic
445 3423 536 3496 diem
554 3423 632 3496 dies
650 3422 814 3515 urgebat:
834 3426 927 3496 nulla
943 3424 1080 3497 interim
1096 3428 1209 3519 quies,

127 3548 220 3618 nulla
242 3567 322 3641 spes
343 3546 482 3640 quietis.
504 3548 607 3618 Festo
627 3546 721 3617 onim
742 3546 813 3632 dic,
835 3556 896 3618 aut
919 3547 1049 3620 domini
1069 3550 1212 3624 lavabat

126 3691 226 3756 oves,
249 3679 310 3741 aut
329 3668 406 3741 rivo
426 3669 520 3740 viam
541 3668 776 3762 praeparabat,
798 3682 859 3741 aut
883 3692 1000 3764 sepem
1022 3671 1210 3745 novalibus

125 3790 373 3886 praetendebat.
395 3793 590 3864 lmmortale
611 3792 761 3875 malum,
780 3803 816 3864 et
831 3793 973 3866 domum
991 3795 1080 3866 meis
1103 3796 1211 3869 mori-

125 3912 192 3985 bus
213 3916 398 3987 adversam
420 3936 559 4009 perosa,
586 3913 740 4006 diffugio.
763 3942 778 3981 a
804 3915 866 3988 llis
891 3917 1032 4001 auditis,
1054 3915 1208 4003 Aranea,

128 4064 144 4099 u
161 4037 276 4124 Eheu,
299 4038 426 4131 inquit,
440 4059 546 4132 quam
563 4037 706 4111 diversa
722 4038 873 4110 conditio
893 4060 972 4110 mea
988 4040 1060 4111 est'.
1083 4039 1209 4133 Hospi-

126 4165 193 4226 tem
227 4156 333 4228 habui
365 4158 613 4231 elfoeminatum
645 4168 681 4230 et
713 4160 866 4243 mollcm;
888 4160 980 4255 apud
1000 4182 1106 4254 quem
1139 4182 1209 4233 non

96 4256 100 4263 ³
127 4297 300 4350 summum
323 4280 439 4366 modo,
464 4282 527 4353 scd
546 4285 657 4354 solum
678 4282 810 4354 bonum
830 4286 993 4378 voluptas
1006 4293 1093 4355 erat.
1115 4285 1209 4357 Raro

124 4398 247 4491 pedem
268 4403 371 4476 domo
391 4404 572 4479 offerebat:
596 4429 731 4480 coenam
754 4408 800 4479 ad
825 4432 998 4494 auroram,
1022 4409 1208 4503 prandium
