2692 5024
406 651 498 699 nrnnn
519 651 887 705 omarus-ansrom
910 659 949 706 rr.
1152 648 1206 709 431

132 801 220 870 Sunt
251 809 366 872 autem
398 819 466 870 non
493 823 602 893 pauca
627 826 776 895 quorum
803 804 935 895 indiget
954 805 1054 898 inops
1076 809 1152 879 haec
1177 818 1214 879 et

131 925 286 996 mortalis
303 926 390 1009 vita,
409 951 490 1022 quae
513 927 712 998 nominatim
736 928 814 998 stilo
836 928 957 1008 inseri,
979 930 1085 1003 decor
1106 941 1210 1004 vetat.

130 1045 184 1116 Ad
201 1057 415 1133 extremum,
437 1061 474 1120 ut
499 1051 532 1120 in
552 1059 632 1120 vota
651 1071 845 1143 precesque
866 1051 1040 1138 desinam,
1068 1055 1214 1150 inspiret

131 1169 262 1240 utinam
284 1172 383 1242 nobis
404 1173 599 1243 consolator
620 1173 767 1266 Spiritus
789 1174 822 1243 in
846 1173 911 1246 hoc
932 1176 1053 1247 saltem
1076 1177 1214 1270 conspi-

132 1312 220 1373 rare,
240 1302 278 1362 ut
299 1292 381 1362 dum
411 1294 584 1384 spiramus
610 1293 737 1378 adhuc,
756 1296 801 1366 ad
820 1295 975 1388 requiem
993 1296 1212 1388 aspiremus:

130 1423 167 1481 ot
187 1412 245 1506 qui
270 1423 339 1486 tola
358 1414 415 1485 die
438 1413 707 1508 suspiravimus,
731 1417 943 1510 respiremus
957 1417 1001 1489 ad
1016 1440 1211 1510 vesperam.

130 1537 225 1607 Vale.

556 1934 732 1999 epistota
758 1937 791 1999 V.

291 2114 484 2164 rnancrscus
507 2115 674 2163 rrrnlncr
698 2114 833 2162 onrnnro
855 2114 914 2163 suo
937 2115 962 2162 s.
986 2116 1013 2164 n.
1035 2117 1064 2163 n.

317 2273 501 2344 Prosequitur
515 2271 666 2343 superioris
680 2270 803 2343 epistolae
818 2280 1025 2342 argumentum.

231 2514 300 2585 lam
324 2512 494 2606 superiori
514 2512 670 2605 epistolae
688 2512 828 2581 anulum
846 2510 1105 2604 impresseram,
1128 2513 1211 2584 dum

131 2658 223 2721 ecce,
246 2636 398 2708 noudum
427 2634 552 2707 satiato
568 2635 694 2719 animo,
714 2632 877 2727 quaedam
902 2636 1042 2707 venturi
1065 2635 1213 2708 dulcedo

132 2761 308 2854 temporis,
331 2781 434 2852 quam
457 2770 574 2830 mente
594 2771 630 2830 et
654 2759 864 2851 cogitatione
890 2782 1111 2855 praeoccupo,
1138 2762 1214 2831 lati-

131 2891 249 2973 gatnm
270 2881 352 2950 mihi
372 2881 524 2951 restituit
539 2885 725 2964 calamum,
745 2891 794 2964 et,
814 2893 997 2954 cunctante
1014 2881 1149 2967 nuntio,
1170 2905 1213 2955 ne

130 3006 349 3076 occasionem
371 3003 571 3097 perderem,
593 3005 655 3076 sed
674 3006 763 3075 ultro
780 3023 888 3074 morae
905 3024 1031 3074 causas
1049 3004 1214 3097 exquire-

130 3148 219 3208 rem,
246 3124 437 3195 admonuit.
469 3125 570 3196 luvat
594 3125 685 3195 ertim
711 3124 772 3196 diu
802 3125 971 3217 colloqui3
993 3124 1091 3195 iuvat
1114 3127 1211 3198 lateri

132 3258 201 3330 tuo,
217 3267 306 3337 quos
320 3245 394 3337 ipse
406 3247 578 3339 experior,
596 3247 754 3317 stimulos
772 3247 936 3318 incutere.
957 3245 992 3316 Si
1009 3267 1130 3319 omnes
1149 3247 1214 3341 igi

131 3378 187 3440 tur
207 3369 343 3439 beatam
366 3368 558 3460 quaerimus
585 3370 705 3455 vitam,
733 3391 847 3462 neque
873 3368 917 3440 ab
944 3369 1008 3442 hoo
1042 3369 1109 3443 fine
1144 3374 1211 3443 ulla

131 3515 278 3584 usquam
301 3491 497 3561 mortalium
524 3503 617 3563 secta
643 3492 817 3576 dissentit,
846 3513 1056 3585 quamquam
1082 3493 1211 3586 quibus

130 3613 174 3685 ad
195 3614 287 3683 illam
308 3612 505 3684 tramitibus
526 3614 742 3707 pervenitur,
765 3616 912 3685 multum
931 3616 1041 3685 soleat
1058 3615 1210 3686 humana

129 3735 314 3807 curiositas
335 3735 493 3805 altercari
507 3760 514 3817 ;
537 3737 581 3817 si,
604 3735 759 3828 inquam,
775 3735 876 3807 nobis
888 3745 944 3806 ost
960 3735 1133 3827 illaquam
1147 3756 1211 3806 neo

130 3858 276 3951 perdere
290 3878 480 3951 possumus
496 3859 525 3927 si
543 3859 709 3942 velimus,
729 3881 792 3930 neo
810 3858 954 3953 perdere
972 3857 1001 3927 si
1019 3857 1207 3950 possimus,

129 3982 219 4051 velle
235 4001 438 4072 possumus,
459 3978 533 4075 ipsa
550 4003 628 4051 cum
647 3980 761 4052 anima
783 3980 954 4052 felicitatis
972 3978 1212 4071 inseparabili-

131 4112 182 4171 ter
195 4101 356 4174 adiuncta
370 4102 558 4195 cupiditas;
578 4104 607 4174 si
624 4103 819 4175 felicitatem
842 4105 952 4200 ipsam
972 4102 1114 4183 scimus
1134 4102 1210 4173 sine

128 4222 318 4294 amicorum
348 4225 484 4308 solatio,
512 4228 646 4320 plenam
675 4226 730 4294 nic
759 4249 828 4297 non
859 4248 964 4319 posse
992 4224 1208 4314 contingere;
1272 4264 1279 4274 ·

128 4344 212 4437 quid
247 4345 383 4435 gaudiis
409 4345 539 4415 nostris
569 4344 781 4416 obstamus?
806 4345 942 4430 Quidve
968 4343 1121 4416 omnium
1147 4344 1209 4416 bo-

129 4488 211 4538 num
238 4466 379 4561 impedit
408 4467 550 4540 tarditas
577 4466 821 4558 singulorum?
847 4465 951 4538 Venit
975 4466 1137 4559 equidem
1163 4466 1209 4536 ad
