2692 5024
437 703 529 752 niusa
551 703 897 753 sexsus-brussela
921 705 951 752 ll.
1175 693 1229 752 3Η

149 859 308 946 latosque
342 851 531 924 maioribus
565 851 610 923 ab
635 853 691 923 illo
712 854 771 945 qui
792 874 956 924 arcanum
993 874 1108 936 suum,
1136 855 1232 946 quod

149 976 365 1074 sapientibus
385 974 582 1058 abscondit,
610 975 766 1071 parvulis
797 977 955 1047 revelem
979 975 1145 1069 dignatus
1165 968 1231 1049 est'

149 1099 304 1192 Denique
334 1099 385 1171 sic
413 1098 701 1193 philosophemur
721 1109 771 1180 ul,
802 1100 897 1193 quod
923 1099 1152 1192 philosophiae
1169 1122 1227 1170 ne

148 1243 228 1291 men
247 1221 423 1315 importat,
460 1219 664 1312 sapientiam
695 1240 863 1292 amemus.
886 1221 978 1291 Vera
997 1219 1138 1312 quidem
1169 1221 1229 1290 Dei

148 1343 316 1437 sapientia
338 1343 497 1415 Christus
523 1354 591 1423 est;
623 1354 661 1414 ut
689 1364 772 1414 vere
800 1342 1094 1438 philosophemur,
1113 1343 1168 1413 ille
1194 1342 1228 1412 in

146 1467 267 1559 primis
286 1467 459 1539 amandus
484 1465 586 1538 nobis
607 1476 713 1560 atque
741 1465 909 1540 colendus
938 1476 1005 1538 est.
1040 1467 1097 1538 Sic
1117 1465 1229 1538 simus

145 1590 275 1674 omnia,
291 1651 294 1656 .
312 1601 349 1660 ul
374 1600 454 1660 ante
479 1589 595 1661 omnia
620 1590 805 1662 Christiani
833 1590 955 1663 simus.
990 1590 1046 1661 Sic
1076 1589 1229 1684 philoso-

144 1711 259 1804 pbica,
284 1711 334 1782 sic
355 1712 502 1804 poetica,
526 1713 575 1785 sic
596 1712 760 1785 historias
777 1714 951 1804 legamus,
975 1723 1014 1783 ut
1026 1734 1166 1807 semper
1182 1711 1227 1784 ad

144 1855 264 1904 aurern
280 1833 397 1907 cordis
413 1835 635 1926 evangelium
655 1834 781 1907 Christi
805 1846 916 1917 sonet,
950 1857 1020 1929 quo
1041 1857 1110 1907 uno
1141 1834 1227 1907 satis

143 1956 234 2028 docti
260 1978 300 2029 ac
330 1957 460 2038 felicem
492 1958 566 2031 sine
595 1980 666 2052 quo
696 1968 826 2052 quanto
851 1961 950 2051 plura
983 1957 1223 2040 didicerimus,

144 2089 237 2150 lanto
267 2077 474 2151 indoctiores
508 2090 612 2173 atque
644 2080 845 2152 miseriores
879 2080 985 2151 iutnri
1011 2100 1154 2161 sumus3
1180 2078 1225 2151 ad

140 2201 235 2294 qnod
267 2204 363 2304 velut
396 2203 441 2276 ad
473 2225 644 2275 summam
676 2205 750 2274 veri
784 2225 899 2293 arcem
930 2202 1109 2274 reserenda
1143 2213 1225 2275 sunt

140 2325 268 2408 omnia;
289 2328 344 2397 cui
368 2336 543 2420 tamquam
576 2327 634 2398 nni
656 2328 846 2399 litterarum
876 2348 1037 2399 verarum
1057 2324 1221 2399 immobili

139 2446 363 2521 fundamento
393 2459 467 2521 tuto
489 2448 744 2546 superaedificat
770 2450 944 2521 humanus
969 2448 1078 2533 labor3
1111 2461 1148 2521 et
1166 2451 1222 2522 cui

138 2570 314 2645 doctrinas
326 2572 425 2657 alias,
449 2595 516 2644 non
531 2573 716 2657 adversas,
732 2572 888 2646 studiose
906 2575 1135 2656 cumulantes,
1158 2573 1222 2643 mi-

139 2695 231 2768 nime
252 2695 529 2790 reprehendendi
543 2697 692 2769 erimus:
719 2697 785 2770 etsi
798 2696 890 2768 enim
906 2696 949 2768 ud
978 2719 1149 2769 summam
1172 2674 1222 2767 rei

139 2816 312 2889 modicum
333 2818 466 2902 lorsan,
489 2817 533 2890 ad
558 2818 849 2892 oblectamentum
863 2827 958 2890 certe
978 2817 1082 2889 animi
1096 2827 1132 2889 et
1148 2819 1221 2888 oul-

138 2940 258 3010 tiorem
292 2940 376 3013 vitae
410 2940 549 3013 modum
584 2942 771 3036 plurimum
805 2941 976 3014 adiecisse
1010 2939 1217 3010 videbimur.

138 3062 219 3134 Haec
247 3062 452 3147 incidenter,
479 3075 648 3156 quantum
673 3065 770 3136 locus
797 3064 864 3133 iste
888 3083 1012 3156 capere
1029 3061 1129 3131 visus
1149 3070 1216 3140 est,

134 3185 296 3258 dixerim.
318 3187 484 3259 Procedo,
507 3186 729 3280 vagabamur
754 3166 882 3280 pariter
908 3184 941 3252 in
962 3184 1019 3254 illa
1041 3182 1126 3253 urbe
1148 3191 1216 3253 lam

134 3330 277 3400 magna,
296 3330 474 3403 quaecum
493 3320 632 3405 propter
653 3308 803 3405 spatium
824 3329 935 3379 vacua
958 3307 1128 3390 videatur,
1156 3328 1217 3400 po

134 3435 254 3525 pulum
273 3431 379 3505 habet
399 3433 625 3517 immensum
643 3432 754 3504 necin
771 3430 857 3502 urbe
878 3440 1026 3516 tanturn,
1049 3428 1111 3503 sed
1125 3429 1216 3504 cirea

134 3553 257 3625 urbem
279 3557 512 3647 vagabamur;
526 3557 717 3651 aderatque
729 3577 792 3651 per
805 3554 961 3648 singulos
979 3577 1107 3650 passus
1120 3555 1215 3648 quod

134 3675 285 3767 linguam
318 3689 423 3773 atque
444 3680 598 3752 animum
618 3679 800 3751 excitaret.
834 3678 896 3751 llic
916 3678 1072 3749 Evandri
1106 3677 1213 3768 regim

134 3794 191 3868 hic
210 3798 403 3873 Carmentis
424 3803 538 3885 eden
573 3802 630 3875 hic
655 3803 735 3874 Caci
757 3805 937 3898 speluncae
972 3801 1029 3872 bic
1050 3803 1130 3896 lupa
1150 3821 1215 3869 nu-

131 3917 213 4004 trix,
228 3929 265 3991 et
277 3923 457 3996 ruminalis
472 3923 569 4008 licus,
584 3924 711 3996 veriori
724 3925 931 4017 cognomine
944 3922 1142 4002 romularis3
1158 3919 1214 3993 hic

131 4040 228 4112 Remi
261 4046 452 4128 transitus;
489 4047 545 4118 bic
579 4046 649 4119 ludi
682 4046 882 4126 circenses3
920 4045 976 4116 hio
1004 4043 1212 4115 Sabinarum

130 4174 266 4256 raptum
288 4166 344 4238 hio
364 4167 509 4262 Capreae
528 4169 643 4262 paluS,
659 4178 696 4239 et
711 4167 880 4238 Romulus
897 4186 1123 4238 evanescens.
1151 4165 1212 4237 llic

130 4283 254 4359 Numae
267 4311 346 4360 corn
360 4289 488 4382 Egeria
502 4288 727 4382 colloquium;
748 4287 804 4360 hic
819 4289 1088 4381 tergeminorum
1101 4290 1209 4371 aciem

130 4406 186 4479 hio
205 4411 348 4482 lulmine
370 4412 459 4482 ictus
478 4412 588 4483 victor
600 4409 752 4482 bostium
765 4411 961 4506 artileanc
980 4412 1110 4485 militiae
1131 4415 1211 4486 Tul-

129 4531 185 4602 lus
204 4534 387 4616 Hostilium
420 4534 476 4606 hio
505 4555 570 4607 rex
590 4531 802 4628 architecton
828 4535 946 4609 Aucus
967 4535 1127 4619 Martium
1152 4537 1210 4609 hic
