2692 5024
128 671 147 717 x
525 667 791 715 ruouuuorlmton.

126 821 181 868 nec
199 805 327 884 ipsemet
343 806 518 881 Baldellius‚
536 806 631 867 oculis
649 804 749 884 potuit
769 804 908 867 fidelibus
924 805 1089 882 subiicere,
1112 809 1205 869 multa

126 926 176 972 me
193 916 320 972 movent
336 915 370 970 ut
386 910 423 972 de
445 910 511 972 eius
533 910 693 972 existentia
715 923 899 987 magnopere
920 909 1065 973 dubitem.
1088 911 1206 973 Scilicet

125 1019 217 1079 altera
235 1016 283 1078 illa
300 1014 499 1095 epistolarum
516 1016 623 1093 editio,
642 1032 735 1094 quam
751 1021 889 1094 tempore
906 1017 1074 1097 principem
1088 1034 1138 1080 me
1150 1035 1203 1098 pu-

126 1126 191 1180 tare
218 1118 295 1196 dixi,
321 1135 396 1182 cura
423 1126 453 1182 et
472 1119 625 1198 diligentia
645 1124 766 1199 peracta
787 1125 834 1181 est
854 1118 1015 1183 cuiusdam
1037 1120 1204 1185 Sebastiani

125 1223 237 1286 Manilii
252 1224 381 1289 Romani
397 1224 490 1301 civis,
507 1224 562 1303 qui
578 1223 694 1287 librum
710 1223 989 1287 dicanslloma'aico
1011 1227 1129 1289 Bolano
1157 1228 1206 1289 Ve-

126 1328 194 1389 celo
210 1328 356 1404 Putritio,
373 1329 469 1406 equiti
487 1335 623 1404 aureum,
636 1326 836 1405 pbilosopbioe
852 1327 979 1403 doctori,
996 1347 1032 1391 uc
1050 1329 1207 1393 Communi

132 1433 311 1494 Venetorum
326 1433 470 1494 aduocato
482 1432 572 1495 cuius
583 1437 650 1495 erat
663 1429 832 1506 famaliaris,
846 1446 879 1493 se
893 1446 932 1493 ex
945 1431 1013 1494 eius
1027 1433 1205 1496 bibliotheca

125 1536 278 1600 Francisci
293 1536 442 1599 Petrarcaa
452 1542 519 1600 octo
530 1536 729 1617 epistolarum
742 1535 779 1598 de
792 1535 885 1598 rebus
897 1535 1101 1600 familiaribus
1112 1538 1207 1601 libros

126 1656 225 1720 nuper
240 1637 389 1719 accepisse
410 1641 571 1719 profitetur
591 1662 604 1696 ι
624 1639 768 1706 ultimum
790 1639 915 1718 quidem
936 1662 947 1696 1
972 1647 1007 1702 ut
1028 1641 1207 1719 opinabatur

127 1746 267 1824 (eratque
288 1743 405 1824 reapse)
431 1766 443 1799 ‹
469 1761 626 1822 mancum,
648 1744 783 1824 reliquos
803 1744 961 1808 barbarico
988 1747 1103 1808 calamo
1130 1746 1205 1808 adeo

130 1871 141 1901 ι
164 1847 324 1928 proximos
341 1854 375 1910 ut
390 1849 512 1911 nonnisi
528 1848 649 1926 elegans
666 1849 820 1913 divinator
836 1848 1058 1912 elementorum
1075 1855 1203 1912 structu-

130 1975 142 2009 »
167 1967 234 2015 ram
252 1952 421 2017 internosse
433 1954 590 2034 potuisset.
609 1953 672 2016 Tua
692 1975 704 2009 ι
724 1952 866 2035 (prestat
881 1954 966 2016 anim
982 1953 1093 2017 ldanilii
1111 1954 1204 2017 verba

127 2058 273 2118 Bolanum
290 2057 469 2136 alloquentis
482 2057 612 2120 fideliter
624 2056 753 2136 reterre)
771 2079 783 2112 ι
799 2065 901 2120 tamen
914 2059 1133 2136 adhortatione,
1145 2075 1210 2136 qua

131 2185 142 2214 ι
166 2161 242 2222 nihil
251 2162 328 2222 mihi
339 2169 385 2224 est
397 2162 510 2242 potius,
524 2169 559 2224 ut
575 2162 838 2243 imprimerentur,
855 2162 1046 2237 curarimus,
1056 2179 1129 2227 cum
1138 2179 1204 2242 per·

131 2288 142 2318 »
168 2263 263 2326 lacilis
275 2265 400 2344 quidem
411 2282 445 2328 ea
456 2266 544 2330 nobis
557 2265 668 2330 inesset
681 2267 817 2330 facultas:
836 2266 867 2331 in
884 2266 996 2344 quibus
1013 2267 1124 2330 laboris
1145 2283 1206 2328 non

130 2394 141 2424 ι
165 2370 409 2449 parum‚utinam
419 2388 479 2434 non
490 2372 633 2449 inlamiae,
640 2371 803 2451 reperiisse
813 2387 864 2434 me
877 2371 982 2433 fateor.
989 2371 1064 2433 Nam
1075 2377 1108 2433 ut
1120 2379 1206 2433 erant

130 2497 141 2526 »
167 2474 275 2537 Gallica
284 2490 377 2537 manu
395 2477 511 2538 exarati
521 2477 587 2538 sine
595 2476 729 2538 auctoris
739 2476 825 2537 titulo
836 2475 1023 2552 legebantur,
1033 2482 1063 2538 et
1072 2476 1206 2555 epistolae

130 2603 141 2633 »
167 2580 239 2658 ipsae
257 2580 305 2643 vel
321 2595 425 2660 paucae
442 2580 491 2642 vel
509 2579 597 2644 nullae
613 2580 664 2642 cui
680 2578 876 2641 mitterentur
893 2579 1133 2657 assignabantur.
1151 2581 1204 2642 Ve-

130 2707 141 2735 i
165 2698 237 2744 rum
252 2689 287 2744 ut
305 2683 419 2760 ingenii
435 2683 559 2746 facultas
576 2691 606 2746 et
623 2699 732 2746 rerum
747 2683 921 2746 coniectura
944 2683 974 2745 in
996 2690 1076 2747 tanta
1098 2684 1204 2747 obscu-

131 2813 141 2840 ι
167 2787 255 2849 ritate
273 2787 413 2863 dictabat,
428 2790 513 2850 omni
526 2789 658 2852 adhibito
673 2789 771 2852 studio
784 2788 884 2867 aliqua
895 2805 932 2850 er
943 2795 1028 2868 parte
1042 2790 1091 2851 vel
1103 2805 1203 2851 emen-

130 2915 141 2944 »
165 2893 307 2955 davimus
324 2893 373 2953 vel
389 2893 516 2955 fortasse
534 2893 564 2955 in
581 2894 720 2971 peiorem
733 2899 846 2955 statum
859 2893 1033 2970 redegimus
1036 2940 1163 2955 ............
1174 2899 1204 2954 at

131 3021 141 3049 ι
165 3013 204 3059 ne
231 2997 352 3075 ignores
377 2996 453 3074 quid
478 2998 515 3060 de
542 3012 611 3058 meo
638 2997 834 3077 apposuerim
860 2998 975 3075 quidve
1005 2999 1203 3061 resecandum

166 3102 350 3165 duxerim...
368 3100 554 3178 benignas...
572 3117 663 3165 aures
680 3102 846 3182 prestabis.
865 3102 1044 3182 aptavimus
1057 3105 1087 3166 in
1098 3103 1205 3183 primis

130 3229 141 3259 υ
166 3213 195 3266 et
213 3205 364 3268 librorum
383 3213 413 3267 et
430 3205 627 3285 epistolarum
643 3208 748 3271 titulos
763 3208 845 3270 nullo
864 3209 1047 3286 quadrantes
1066 3209 1135 3284 (sic)
1156 3223 1204 3268 or-

131 3335 141 3364 »
166 3309 250 3383 dine,
268 3325 400 3387 quarum
416 3311 480 3372 hac
501 3312 565 3374 lere
586 3313 728 3374 omnium
745 3319 810 3374 erat
827 3313 979 3375 formula:
996 3313 1037 3374 od
1053 3311 1206 3375 Socratem

130 3437 141 3466 »
166 3430 266 3488 suane,
283 3413 324 3474 od
341 3413 508 3475 Barbulam
525 3420 554 3475 et
570 3421 684 3477 coetera
702 3415 733 3477 id
745 3430 849 3491 genus.
863 3414 924 3476 Nos
938 3430 1013 3476 vero
1027 3414 1204 3478 Ciceronem

130 3545 141 3574 ι
165 3525 357 3596 caeterosque
373 3519 568 3582 doctissimos
586 3520 670 3582 viros
688 3520 811 3595 imitati,
827 3536 866 3593 eo
889 3536 982 3596 quem
1003 3519 1136 3597 epistole
1156 3521 1205 3581 lex

130 3649 141 3679 ι
167 3623 345 3704 exposcebat
363 3623 439 3699 ritu,
459 3625 561 3687 titulos
582 3626 795 3704 exposuimus,
818 3630 851 3684 ut
872 3624 985 3685 intueri
1007 3625 1051 3686 las
1071 3631 1126 3686 est.
1149 3625 1206 3686 Eas

131 3753 141 3782 a
166 3735 270 3791 autem
287 3745 356 3807 quae
373 3728 438 3791 sine
455 3729 535 3791 illius
551 3731 589 3793 ad
605 3746 699 3808 quem
716 3728 914 3791 mittebantur
931 3729 1055 3791 nomine
1068 3729 1203 3806 legeban-

132 3857 142 3885 »
169 3841 232 3909 tur,
259 3836 369 3898 barum
396 3836 528 3897 duarum
549 3835 721 3897 litterarum
743 3835 774 3897 T.
797 3834 832 3897 11.
855 3834 952 3897 indice
969 3834 1204 3896 munivimus...

132 3963 142 3992 ι
165 3936 254 3999 llulta
271 3942 392 4004 tandem
413 3941 526 4019 passim
548 3941 578 4002 in
601 3946 662 4001 toto
688 3956 780 4018 opere
803 3941 945 4003 mendose
966 3937 1101 4017 apposita
1123 3952 1205 3999 verae

132 4069 142 4096 ι
167 4043 286 4105 lectioni
304 4045 505 4108 restituimus.
524 4045 565 4107 Ea
584 4060 659 4106 uero
673 4060 742 4123 quae
759 4043 930 4107 barbariem
948 4044 1111 4122 quamdam
1129 4042 1178 4102 rel
1195 4074 1205 4084 -

132 4171 142 4200 ι
167 4147 287 4222 rebant,
310 4154 340 4209 et
363 4166 433 4227 quae
460 4166 514 4212 nec
541 4149 675 4227 epistolae
702 4149 778 4210 ratio
800 4165 854 4210 nec
880 4164 1006 4211 romana
1033 4144 1205 4223 eloquentia

132 4276 142 4303 ι
167 4251 361 4327 admittebat,
388 4252 508 4330 penitus
535 4252 760 4314 resecavimus:
788 4259 821 4312 nt
848 4258 913 4313 erat
939 4247 1205 4312 ambasciatortlms

132 4381 142 4406 ι
167 4356 321 4418 lliensium
356 4355 472 4418 Tiberii
508 4356 654 4435 principis
684 4357 860 4436 responsio,
891 4372 947 4434 pro
982 4352 1089 4432 tepetis
1120 4350 1204 4414 lliou-

132 4484 142 4511 »
169 4461 250 4522 sium
269 4468 324 4522 etc.
349 4485 357 4512 a
