2692 5024
182 619 240 682 llll
295 584 298 591 ¹
512 626 556 677 nn
576 626 678 677 annus
699 622 924 677 ermerannus

182 776 353 873 Scipionis
373 774 571 871 sepulchro,
593 772 659 847 sed
677 772 724 845 dc
743 770 837 843 Urbe
851 770 976 853 lloma,
994 767 1056 841 ubi
1072 768 1190 863 Scipio
1206 792 1296 845 nar-¹

183 916 241 975 tns
260 910 328 987 est,
346 898 408 972 ubi
423 897 606 983 educatus,
624 896 686 970 ubi
705 894 817 969 vietor
836 893 930 966 idem
946 900 983 963 et
998 914 1083 966 reus
1099 892 1178 989 pari
1193 896 1273 990 glo-

183 1024 236 1099 ria
254 1023 498 1119 triumphavit3
519 1022 581 1095 ubi
600 1043 671 1094 non
688 1040 784 1093 unns
806 1019 875 1102 ille,
904 1014 969 1089 sed
993 1016 1270 1093 innumerabiles

182 1146 351 1220 vixerunt
371 1145 452 1233 viri,
474 1165 564 1238 quos
583 1163 765 1235 nunquam
790 1142 883 1215 lama
898 1138 1046 1215 tacitura
1063 1153 1130 1215 est
1151 1142 1203 1215 De
1219 1143 1272 1217 ci-

183 1271 308 1357 vitate,
329 1270 481 1363 inquam,
503 1267 569 1353 illa,
590 1265 647 1339 eui
671 1268 766 1340 nulla
786 1264 909 1337 similis
934 1266 1011 1351 fuit,
1033 1268 1128 1339 nulla
1148 1268 1270 1339 lutura

183 1402 254 1475 est;
273 1410 355 1486 quae
373 1389 498 1463 civitas
521 1410 646 1481 regum
674 1388 780 1462 etiam
803 1389 851 1461 ab
872 1388 976 1461 hoste
1000 1389 1095 1463 dicta
1118 1398 1199 1473 est;
1224 1391 1272 1465 de

185 1516 286 1587 cuias
305 1514 433 1609 populo
452 1512 619 1606 scriptum
640 1511 803 1604 legimus:
832 1532 958 1602 magno
984 1522 1033 1582 ert
1048 1516 1188 1603 fortune
1207 1536 1273 1607 po-

180 1639 259 1732 puli
283 1624 449 1719 Romani,
481 1655 643 1724 magam
674 1644 707 1704 et
738 1634 883 1705 terribile
908 1634 1169 1717 nomem'euius
1194 1636 1274 1711 sine

185 1759 348 1853 exemplo
368 1756 656 1849 magnitudinem,
678 1766 785 1851 alque
804 1756 1110 1853 incomparabilem
1132 1780 1275 1833 monar-

95 1934 101 1947 .
186 1881 301 1955 chiam
325 1882 479 1954 laturam
503 1888 785 1976 presentemque
802 1879 915 1952 divini
933 1881 1136 1955 cecinerunt
1158 1893 1272 1957 vates.

186 2004 308 2099 Neque
323 2026 392 2097 ego
408 2025 502 2076 nuuc
516 2003 691 2076 Romanas
714 2022 908 2098 prosequor
931 2003 1068 2076 landes:
1085 2004 1199 2079 maior
1214 2026 1275 2079 res

187 2137 256 2214 est,
278 2149 385 2220 quam
410 2134 451 2199 ut
473 2123 626 2220 possita
647 2136 906 2198 transcurrente
925 2126 1078 2198 tractari.
1104 2126 1177 2199 Sed
1195 2127 1275 2200 haec

187 2249 318 2325 cursim
339 2249 436 2343 atligi
456 2259 496 2320 ut
519 2248 732 2340 intelligeres
757 2269 828 2319 non
857 2241 1113 2344 parvipendere
1137 2272 1195 2323 me
1219 2270 1277 2321 re-

189 2374 282 2465 ginae
298 2371 396 2445 urbis
416 2382 610 2465 aspectum,
632 2370 677 2443 de
697 2392 767 2462 qua
787 2369 920 2442 infinita
940 2370 1095 2464 perlegi,
1129 2382 1168 2443 et
1197 2373 1275 2467 ipse

189 2498 299 2568 multa
318 2495 388 2566 iam
410 2493 551 2586 scripsi,
574 2495 674 2587 plura
695 2494 784 2564 sorte
802 2492 1011 2586 scriptume,
1038 2492 1106 2564 nisi
1126 2495 1275 2589 primor-

189 2617 247 2688 dia
267 2638 347 2687 mea
373 2615 587 2709 praecipitata
612 2614 689 2687 dies
715 2615 837 2686 mortis
865 2614 1062 2709 abrumpat.
1084 2617 1196 2710 Finge
1220 2640 1277 2689 me

190 2740 246 2810 his
271 2758 494 2831 nequaquam
520 2738 638 2828 tangi3
671 2760 778 2829 quam
810 2738 913 2810 dulce
946 2748 1063 2811 tamen
1094 2751 1152 2812 est
1182 2741 1277 2813 chri-

191 2860 304 2933 stiano
324 2859 439 2932 animo
459 2858 583 2931 urbem
608 2881 765 2944 cernere,
792 2860 870 2933 coeli
895 2859 1008 2932 instar
1024 2860 1060 2931 in
1080 2862 1192 2948 terris,
1221 2884 1278 2935 sa-

189 2983 381 3056 crosanctis
402 2992 596 3081 martyrum
614 2979 731 3055 nervis
757 2992 862 3078 atque
888 2984 1031 3056 ossibus
1055 2992 1276 3071 consertam,

192 3117 227 3177 et
252 3107 328 3177 veri
349 3106 490 3179 testium
511 3106 670 3201 preciosa
693 3108 793 3180 caede
817 3110 1042 3201 respersam?
1064 3106 1196 3181 Videre
1215 3130 1280 3181 ve-

190 3229 336 3298 rendam
356 3231 492 3322 populis
513 3229 703 3302 Salvatoris
719 3229 928 3322 imaginem,
963 3241 1000 3301 et
1030 3232 1065 3301 in
1093 3253 1183 3303 saxo
1214 3232 1281 3304 du-

193 3350 333 3423 rissimo
358 3364 529 3423 aeternum
555 3355 719 3445 gentibus
744 3355 923 3427 adoranda
943 3355 1119 3447 vestigia?
1143 3355 1204 3427 ubi
1233 3356 1278 3429 ad

192 3474 350 3561 litteram,
372 3477 448 3547 luce
469 3474 606 3562 clarius,
628 3478 809 3569 impletum
830 3478 985 3549 cernitur
997 3477 1082 3549 illud
1095 3478 1212 3551 lsaiae:
1234 3477 1283 3548 Et

193 3600 328 3669 venient
343 3596 387 3669 od
401 3610 431 3669 te
445 3601 540 3669 curci
550 3601 612 3692 filii
625 3621 739 3671 eorum
757 3601 815 3693 qui
829 3584 1088 3672 humiliaverant
1103 3611 1144 3684 te,
1154 3611 1187 3670 et
1198 3597 1279 3671 odo-

192 3724 314 3792 rabunt
334 3723 471 3815 uestigio
484 3719 607 3815 pedum
628 3733 757 3793 tuorum
778 3744 890 3792 omnes
907 3725 966 3814 qui
981 3714 1196 3793 detrudebant
1209 3723 1279 3793 tibi.

194 3845 347 3917 Circu'ire
375 3854 574 3917 sanctorum
601 3847 768 3930 tumulos,
798 3846 918 3938 vagari
944 3869 1008 3941 per
1033 3844 1280 3939 Apostolorum

197 3969 298 4053 atria,
334 3969 537 4043 melioribus
563 3970 631 4044 iam
656 3969 750 4042 curis
775 3968 1035 4054 comitantibus,
1058 3980 1094 4042 et
1126 3967 1282 4062 inquieta

197 4091 415 4165 solicitudine
434 4093 519 4166 vitae
536 4092 720 4188 praesentis
743 4093 779 4163 in
801 4093 902 4165 litore
919 4093 1085 4164 Massiliae
1103 4091 1282 4164 destituta.

196 4213 284 4295 Quae
304 4237 384 4287 cum
405 4216 453 4287 ita
475 4217 558 4303 sint,
581 4217 666 4311 quid
686 4238 743 4289 me
764 4238 909 4309 segnem
930 4237 1058 4299 vocas,
1082 4236 1163 4285 cum
1190 4212 1283 4285 scias

197 4335 292 4422 quod
305 4335 371 4408 iter
383 4360 499 4410 meum
511 4363 558 4412 ex
570 4339 683 4412 alieno
693 4339 820 4433 pendet
832 4337 1084 4431 arbitriolEgo
1097 4358 1153 4407 me
1166 4335 1285 4428 ipsum

199 4450 259 4523 tihi
272 4454 452 4531 dederam:
465 4484 615 4555 parvum
629 4462 771 4554 quidem
786 4462 850 4535 scd
862 4470 1070 4555 perpetuum
1085 4478 1231 4530 munus:
1246 4468 1286 4529 tu
