2692 5024
131 680 170 741 68
466 688 508 737 ΒΕ
527 686 630 737 nunus
649 686 872 739 mllddlllllliss

131 849 237 925 notae,
259 859 329 911 uon
348 836 452 909 modo
471 837 577 909 corde
595 845 786 928 concepte,
809 835 872 907 sod
889 836 994 907 etium
1013 856 1076 907 ore
1095 838 1211 929 prola-

130 971 194 1045 tae,
211 958 341 1053 quibus
361 958 605 1031 dormitantem
624 957 778 1031 animum
797 957 951 1029 excitare
970 959 1082 1043 soleo3
1102 980 1209 1051 quam

131 1090 302 1175 praterea
332 1080 479 1153 delectet
510 1081 569 1152 vel
600 1079 747 1153 aliorum
775 1080 833 1151 vel
857 1100 934 1151 mea
957 1100 1209 1173 nonuunquam

131 1204 258 1296 scriptu
278 1204 475 1285 revolvem
495 1211 712 1295 quantumve
728 1223 775 1275 ex
794 1220 837 1273 eu
861 1200 1006 1273 lectione
1024 1201 1210 1273 exonerari

131 1346 187 1397 mc
206 1323 354 1397 seutiam
373 1322 595 1415 gravissimis
615 1321 920 1415 acerbissimisque
938 1322 1121 1408 molestiis,
1140 1344 1211 1395 uon

131 1445 231 1518 tacite
249 1444 423 1520 dicturum
448 1465 505 1515 mc
530 1445 755 1537 speraverim.
775 1444 898 1537 quue
921 1442 1035 1535 magia
1059 1441 1210 1535 propriis

131 1566 280 1639 adiuvor
313 1564 499 1651 interdum,
525 1586 596 1658 quo
628 1564 686 1638 illa
709 1560 937 1657 unguoribus
962 1560 1051 1633 meis
1075 1561 1212 1654 aptiora

133 1698 230 1771 suut,
250 1708 333 1779 quae
352 1685 493 1757 conscia
512 1706 639 1757 manus
658 1684 785 1757 medici
802 1682 1001 1775 lauguentis
1017 1693 1053 1755 et
1067 1680 1131 1753 ubi
1147 1684 1212 1755 do-

132 1808 185 1877 lor
209 1815 306 1877 esset
330 1805 528 1891 sentientis,
549 1806 702 1901 apponit.
727 1805 830 1890 Quod
854 1824 1032 1897 uunquam
1057 1806 1211 1897 proiecto

133 1946 376 2021 consequerer,
383 1925 568 2000 uisiverbu
578 1926 655 2021 ipsa
667 1928 832 2001 salutaria
845 1928 1083 2000 demulcerent
1094 1948 1209 2013 amec,

131 2054 168 2116 et
188 2067 245 2118 mc
265 2046 311 2118 ad
332 2046 462 2141 saepius
480 2048 704 2141 relegendum
718 2047 761 2149 'vi
779 2048 934 2141 quadam
957 2047 1072 2117 iusitae
1091 2046 1211 2121 dulce

132 2166 225 2237 dinis
241 2166 444 2253 excitantia,
458 2169 590 2241 sensim
606 2168 847 2252 illabereutur;
860 2181 965 2262 atque
981 2167 1111 2241 additis
1128 2190 1212 2241 acu-

133 2286 210 2374 leis,
231 2288 397 2362 interiora
417 2288 672 2383 transfigerent.
693 2292 787 2362 Vale.

276 2425 409 2481 Kalendis
425 2427 497 2481 Maii.

547 2738 726 2803 Epistola
746 2740 791 2803 lx,

226 2904 421 2956 Fatuclscus
437 2866 607 2956 aduatuci
628 2907 744 2957 Tuulffl
764 2908 961 2959 uusstultust
982 2910 1009 2960 S.
1031 2912 1060 2961 Ρ.
1081 2911 1112 2960 u.

466 3061 623 3117 Detestatur
639 3076 736 3117 senem
752 3078 877 3117 auarum.

229 3272 427 3342 Seniculum
448 3284 545 3342 tuum
570 3273 700 3365 optime
724 3273 896 3343 valentem
920 3270 1073 3340 noveris.
1093 3270 1209 3342 Mores

131 3413 199 3462 non
220 3392 335 3463 animo
359 3402 509 3479 tantum,
532 3393 595 3465 sed
614 3404 649 3466 et
672 3393 806 3485 corpori
831 3393 1054 3486 opitulantur.
1074 3392 1210 3486 Fruga-

130 3513 211 3584 litas
231 3511 334 3584 bonae
356 3513 565 3585 valetudinis
587 3537 686 3587 soror
704 3523 770 3586 cst.
792 3514 906 3597 Hunc,
928 3513 995 3582 nisi
1016 3516 1108 3585 lame
1126 3537 1210 3587 cou-

132 3633 259 3719 ficitur,
278 3626 507 3706 immortalem
525 3636 625 3708 scito:
644 3638 692 3708 ita
709 3638 852 3723 siccum,
870 3647 905 3708 et
921 3638 1117 3709 defecatum
1134 3663 1211 3713 cor-

128 3757 314 3849 pusculum
346 3766 417 3839 cst;
444 3756 492 3826 ita
521 3756 606 3827 nihil
637 3757 702 3828 loci
735 3755 905 3841 febribus,
934 3768 994 3828 aut
1026 3759 1207 3851 podagrae.

129 3879 266 3951 Victum
287 3877 436 3949 hominis
463 3887 624 3970 aspectus
650 3879 725 3969 ipse
752 3888 915 3949 testatur:
936 3881 1056 3950 vultus
1082 3883 1207 3973 pallor,

130 4001 272 4085 macies,
299 4011 335 4071 et
358 4000 537 4071 oculorum
564 4020 705 4092 specus
726 4009 761 4070 et
786 4000 885 4070 triste
910 4000 1149 4091 supercilium,
1174 4011 1210 4072 et

128 4116 256 4192 inculta
277 4122 459 4193 severitas.
472 4121 615 4194 Accedit
634 4121 669 4191 in
686 4121 845 4192 cothurni
862 4144 993 4192 morem
1012 4121 1209 4195 subductus

128 4241 280 4325 calceus,
301 4254 336 4314 et
358 4245 512 4315 attritum
533 4245 630 4316 senio
646 4244 832 4337 palliolum.
850 4243 953 4314 lllodo
973 4243 1106 4314 litteras
1127 4266 1211 4316 nos-

130 4366 198 4440 set,
234 4361 478 4455 philosophum
504 4374 564 4435 aut
588 4375 726 4456 poetam
751 4364 902 4437 diceres:
929 4363 1209 4457 philosophicum

126 4475 221 4546 euim
245 4486 397 4566 tergum,
420 4484 571 4569 tragicos
593 4484 699 4574 pedes
725 4482 841 4552 habet.
861 4479 1040 4571 Quidquid
1060 4485 1108 4555 ad
1133 4485 1212 4557 haec
