<?xml version="1.0" encoding="UTF-8"?>
<!DOCTYPE html PUBLIC "-//W3C//DTD XHTML 1.0 Transitional//EN"
    "http://www.w3.org/TR/xhtml1/DTD/xhtml1-transitional.dtd">
<html xmlns="http://www.w3.org/1999/xhtml" xml:lang="en" lang="en">
 <head>
  <title>
</title>
<meta http-equiv="Content-Type" content="text/html;charset=utf-8" />
  <meta name='ocr-system' content='tesseract 3.04.00' />
  <meta name='ocr-capabilities' content='ocr_page ocr_carea ocr_par ocr_line ocrx_word'/>
</head>
<body>
  <div class='ocr_page' id='page_1' title='image "./epistolaederebu00fracgoog_0226.png"; bbox 0 0 2692 5024; ppageno 0'>
   <div class='ocr_carea' id='block_1_1' title="bbox 366 684 1161 746">
    <p class='ocr_par' dir='ltr' id='par_1_1' title="bbox 366 684 1161 746">
     <span class='ocr_line' id='line_1_1' title="bbox 366 684 1161 746; baseline 0.01 -8"><span class='ocrx_word' id='word_1_1' title='bbox 366 691 457 739; x_wconf 86' lang='lat' dir='ltr'><strong>nrnna</strong></span> <span class='ocrx_word' id='word_1_2' title='bbox 480 690 815 741; x_wconf 73' lang='lat' dir='ltr'><strong>rursus-nrisrona</strong></span> <span class='ocrx_word' id='word_1_3' title='bbox 837 693 889 740; x_wconf 91' lang='lat' dir='ltr'><strong>vu.</strong></span> <span class='ocrx_word' id='word_1_4' title='bbox 1122 684 1161 746; x_wconf 75' lang='grc'><strong>63</strong></span> 
     </span>
    </p>
   </div>
   <div class='ocr_carea' id='block_1_2' title="bbox 92 833 1256 2642">
    <p class='ocr_par' dir='ltr' id='par_1_2' title="bbox 92 833 1256 2642">
     <span class='ocr_line' id='line_1_2' title="bbox 95 833 1160 927; baseline 0.001 -20"><span class='ocrx_word' id='word_1_5' title='bbox 95 837 169 921; x_wconf 76' lang='lat' dir='ltr'><strong>tiuS,</strong></span> <span class='ocrx_word' id='word_1_6' title='bbox 184 856 275 905; x_wconf 89' lang='lat' dir='ltr'><strong>nunc</strong></span> <span class='ocrx_word' id='word_1_7' title='bbox 288 833 322 903; x_wconf 94' lang='lat' dir='ltr'><strong>in</strong></span> <span class='ocrx_word' id='word_1_8' title='bbox 336 834 452 927; x_wconf 89' lang='lat' dir='ltr'><strong>pratis,</strong></span> <span class='ocrx_word' id='word_1_9' title='bbox 466 841 502 905; x_wconf 91' lang='lat' dir='ltr'><strong>et</strong></span> <span class='ocrx_word' id='word_1_10' title='bbox 513 855 575 927; x_wconf 91' lang='lat' dir='ltr'><strong>per</strong></span> <span class='ocrx_word' id='word_1_11' title='bbox 586 856 667 905; x_wconf 92' lang='lat' dir='ltr'><strong>rura</strong></span> <span class='ocrx_word' id='word_1_12' title='bbox 680 836 875 919; x_wconf 91' lang='lat' dir='ltr'><strong>multorum,</strong></span> <span class='ocrx_word' id='word_1_13' title='bbox 891 834 1036 907; x_wconf 83' lang='lat' dir='ltr'><strong>toribus</strong></span> <span class='ocrx_word' id='word_1_14' title='bbox 1050 838 1160 909; x_wconf 85' lang='lat' dir='ltr'><strong>variis</strong></span> 
     </span>
     <span class='ocr_line' id='line_1_3' title="bbox 92 956 1158 1045; baseline 0.002 -15"><span class='ocrx_word' id='word_1_15' title='bbox 92 958 295 1031; x_wconf 80' lang='lat' dir='ltr'><strong>insidemus.</strong></span> <span class='ocrx_word' id='word_1_16' title='bbox 312 957 571 1028; x_wconf 81' lang='lat' dir='ltr'><strong>Persarutemur</strong></span> <span class='ocrx_word' id='word_1_17' title='bbox 586 956 767 1029; x_wconf 84' lang='lat' dir='ltr'><strong>doctorum</strong></span> <span class='ocrx_word' id='word_1_18' title='bbox 784 957 962 1029; x_wconf 92' lang='lat' dir='ltr'><strong>hominum</strong></span> <span class='ocrx_word' id='word_1_19' title='bbox 977 959 1099 1045; x_wconf 91' lang='lat' dir='ltr'><strong>libros,</strong></span> <span class='ocrx_word' id='word_1_20' title='bbox 1114 983 1158 1032; x_wconf 86' lang='lat' dir='ltr'><strong>ex</strong></span> 
     </span>
     <span class='ocr_line' id='line_1_4' title="bbox 92 1079 1162 1175; baseline 0.002 -25"><span class='ocrx_word' id='word_1_21' title='bbox 92 1080 217 1175; x_wconf 89' lang='lat' dir='ltr'><strong>quibus</strong></span> <span class='ocrx_word' id='word_1_22' title='bbox 240 1079 425 1150; x_wconf 92' lang='lat' dir='ltr'><strong>sententias</strong></span> <span class='ocrx_word' id='word_1_23' title='bbox 445 1080 707 1151; x_wconf 83' lang='lat' dir='ltr'><strong>florentissimas</strong></span> <span class='ocrx_word' id='word_1_24' title='bbox 728 1101 768 1150; x_wconf 87' lang='lat' dir='ltr'><strong>aa</strong></span> <span class='ocrx_word' id='word_1_25' title='bbox 785 1079 1015 1152; x_wconf 86' lang='lat' dir='ltr'><strong>suavissimas</strong></span> <span class='ocrx_word' id='word_1_26' title='bbox 1032 1082 1162 1173; x_wconf 88' lang='lat' dir='ltr'><strong>eligen-</strong></span> 
     </span>
     <span class='ocr_line' id='line_1_5' title="bbox 93 1200 1162 1294; baseline 0.003 -20"><span class='ocrx_word' id='word_1_27' title='bbox 93 1212 151 1288; x_wconf 86' lang='lat' dir='ltr'><strong>tes,</strong></span> <span class='ocrx_word' id='word_1_28' title='bbox 169 1200 318 1274; x_wconf 88' lang='lat' dir='ltr'><strong>eandida</strong></span> <span class='ocrx_word' id='word_1_29' title='bbox 334 1200 463 1273; x_wconf 86' lang='lat' dir='ltr'><strong>circum</strong></span> <span class='ocrx_word' id='word_1_30' title='bbox 478 1200 548 1272; x_wconf 89' lang='lat' dir='ltr'><strong>lilia</strong></span> <span class='ocrx_word' id='word_1_31' title='bbox 564 1201 766 1273; x_wconf 81' lang='lat' dir='ltr'><strong>fundamur:</strong></span> <span class='ocrx_word' id='word_1_32' title='bbox 785 1200 890 1294; x_wconf 90' lang='lat' dir='ltr'><strong>idque</strong></span> <span class='ocrx_word' id='word_1_33' title='bbox 908 1202 997 1274; x_wconf 89' lang='lat' dir='ltr'><strong>sieut</strong></span> <span class='ocrx_word' id='word_1_34' title='bbox 1013 1204 1162 1277; x_wconf 87' lang='lat' dir='ltr'><strong>indeles-</strong></span> 
     </span>
     <span class='ocr_line' id='line_1_6' title="bbox 93 1323 1160 1416; baseline 0.001 -20"><span class='ocrx_word' id='word_1_35' title='bbox 93 1347 142 1410; x_wconf 90' lang='lat' dir='ltr'><strong>se,</strong></span> <span class='ocrx_word' id='word_1_36' title='bbox 177 1325 229 1396; x_wconf 89' lang='lat' dir='ltr'><strong>sie</strong></span> <span class='ocrx_word' id='word_1_37' title='bbox 259 1323 415 1394; x_wconf 78' lang='lat' dir='ltr'><strong>modeste</strong></span> <span class='ocrx_word' id='word_1_38' title='bbox 440 1323 628 1416; x_wconf 88' lang='lat' dir='ltr'><strong>leniterque</strong></span> <span class='ocrx_word' id='word_1_39' title='bbox 652 1323 846 1395; x_wconf 86' lang='lat' dir='ltr'><strong>laciendum</strong></span> <span class='ocrx_word' id='word_1_40' title='bbox 870 1334 935 1396; x_wconf 88' lang='lat' dir='ltr'><strong>est.</strong></span> <span class='ocrx_word' id='word_1_41' title='bbox 962 1325 1160 1398; x_wconf 83' lang='lat' dir='ltr'><strong>Studiorum</strong></span> 
     </span>
     <span class='ocr_line' id='line_1_7' title="bbox 93 1445 1162 1537; baseline -0.001 -18"><span class='ocrx_word' id='word_1_42' title='bbox 93 1455 297 1529; x_wconf 89' lang='lat' dir='ltr'><strong>nostrorum,</strong></span> <span class='ocrx_word' id='word_1_43' title='bbox 319 1468 388 1516; x_wconf 90' lang='lat' dir='ltr'><strong>non</strong></span> <span class='ocrx_word' id='word_1_44' title='bbox 408 1445 545 1516; x_wconf 89' lang='lat' dir='ltr'><strong>inanem</strong></span> <span class='ocrx_word' id='word_1_45' title='bbox 566 1445 663 1536; x_wconf 89' lang='lat' dir='ltr'><strong>vulgi</strong></span> <span class='ocrx_word' id='word_1_46' title='bbox 683 1445 828 1537; x_wconf 83' lang='lat' dir='ltr'><strong>gloriam</strong></span> <span class='ocrx_word' id='word_1_47' title='bbox 844 1456 1001 1518; x_wconf 88' lang='lat' dir='ltr'><strong>ventosae</strong></span> <span class='ocrx_word' id='word_1_48' title='bbox 1020 1457 1162 1520; x_wconf 89' lang='lat' dir='ltr'><strong>eonten-</strong></span> 
     </span>
     <span class='ocr_line' id='line_1_8' title="bbox 95 1567 1158 1661; baseline -0.001 -21"><span class='ocrx_word' id='word_1_49' title='bbox 95 1568 193 1643; x_wconf 90' lang='lat' dir='ltr'><strong>tionis</strong></span> <span class='ocrx_word' id='word_1_50' title='bbox 210 1568 357 1661; x_wconf 89' lang='lat' dir='ltr'><strong>argutiis</strong></span> <span class='ocrx_word' id='word_1_51' title='bbox 376 1578 520 1661; x_wconf 90' lang='lat' dir='ltr'><strong>partam,</strong></span> <span class='ocrx_word' id='word_1_52' title='bbox 537 1567 599 1638; x_wconf 86' lang='lat' dir='ltr'><strong>sed</strong></span> <span class='ocrx_word' id='word_1_53' title='bbox 616 1567 771 1640; x_wconf 88' lang='lat' dir='ltr'><strong>veritatis</strong></span> <span class='ocrx_word' id='word_1_54' title='bbox 786 1567 943 1640; x_wconf 83' lang='lat' dir='ltr'><strong>affectum</strong></span> <span class='ocrx_word' id='word_1_55' title='bbox 958 1590 998 1639; x_wconf 91' lang='lat' dir='ltr'><strong>ao</strong></span> <span class='ocrx_word' id='word_1_56' title='bbox 1010 1569 1158 1654; x_wconf 88' lang='lat' dir='ltr'><strong>virtutis,</strong></span> 
     </span>
     <span class='ocr_line' id='line_1_9' title="bbox 94 1690 1160 1788; baseline 0.003 -26"><span class='ocrx_word' id='word_1_57' title='bbox 94 1690 324 1764; x_wconf 84' lang='lat' dir='ltr'>honestiorem</span> <span class='ocrx_word' id='word_1_58' title='bbox 350 1691 533 1762; x_wconf 89' lang='lat' dir='ltr'><strong>terminum</strong></span> <span class='ocrx_word' id='word_1_59' title='bbox 564 1700 768 1762; x_wconf 73' lang='lat' dir='ltr'><strong>statuamus.</strong></span> <span class='ocrx_word' id='word_1_60' title='bbox 795 1691 890 1762; x_wconf 88' lang='lat' dir='ltr'><strong>Licet</strong></span> <span class='ocrx_word' id='word_1_61' title='bbox 916 1690 1160 1788; x_wconf 81' lang='lat' dir='ltr'><strong>(mihicrede)</strong></span> 
     </span>
     <span class='ocr_line' id='line_1_10' title="bbox 94 1810 1161 1906; baseline 0.001 -21"><span class='ocrx_word' id='word_1_62' title='bbox 94 1814 167 1888; x_wconf 88' lang='lat' dir='ltr'><strong>sine</strong></span> <span class='ocrx_word' id='word_1_63' title='bbox 177 1813 339 1887; x_wconf 81' lang='lat' dir='ltr'><strong>clamosis</strong></span> <span class='ocrx_word' id='word_1_64' title='bbox 353 1810 633 1885; x_wconf 77' lang='lat' dir='ltr'><strong>altercationibus</strong></span> <span class='ocrx_word' id='word_1_65' title='bbox 652 1813 739 1885; x_wconf 88' lang='lat' dir='ltr'><strong>seire</strong></span> <span class='ocrx_word' id='word_1_66' title='bbox 755 1813 894 1906; x_wconf 91' lang='lat' dir='ltr'><strong>aliquid.</strong></span> <span class='ocrx_word' id='word_1_67' title='bbox 909 1814 985 1886; x_wconf 93' lang='lat' dir='ltr'><strong>Non</strong></span> <span class='ocrx_word' id='word_1_68' title='bbox 1000 1815 1080 1888; x_wconf 83' lang='lat' dir='ltr'><strong>lacit</strong></span> <span class='ocrx_word' id='word_1_69' title='bbox 1091 1817 1161 1888; x_wconf 88' lang='lat' dir='ltr'><strong>ela-</strong></span> 
     </span>
     <span class='ocr_line' id='line_1_11' title="bbox 94 1934 1162 2027; baseline -0.001 -20"><span class='ocrx_word' id='word_1_70' title='bbox 94 1959 180 2021; x_wconf 89' lang='lat' dir='ltr'><strong>mor,</strong></span> <span class='ocrx_word' id='word_1_71' title='bbox 203 1936 265 2008; x_wconf 87' lang='lat' dir='ltr'><strong>sed</strong></span> <span class='ocrx_word' id='word_1_72' title='bbox 283 1935 459 2008; x_wconf 81' lang='lat' dir='ltr'><strong>meditatio</strong></span> <span class='ocrx_word' id='word_1_73' title='bbox 483 1934 668 2007; x_wconf 90' lang='lat' dir='ltr'><strong>doctorem.</strong></span> <span class='ocrx_word' id='word_1_74' title='bbox 689 1936 843 2007; x_wconf 83' lang='lat' dir='ltr'><strong>Profecto</strong></span> <span class='ocrx_word' id='word_1_75' title='bbox 868 1935 995 2027; x_wconf 90' lang='lat' dir='ltr'><strong>itaque,</strong></span> <span class='ocrx_word' id='word_1_76' title='bbox 1017 1936 1083 2007; x_wconf 90' lang='lat' dir='ltr'><strong>nisi</strong></span> <span class='ocrx_word' id='word_1_77' title='bbox 1108 1937 1162 2006; x_wconf 84' lang='lat' dir='ltr'><strong>vi-</strong></span> 
     </span>
     <span class='ocr_line' id='line_1_12' title="bbox 94 2057 1160 2152; baseline -0.001 -20"><span class='ocrx_word' id='word_1_78' title='bbox 94 2060 167 2132; x_wconf 93' lang='lat' dir='ltr'><strong>deri</strong></span> <span class='ocrx_word' id='word_1_79' title='bbox 187 2059 297 2152; x_wconf 88' lang='lat' dir='ltr'><strong>magis</strong></span> <span class='ocrx_word' id='word_1_80' title='bbox 317 2080 424 2152; x_wconf 91' lang='lat' dir='ltr'><strong>quam</strong></span> <span class='ocrx_word' id='word_1_81' title='bbox 444 2080 523 2130; x_wconf 87' lang='lat' dir='ltr'><strong>esse</strong></span> <span class='ocrx_word' id='word_1_82' title='bbox 543 2057 755 2151; x_wconf 91' lang='lat' dir='ltr'><strong>propositum</strong></span> <span class='ocrx_word' id='word_1_83' title='bbox 778 2058 879 2130; x_wconf 93' lang='lat' dir='ltr'><strong>nobis</strong></span> <span class='ocrx_word' id='word_1_84' title='bbox 904 2068 970 2144; x_wconf 90' lang='lat' dir='ltr'><strong>est,</strong></span> <span class='ocrx_word' id='word_1_85' title='bbox 996 2081 1064 2131; x_wconf 94' lang='lat' dir='ltr'><strong>non</strong></span> <span class='ocrx_word' id='word_1_86' title='bbox 1091 2069 1160 2131; x_wconf 92' lang='lat' dir='ltr'><strong>tam</strong></span> 
     </span>
     <span class='ocr_line' id='line_1_13' title="bbox 94 2180 1256 2273; baseline 0.003 -21"><span class='ocrx_word' id='word_1_87' title='bbox 94 2183 236 2273; x_wconf 88' lang='lat' dir='ltr'><strong>plausus</strong></span> <span class='ocrx_word' id='word_1_88' title='bbox 260 2182 393 2254; x_wconf 88' lang='lat' dir='ltr'><strong>insanae</strong></span> <span class='ocrx_word' id='word_1_89' title='bbox 412 2180 656 2265; x_wconf 90' lang='lat' dir='ltr'><strong>multitudinis,</strong></span> <span class='ocrx_word' id='word_1_90' title='bbox 683 2204 787 2273; x_wconf 91' lang='lat' dir='ltr'><strong>quam</strong></span> <span class='ocrx_word' id='word_1_91' title='bbox 812 2182 941 2253; x_wconf 88' lang='lat' dir='ltr'><strong>veritas</strong></span> <span class='ocrx_word' id='word_1_92' title='bbox 967 2182 1002 2252; x_wconf 93' lang='lat' dir='ltr'><strong>in</strong></span> <span class='ocrx_word' id='word_1_93' title='bbox 1028 2182 1161 2256; x_wconf 92' lang='lat' dir='ltr'><strong>silentio</strong></span> <span class='ocrx_word' id='word_1_94' title='bbox 1250 2251 1256 2263; x_wconf 85' lang='lat'>‚</span> 
     </span>
     <span class='ocr_line' id='line_1_14' title="bbox 93 2303 1160 2397; baseline 0.001 -23"><span class='ocrx_word' id='word_1_95' title='bbox 93 2304 252 2394; x_wconf 86' lang='lat' dir='ltr'><strong>plaeebit,</strong></span> <span class='ocrx_word' id='word_1_96' title='bbox 277 2305 476 2397; x_wconf 88' lang='lat' dir='ltr'><strong>erimusque</strong></span> <span class='ocrx_word' id='word_1_97' title='bbox 505 2303 598 2374; x_wconf 91' lang='lat' dir='ltr'><strong>tenui</strong></span> <span class='ocrx_word' id='word_1_98' title='bbox 630 2324 715 2374; x_wconf 91' lang='lat' dir='ltr'><strong>sono</strong></span> <span class='ocrx_word' id='word_1_99' title='bbox 740 2304 925 2395; x_wconf 87' lang='lat' dir='ltr'><strong>protulisse</strong></span> <span class='ocrx_word' id='word_1_100' title='bbox 950 2304 1050 2376; x_wconf 93' lang='lat' dir='ltr'><strong>nobis</strong></span> <span class='ocrx_word' id='word_1_101' title='bbox 1075 2306 1160 2396; x_wconf 89' lang='lat' dir='ltr'><strong>ipsis</strong></span> 
     </span>
     <span class='ocr_line' id='line_1_15' title="bbox 94 2425 1159 2520; baseline 0.002 -27"><span class='ocrx_word' id='word_1_102' title='bbox 94 2425 265 2498; x_wconf 90' lang='lat' dir='ltr'><strong>interdurn</strong></span> <span class='ocrx_word' id='word_1_103' title='bbox 295 2427 569 2499; x_wconf 87' lang='lat' dir='ltr'><strong>authenticarum</strong></span> <span class='ocrx_word' id='word_1_104' title='bbox 596 2426 843 2520; x_wconf 85' lang='lat' dir='ltr'><strong>seripturarum</strong></span> <span class='ocrx_word' id='word_1_105' title='bbox 867 2426 975 2500; x_wconf 87' lang='lat' dir='ltr'><strong>uerba</strong></span> <span class='ocrx_word' id='word_1_106' title='bbox 1001 2427 1159 2498; x_wconf 82' lang='lat' dir='ltr'><strong>contenti.</strong></span> 
     </span>
     <span class='ocr_line' id='line_1_16' title="bbox 94 2546 728 2642; baseline 0 -24"><span class='ocrx_word' id='word_1_107' title='bbox 94 2546 206 2642; x_wconf 82' lang='lat' dir='ltr'><strong>Atque</strong></span> <span class='ocrx_word' id='word_1_108' title='bbox 227 2549 275 2621; x_wconf 89' lang='lat' dir='ltr'><strong>ita</strong></span> <span class='ocrx_word' id='word_1_109' title='bbox 293 2572 362 2621; x_wconf 94' lang='lat' dir='ltr'><strong>non</strong></span> <span class='ocrx_word' id='word_1_110' title='bbox 381 2552 518 2640; x_wconf 82' lang='lat' dir='ltr'><strong>fragore</strong></span> <span class='ocrx_word' id='word_1_111' title='bbox 539 2549 728 2635; x_wconf 86' lang='lat' dir='ltr'><strong>resonabit,</strong></span> 
     </span>
    </p>
   </div>
   <div class='ocr_carea' id='block_1_3' title="bbox 328 2730 958 2813">
    <p class='ocr_par' dir='ltr' id='par_1_3' title="bbox 328 2730 958 2813">
     <span class='ocr_line' id='line_1_17' title="bbox 328 2730 958 2813; baseline 0.005 -20"><span class='ocrx_word' id='word_1_112' title='bbox 328 2730 386 2794; x_wconf 85' lang='lat' dir='ltr'><strong>Sed</strong></span> <span class='ocrx_word' id='word_1_113' title='bbox 401 2736 515 2810; x_wconf 87' lang='lat' dir='ltr'><strong>strepet</strong></span> <span class='ocrx_word' id='word_1_114' title='bbox 531 2731 630 2794; x_wconf 87' lang='lat' dir='ltr'><strong>omnis</strong></span> <span class='ocrx_word' id='word_1_115' title='bbox 647 2747 809 2794; x_wconf 91' lang='lat' dir='ltr'><strong>murmure</strong></span> <span class='ocrx_word' id='word_1_116' title='bbox 824 2748 958 2813; x_wconf 84' lang='lat' dir='ltr'><strong>campus.</strong></span> 
     </span>
    </p>
   </div>
   <div class='ocr_carea' id='block_1_4' title="bbox 93 2917 1163 3614">
    <p class='ocr_par' dir='ltr' id='par_1_4' title="bbox 93 2917 1163 3614">
     <span class='ocr_line' id='line_1_18' title="bbox 93 2917 1161 3016; baseline 0.005 -25"><span class='ocrx_word' id='word_1_117' title='bbox 93 2921 135 2993; x_wconf 89' lang='lat' dir='ltr'><strong>Et</strong></span> <span class='ocrx_word' id='word_1_118' title='bbox 154 2920 330 3014; x_wconf 92' lang='lat' dir='ltr'><strong>quoniam,</strong></span> <span class='ocrx_word' id='word_1_119' title='bbox 350 2929 387 2991; x_wconf 90' lang='lat' dir='ltr'><strong>ut</strong></span> <span class='ocrx_word' id='word_1_120' title='bbox 406 2920 521 3006; x_wconf 85' lang='lat' dir='ltr'><strong>vides,</strong></span> <span class='ocrx_word' id='word_1_121' title='bbox 540 2920 715 2994; x_wconf 90' lang='lat' dir='ltr'><strong>liberalius</strong></span> <span class='ocrx_word' id='word_1_122' title='bbox 734 2944 800 3015; x_wconf 92' lang='lat' dir='ltr'><strong>ago</strong></span> <span class='ocrx_word' id='word_1_123' title='bbox 817 2917 920 3016; x_wconf 89' lang='lat' dir='ltr'><strong>quam</strong></span> <span class='ocrx_word' id='word_1_124' title='bbox 938 2923 1161 2996; x_wconf 91' lang='lat' dir='ltr'><strong>dubitationis</strong></span> 
     </span>
     <span class='ocr_line' id='line_1_19' title="bbox 96 3041 1163 3136; baseline 0.002 -25"><span class='ocrx_word' id='word_1_125' title='bbox 96 3051 163 3112; x_wconf 81' lang='lat' dir='ltr'><strong>tuae</strong></span> <span class='ocrx_word' id='word_1_126' title='bbox 186 3041 376 3113; x_wconf 72' lang='lat' dir='ltr'><strong>necessitas</strong></span> <span class='ocrx_word' id='word_1_127' title='bbox 400 3042 576 3133; x_wconf 79' lang='lat' dir='ltr'><strong>exigebat,</strong></span> <span class='ocrx_word' id='word_1_128' title='bbox 599 3044 692 3115; x_wconf 92' lang='lat' dir='ltr'><strong>aliud</strong></span> <span class='ocrx_word' id='word_1_129' title='bbox 716 3045 818 3115; x_wconf 92' lang='lat' dir='ltr'><strong>etiam</strong></span> <span class='ocrx_word' id='word_1_130' title='bbox 844 3045 1036 3136; x_wconf 76' lang='lat' dir='ltr'><strong>praemissis</strong></span> <span class='ocrx_word' id='word_1_131' title='bbox 1064 3045 1163 3117; x_wconf 91' lang='lat' dir='ltr'><strong>addi-</strong></span> 
     </span>
     <span class='ocr_line' id='line_1_20' title="bbox 93 3164 1161 3259; baseline 0.001 -24"><span class='ocrx_word' id='word_1_132' title='bbox 93 3164 216 3249; x_wconf 90' lang='lat' dir='ltr'><strong>derim,</strong></span> <span class='ocrx_word' id='word_1_133' title='bbox 234 3174 273 3234; x_wconf 93' lang='lat' dir='ltr'><strong>ut</strong></span> <span class='ocrx_word' id='word_1_134' title='bbox 289 3185 391 3235; x_wconf 91' lang='lat' dir='ltr'><strong>omne</strong></span> <span class='ocrx_word' id='word_1_135' title='bbox 408 3165 519 3234; x_wconf 88' lang='lat' dir='ltr'><strong>locum</strong></span> <span class='ocrx_word' id='word_1_136' title='bbox 536 3165 660 3256; x_wconf 81' lang='lat' dir='ltr'><strong>fugias,</strong></span> <span class='ocrx_word' id='word_1_137' title='bbox 681 3165 741 3236; x_wconf 93' lang='lat' dir='ltr'><strong>ubi</strong></span> <span class='ocrx_word' id='word_1_138' title='bbox 758 3175 818 3236; x_wconf 91' lang='lat' dir='ltr'><strong>aut</strong></span> <span class='ocrx_word' id='word_1_139' title='bbox 835 3167 989 3259; x_wconf 88' lang='lat' dir='ltr'><strong>turpiter,</strong></span> <span class='ocrx_word' id='word_1_140' title='bbox 1008 3177 1068 3238; x_wconf 91' lang='lat' dir='ltr'><strong>aut</strong></span> <span class='ocrx_word' id='word_1_141' title='bbox 1082 3189 1161 3238; x_wconf 85' lang='lat' dir='ltr'><strong>oum</strong></span> 
     </span>
     <span class='ocr_line' id='line_1_21' title="bbox 93 3285 1161 3380; baseline 0.003 -24"><span class='ocrx_word' id='word_1_142' title='bbox 93 3307 218 3379; x_wconf 87' lang='lat' dir='ltr'><strong>pompa</strong></span> <span class='ocrx_word' id='word_1_143' title='bbox 237 3285 379 3370; x_wconf 90' lang='lat' dir='ltr'><strong>vivitur,</strong></span> <span class='ocrx_word' id='word_1_144' title='bbox 401 3296 436 3357; x_wconf 88' lang='lat' dir='ltr'><strong>et</strong></span> <span class='ocrx_word' id='word_1_145' title='bbox 455 3285 500 3357; x_wconf 90' lang='lat' dir='ltr'><strong>ad</strong></span> <span class='ocrx_word' id='word_1_146' title='bbox 521 3287 627 3356; x_wconf 90' lang='lat' dir='ltr'><strong>solius</strong></span> <span class='ocrx_word' id='word_1_147' title='bbox 648 3287 749 3358; x_wconf 86' lang='lat' dir='ltr'><strong>lamae</strong></span> <span class='ocrx_word' id='word_1_148' title='bbox 770 3289 944 3380; x_wconf 90' lang='lat' dir='ltr'><strong>popularis</strong></span> <span class='ocrx_word' id='word_1_149' title='bbox 965 3289 1161 3361; x_wconf 89' lang='lat' dir='ltr'><strong>arbitrium:</strong></span> 
     </span>
     <span class='ocr_line' id='line_1_22' title="bbox 93 3406 1163 3502; baseline 0.01 -27"><span class='ocrx_word' id='word_1_150' title='bbox 93 3429 156 3478; x_wconf 91' lang='lat' dir='ltr'><strong>nee</strong></span> <span class='ocrx_word' id='word_1_151' title='bbox 175 3407 291 3477; x_wconf 90' lang='lat' dir='ltr'><strong>minus</strong></span> <span class='ocrx_word' id='word_1_152' title='bbox 311 3406 372 3478; x_wconf 93' lang='lat' dir='ltr'><strong>tibi</strong></span> <span class='ocrx_word' id='word_1_153' title='bbox 392 3430 497 3500; x_wconf 93' lang='lat' dir='ltr'><strong>quam</strong></span> <span class='ocrx_word' id='word_1_154' title='bbox 517 3407 641 3501; x_wconf 87' lang='lat' dir='ltr'><strong>apibus</strong></span> <span class='ocrx_word' id='word_1_155' title='bbox 661 3410 859 3502; x_wconf 81' lang='lat' dir='ltr'><strong>pestiferum</strong></span> <span class='ocrx_word' id='word_1_156' title='bbox 878 3412 967 3484; x_wconf 85' lang='lat' dir='ltr'><strong>scias</strong></span> <span class='ocrx_word' id='word_1_157' title='bbox 986 3413 1163 3486; x_wconf 87' lang='lat' dir='ltr'><strong>habitacu-</strong></span> 
     </span>
     <span class='ocr_line' id='line_1_23' title="bbox 95 3531 263 3614; baseline 0 -16"><span class='ocrx_word' id='word_1_158' title='bbox 95 3531 179 3614; x_wconf 92' lang='lat' dir='ltr'><strong>lum,</strong></span> <span class='ocrx_word' id='word_1_159' title='bbox 201 3538 263 3600; x_wconf 92' lang='lat' dir='ltr'><strong>aut</strong></span> 
     </span>
    </p>
   </div>
   <div class='ocr_carea' id='block_1_5' title="bbox 249 3726 1021 3909">
    <p class='ocr_par' dir='ltr' id='par_1_5' title="bbox 249 3726 1021 3909">
     <span class='ocr_line' id='line_1_24' title="bbox 250 3726 1017 3810; baseline 0.004 -19"><span class='ocrx_word' id='word_1_160' title='bbox 250 3726 306 3791; x_wconf 91' lang='lat' dir='ltr'><strong>Ubi</strong></span> <span class='ocrx_word' id='word_1_161' title='bbox 324 3729 399 3792; x_wconf 91' lang='lat' dir='ltr'><strong>odor</strong></span> <span class='ocrx_word' id='word_1_162' title='bbox 410 3729 487 3792; x_wconf 83' lang='lat' dir='ltr'><strong>oaeni</strong></span> <span class='ocrx_word' id='word_1_163' title='bbox 507 3731 626 3809; x_wconf 80' lang='lat' dir='ltr'><strong>grauis,</strong></span> <span class='ocrx_word' id='word_1_164' title='bbox 644 3736 696 3794; x_wconf 91' lang='lat' dir='ltr'><strong>ant</strong></span> <span class='ocrx_word' id='word_1_165' title='bbox 711 3731 763 3794; x_wconf 91' lang='lat' dir='ltr'><strong>ubi</strong></span> <span class='ocrx_word' id='word_1_166' title='bbox 782 3746 912 3793; x_wconf 88' lang='lat' dir='ltr'><strong>concava</strong></span> <span class='ocrx_word' id='word_1_167' title='bbox 929 3732 1017 3810; x_wconf 84' lang='lat' dir='ltr'><strong>pulsu</strong></span> 
     </span>
     <span class='ocr_line' id='line_1_25' title="bbox 249 3824 1021 3909; baseline 0.001 -20"><span class='ocrx_word' id='word_1_168' title='bbox 249 3824 326 3890; x_wconf 80' lang='lat' dir='ltr'><strong>Saxa</strong></span> <span class='ocrx_word' id='word_1_169' title='bbox 343 3835 464 3905; x_wconf 86' lang='lat' dir='ltr'><strong>sonant,</strong></span> <span class='ocrx_word' id='word_1_170' title='bbox 481 3830 626 3909; x_wconf 88' lang='lat' dir='ltr'><strong>vocisque</strong></span> <span class='ocrx_word' id='word_1_171' title='bbox 643 3831 754 3894; x_wconf 82' lang='lat' dir='ltr'><strong>offensa</strong></span> <span class='ocrx_word' id='word_1_172' title='bbox 771 3831 895 3893; x_wconf 89' lang='lat' dir='ltr'><strong>resultat</strong></span> <span class='ocrx_word' id='word_1_173' title='bbox 912 3831 1021 3907; x_wconf 84' lang='lat' dir='ltr'><strong>imago.</strong></span> 
     </span>
    </p>
   </div>
   <div class='ocr_carea' id='block_1_6' title="bbox 91 4021 1162 4607">
    <p class='ocr_par' dir='ltr' id='par_1_6' title="bbox 91 4021 1162 4607">
     <span class='ocr_line' id='line_1_26' title="bbox 93 4021 1161 4123; baseline 0.007 -34"><span class='ocrx_word' id='word_1_174' title='bbox 93 4021 211 4114; x_wconf 88' lang='lat' dir='ltr'><strong>Neque</strong></span> <span class='ocrx_word' id='word_1_175' title='bbox 230 4022 289 4096; x_wconf 92' lang='lat' dir='ltr'><strong>tibi</strong></span> <span class='ocrx_word' id='word_1_176' title='bbox 306 4027 369 4098; x_wconf 89' lang='lat' dir='ltr'><strong>soli</strong></span> <span class='ocrx_word' id='word_1_177' title='bbox 386 4027 451 4098; x_wconf 89' lang='lat' dir='ltr'><strong>hoe</strong></span> <span class='ocrx_word' id='word_1_178' title='bbox 467 4028 596 4100; x_wconf 90' lang='lat' dir='ltr'><strong>dictum</strong></span> <span class='ocrx_word' id='word_1_179' title='bbox 614 4039 729 4123; x_wconf 77' lang='lat' dir='ltr'><strong>putea,</strong></span> <span class='ocrx_word' id='word_1_180' title='bbox 746 4028 809 4100; x_wconf 93' lang='lat' dir='ltr'><strong>sed</strong></span> <span class='ocrx_word' id='word_1_181' title='bbox 820 4027 989 4110; x_wconf 90' lang='lat' dir='ltr'><strong>omnibus,</strong></span> <span class='ocrx_word' id='word_1_182' title='bbox 1004 4024 1161 4116; x_wconf 83' lang='lat' dir='ltr'><strong>quicum-</strong></span> 
     </span>
     <span class='ocr_line' id='line_1_27' title="bbox 92 4143 1159 4241; baseline 0.005 -27"><span class='ocrx_word' id='word_1_183' title='bbox 92 4165 159 4235; x_wconf 90' lang='lat' dir='ltr'><strong>que</strong></span> <span class='ocrx_word' id='word_1_184' title='bbox 185 4143 219 4215; x_wconf 91' lang='lat' dir='ltr'><strong>in</strong></span> <span class='ocrx_word' id='word_1_185' title='bbox 239 4147 355 4241; x_wconf 88' lang='lat' dir='ltr'><strong>aliqua</strong></span> <span class='ocrx_word' id='word_1_186' title='bbox 375 4172 490 4222; x_wconf 89' lang='lat' dir='ltr'><strong>rerum</strong></span> <span class='ocrx_word' id='word_1_187' title='bbox 511 4150 733 4223; x_wconf 89' lang='lat' dir='ltr'><strong>laudabilium</strong></span> <span class='ocrx_word' id='word_1_188' title='bbox 754 4149 949 4220; x_wconf 87' lang='lat' dir='ltr'><strong>inventione</strong></span> <span class='ocrx_word' id='word_1_189' title='bbox 965 4157 1159 4220; x_wconf 88' lang='lat' dir='ltr'><strong>versantur.</strong></span> 
     </span>
     <span class='ocr_line' id='line_1_28' title="bbox 91 4268 1162 4367; baseline 0.003 -30"><span class='ocrx_word' id='word_1_190' title='bbox 91 4268 235 4342; x_wconf 85' lang='lat' dir='ltr'><strong>Duobus</strong></span> <span class='ocrx_word' id='word_1_191' title='bbox 252 4270 308 4342; x_wconf 90' lang='lat' dir='ltr'><strong>his</strong></span> <span class='ocrx_word' id='word_1_192' title='bbox 325 4274 510 4367; x_wconf 79' lang='lat' dir='ltr'><strong>praeoipue,</strong></span> <span class='ocrx_word' id='word_1_193' title='bbox 533 4272 660 4344; x_wconf 90' lang='lat' dir='ltr'><strong>nobilia</strong></span> <span class='ocrx_word' id='word_1_194' title='bbox 679 4273 865 4343; x_wconf 90' lang='lat' dir='ltr'><strong>multorum</strong></span> <span class='ocrx_word' id='word_1_195' title='bbox 883 4270 1093 4343; x_wconf 82' lang='lat' dir='ltr'><strong>suffocantur</strong></span> <span class='ocrx_word' id='word_1_196' title='bbox 1109 4269 1162 4340; x_wconf 95' lang='lat' dir='ltr'><strong>in-</strong></span> 
     </span>
     <span class='ocr_line' id='line_1_29' title="bbox 92 4391 1162 4490; baseline 0.007 -30"><span class='ocrx_word' id='word_1_197' title='bbox 92 4391 207 4479; x_wconf 86' lang='lat' dir='ltr'><strong>genia,</strong></span> <span class='ocrx_word' id='word_1_198' title='bbox 223 4391 402 4465; x_wconf 90' lang='lat' dir='ltr'><strong>libidinum</strong></span> <span class='ocrx_word' id='word_1_199' title='bbox 415 4394 662 4469; x_wconf 87' lang='lat' dir='ltr'><strong>consuetudine</strong></span> <span class='ocrx_word' id='word_1_200' title='bbox 677 4402 713 4465; x_wconf 93' lang='lat' dir='ltr'><strong>et</strong></span> <span class='ocrx_word' id='word_1_201' title='bbox 724 4393 921 4488; x_wconf 92' lang='lat' dir='ltr'><strong>opinionum</strong></span> <span class='ocrx_word' id='word_1_202' title='bbox 935 4395 1162 4490; x_wconf 87' lang='lat' dir='ltr'><strong>perversitate</strong></span> 
     </span>
     <span class='ocr_line' id='line_1_30' title="bbox 91 4514 1160 4607; baseline 0.006 -23"><span class='ocrx_word' id='word_1_203' title='bbox 91 4514 300 4607; x_wconf 80' lang='lat' dir='ltr'><strong>vulgarium.</strong></span> <span class='ocrx_word' id='word_1_204' title='bbox 326 4519 415 4591; x_wconf 89' lang='lat' dir='ltr'><strong>Dum</strong></span> <span class='ocrx_word' id='word_1_205' title='bbox 439 4519 532 4593; x_wconf 92' lang='lat' dir='ltr'><strong>enim</strong></span> <span class='ocrx_word' id='word_1_206' title='bbox 556 4518 613 4591; x_wconf 86' lang='lat' dir='ltr'><strong>illa</strong></span> <span class='ocrx_word' id='word_1_207' title='bbox 640 4517 737 4591; x_wconf 84' lang='lat' dir='ltr'><strong>sedet</strong></span> <span class='ocrx_word' id='word_1_208' title='bbox 761 4517 979 4607; x_wconf 77' lang='lat' dir='ltr'><strong>intrinsecus,</strong></span> <span class='ocrx_word' id='word_1_209' title='bbox 1004 4520 1160 4593; x_wconf 83' lang='lat' dir='ltr'><strong>exterius</strong></span> 
     </span>
    </p>
   </div>
   <div class='ocr_carea' id='block_1_7' title="bbox 0 0 1352 5024">
    <p class='ocr_par' dir='ltr' id='par_1_7' title="bbox 0 0 1352 5024">
     <span class='ocr_line' id='line_1_31' title="bbox 0 0 1352 5024; baseline 0 0"><span class='ocrx_word' id='word_1_210' title='bbox 0 0 1352 5024; x_wconf 95' lang='lat' dir='ltr'><strong> </strong></span> 
     </span>
    </p>
   </div>
  </div>
 </body>
</html>
