2692 5024
506 418 511 430 Ι

403 649 495 700 nrnun
517 650 894 703 summus-nument
917 656 969 703 uu.
1164 643 1219 704 381

140 800 257 881 ditiae3
279 797 432 891 undique
451 797 753 871 circumvallamur
774 799 904 882 miseri,
926 811 962 870 et
985 800 1073 872 inter
1099 810 1148 872 tot
1173 803 1222 874 la-

138 944 251 1018 queos
284 921 457 1018 spondere
490 920 589 994 nobis
628 922 817 995 iucundum
855 920 987 1016 aliquid
1025 922 1222 996 audemus?

138 1046 280 1119 Totiens
300 1046 468 1131 frustrati,
491 1045 616 1118 totiens
637 1044 785 1116 ludibrio
806 1044 931 1131 habiti,
955 1047 1118 1139 sperandi
1138 1070 1221 1119 con-

139 1171 361 1246 suetudinem
385 1184 421 1244 et
445 1170 569 1243 millies
594 1172 729 1242 elusam
763 1169 1005 1243 credulitatem
1043 1172 1219 1242 nescimus

138 1316 293 1367 exuere:
320 1304 412 1367 tanta
435 1293 621 1380 felicitatis,
645 1295 724 1365 licet
748 1295 862 1379 falsae,
884 1294 1033 1367 dulcedo
1054 1305 1120 1366 est.
1144 1295 1220 1366 Heu

137 1419 301 1491 demens!
326 1419 394 1490 heu
415 1439 523 1504 caece,
547 1440 734 1512 rerumque
753 1417 857 1489 oblite
880 1428 1033 1503 tuarum,
1056 1417 1219 1512 quotiens

136 1564 274 1617 mecum
295 1541 385 1615 dixi!
409 1541 497 1613 Vide
516 1541 586 1626 hic,
609 1550 703 1625 nota,
726 1539 879 1624 attende,
900 1539 1066 1625 subsiste,
1087 1540 1220 1632 recogi-

137 1676 184 1750 ta,
207 1664 366 1761 imprime
388 1667 525 1756 signum
548 1664 673 1749 fixum,
696 1686 900 1735 mansurum
927 1662 1121 1736 indelebile.
1147 1664 1220 1737 Me·

137 1798 255 1862 mento
275 1788 408 1860 fraudis
430 1787 534 1861 huius
555 1796 591 1860 et
608 1788 717 1874 illins.¹
728 1787 821 1858 Nihil
840 1810 992 1881 unquam
1011 1789 1216 1881 speraveris,

137 1912 221 1984 nibil
240 1910 432 1984 credideris
453 1913 613 1993 fortunae3
635 1911 787 1982 mendax
806 1921 874 1994 est,
900 1911 1007 1994 varia,
1037 1911 1138 1996 levis,
1166 1912 1219 1982 in-

137 2032 223 2116 fida;
244 2033 359 2129 priora
379 2032 456 2104 eins
478 2031 604 2104 blanda
624 2041 660 2103 et
680 2031 790 2118 mitia,
813 2031 1006 2126 posteriora
1032 2030 1218 2104 acerbissi-

137 2180 203 2230 ma.
229 2157 327 2228 Nosti
353 2157 420 2227 iam
446 2158 512 2228 boc
537 2156 643 2227 ferale
668 2155 864 2250 prodigium
891 2164 1074 2248 expertus,
1101 2178 1122 2227 a
1155 2177 1218 2227 ne-

137 2279 230 2350 mine
248 2279 316 2349 iam
336 2278 526 2351 docendus.
546 2278 628 2350 Tuis
649 2277 753 2369 igitur
773 2279 944 2373 exemplis
971 2278 1031 2351 tibi
1055 2281 1214 2363 consule,

136 2409 173 2473 et
191 2402 296 2472 ullum
313 2423 391 2473 cum
410 2402 475 2472 hac
491 2401 578 2471 inire
595 2399 839 2472 commercium
857 2411 996 2483 cavelo;
1014 2421 1115 2493 aeque
1134 2424 1216 2495 pro-

136 2525 328 2596 mittentem
349 2547 389 2596 ac
413 2534 596 2616 negantem
621 2524 777 2620 despice,
804 2547 905 2620 aeque
930 2525 1122 2621 rapientem
1149 2527 1216 2599 lar-

136 2647 357 2740 gientemqne
391 2656 582 2718 contemne.
616 2648 688 2720 Hoc
728 2648 966 2731 decreveram,
1005 2647 1071 2721 hoc
1101 2660 1216 2722 mente

140 2768 370 2842 firmaveram.
388 2769 434 2840 Αι
450 2780 530 2865 post
546 2780 614 2841 tam
634 2770 732 2843 virile
750 2772 974 2868 propositum,
993 2793 1074 2844 ecce
1091 2794 1215 2844 rursus

139 2913 242 2985 quam
262 2890 490 2974 muliebriter,
505 2915 608 2984 qnam
624 2894 738 2988 inepte
758 2893 887 2965 decidi:
910 2892 1094 2963 ridiculose
1114 2892 1215 2963 dixe-

138 3012 217 3098 rim,
238 3034 282 3086 an
303 3035 389 3085 vero
409 3012 591 3084 flebiliter?
614 3014 810 3087 Ridiculosc
837 3015 912 3086 aliis
939 3017 1103 3096 fortasse,
1130 3012 1213 3083 mihi

136 3134 276 3230 quidem
310 3157 456 3231 prorsus
488 3135 731 3208 miserabiliter
761 3158 802 3209 ac
827 3136 1029 3207 miserrime.
1056 3137 1140 3208 Post
1165 3144 1214 3208 tot

136 3281 252 3331 rerum
282 3267 498 3352 speratarum
533 3259 689 3354 inopinos
723 3283 826 3332 casus
853 3259 975 3331 induxi
1000 3259 1035 3330 in
1060 3259 1212 3331 animum

134 3404 275 3476 sperare
302 3383 439 3467 iterum,
462 3395 566 3477 atquc
592 3384 673 3458 huic
698 3395 953 3470 momentaneo,
979 3394 1014 3456 et
1038 3387 1136 3457 velut
1160 3386 1213 3457 hi-

132 3503 252 3576 bernae
278 3528 402 3577 sereno
428 3508 539 3578 noctis
566 3509 725 3595 credere,
753 3520 788 3581 et
820 3532 866 3581 ex
898 3518 1028 3582 eventu
1060 3512 1212 3582 crastino

134 3631 301 3722 pendere:
321 3652 493 3725 praecepS,
517 3634 737 3718 temerarius,
765 3633 996 3718 inconsultus,
1025 3631 1212 3703 interblan-

132 3751 198 3824 diri
223 3754 316 3824 curis
349 3755 572 3829 mordacibus
599 3779 708 3830 ausus
735 3781 825 3830 sum.
852 3761 941 3830 Ecce
966 3760 1035 3830 iam
1064 3757 1211 3829 dilectus

132 3897 231 3948 meus
245 3877 369 3961 aderit;
388 3880 594 3953 Franciscus
613 3905 733 3967 meuS,
752 3905 821 3954 non
839 3882 953 3954 minus
974 3880 1055 3953 mihi
1073 3881 1210 3952 iunctus

132 4000 309 4072 voluntate
328 4024 433 4095 quam
454 4005 607 4088 nomine,
631 4028 699 4077 non
721 4006 835 4077 minus
857 4027 974 4078 amore
1000 4028 1104 4100 quam
1131 4027 1211 4077 san-

131 4124 249 4215 guine,
272 4148 352 4199 ecce
371 4127 497 4212 aderit,
521 4139 557 4199 et
576 4131 665 4199 forte
687 4128 754 4199 inm
774 4128 885 4199 adest.
909 4129 993 4198 Tam
1011 4127 1210 4198 vehementi

130 4246 222 4317 enim
249 4249 469 4332 meditatione
496 4251 530 4319 in
556 4273 637 4321 eum
663 4249 903 4335 incubueram‚
932 4260 970 4322 ut
996 4270 1090 4343 saepe
1115 4251 1212 4323 velut

129 4377 210 4441 ante
229 4375 347 4444 oculos
368 4373 558 4465 aspicerem
580 4383 673 4444 tanto
699 4371 806 4442 maris
833 4396 873 4445 ac
902 4383 1071 4444 terrarum
1098 4373 1210 4465 spatio

129 4492 328 4580 distantem,
351 4507 388 4602 et
408 4497 476 4566 ben
495 4517 670 4588 nunquam
691 4495 839 4590 amplius
860 4496 894 4567 in
918 4494 1022 4566 huius
1043 4496 1125 4566 mihi
1146 4519 1207 4592 pe-
