2692 5024
870 514 882 539 r

126 584 185 649 322
464 592 506 642 nr
526 590 626 643 assus
647 588 869 643 rumunnos

126 748 232 831 obvio
256 746 429 830 Cicerone,
455 750 664 839 perventum
688 750 763 827 est,
789 738 1006 815 venerahilis
1033 742 1135 839 apud
1157 766 1223 847 nor

127 868 274 945 Romani
292 867 388 963 regis
403 867 529 940 Numae
546 864 704 960 Pompilii
725 872 905 953 seneclus,
932 866 1001 941 sed
1028 869 1224 945 venerahi-

127 996 193 1067 lior
212 991 367 1077 Catonis,
381 990 527 1076 Camilli,
548 987 663 1073 Fabii,
680 988 821 1073 lietelli,
843 1010 886 1063 ac
900 990 1038 1063 Valerii
1067 992 1219 1081 coniri,

129 1136 280 1212 quornm
296 1116 368 1186 lere
387 1110 542 1184 omnium
561 1130 632 1183 una
650 1118 708 1183 est
722 1118 821 1197 cun,
839 1120 984 1185 centurn
999 1112 1106 1187 anni:
1120 1114 1223 1211 Appii

129 1259 271 1334 quoqne
288 1237 381 1309 illius
399 1233 497 1320 cseci,
522 1234 569 1306 de
592 1233 694 1305 cuius
717 1232 876 1307 oaecitate
899 1234 1063 1309 omnium
1088 1236 1224 1311 civium

130 1361 222 1434 oculi
235 1369 273 1432 et
288 1358 453 1431 universa
466 1354 663 1449 respublica
678 1354 862 1429 consilium
873 1356 1132 1451 expectabunt
1144 1358 1225 1435 Glo-
1248 1430 1258 1445 ,

131 1483 325 1558 riosissime
337 1481 453 1553 senuit
463 1478 660 1573 Augustus,
676 1480 864 1577 Pompeius
876 1462 1066 1555 infelicius.
1085 1484 1223 1558 Verum

131 1607 264 1681 nonde
287 1607 436 1688 fortuna,
464 1603 528 1676 sed
551 1603 597 1678 de
620 1613 723 1677 astute
747 1603 806 1679 hic
828 1605 955 1699 agitur.
972 1606 1083 1681 Certe
1098 1608 1225 1704 Angu-

133 1742 210 1804 stus
225 1731 302 1826 ipse
321 1725 477 1799 omnium
489 1726 665 1800 maximus
677 1750 719 1801 ac
734 1728 999 1825 potentissimus
1026 1734 1225 1809 monnrclrr

132 1863 212 1949 post
235 1854 429 1947 inceptum,
462 1859 501 1923 ut
535 1850 748 1947 quibusdum
778 1854 890 1951 placet
918 1862 956 1927 et
978 1854 1081 1949 quod
1117 1878 1225 1933 nomo

133 1987 247 2070 negat,
281 1974 478 2049 diutissime
510 1997 716 2071 summaque
747 1998 826 2049 curn
864 1998 950 2073 pace
979 1978 1225 2072 gubernatum

132 2098 331 2195 imperium,
351 2099 443 2171 inter
463 2100 590 2172 multas
606 2099 841 2173 Romanorum
858 2100 1036 2188 lacrimas,
1058 2102 1226 2201 interque

133 2223 343 2295 castissimae
365 2221 525 2316 coniugis
549 2224 748 2317 amplexus,
775 2230 877 2297 sexto
891 2240 934 2295 an
951 2226 1225 2319 septuagesimo

134 2344 248 2417 aetatis
266 2366 357 2418 anno
373 2344 507 2439 placida
526 2354 638 2418 morte
651 2345 851 2419 subtractus
862 2354 928 2417 est.
951 2346 1135 2421 Eamdem
1155 2372 1226 2425 me·

136 2482 206 2542 tam
240 2471 351 2542 tenuit
380 2469 614 2563 Augustinus
650 2479 688 2540 ut
704 2470 866 2555 nomine,
889 2469 940 2541 sio
956 2469 1044 2542 vitae
1070 2477 1226 2547 termino
1258 2570 1262 2575 Ι

135 2594 289 2666 imitatus
319 2591 529 2685 Augustum.
564 2593 797 2689 Hieronymus
830 2612 914 2665 vero
947 2590 1114 2668 vivacior
1150 2598 1223 2671 luit

135 2716 305 2807 Origenes
318 2714 363 2786 ed
384 2716 680 2810 septuagesimum
692 2714 777 2787 vitae
792 2738 922 2788 aunum
937 2716 1048 2787 venit.
1062 2720 1225 2794 Tertium

136 2848 172 2910 et
191 2837 451 2930 sexagesimum
465 2839 663 2912 Beruerdus
685 2838 850 2933 implevit.
864 2839 914 2911 De
925 2837 1122 2914 Ambrosio
1139 2843 1226 2916 Gre-

135 2961 304 3057 gorioque
322 2960 455 3033 nonita
474 2973 689 3054 compertum
708 2970 819 3034 teneo.
846 2961 976 3034 Omnes
996 2972 1124 3037 tamen
1145 2988 1226 3063 pro·

135 3089 192 3159 cul
211 3087 318 3160 dubio
348 3096 546 3171 senuerunt,
565 3085 767 3182 providente
792 3087 860 3169 illo,
887 3085 982 3178 apud
1004 3108 1118 3180 quem
1147 3091 1226 3164 sons

136 3211 219 3282 vitae
244 3220 313 3297 est,
333 3232 378 3283 ne
395 3208 566 3305 hiparum
591 3210 764 3294 viverent,
791 3231 939 3302 quorum
964 3208 1039 3282 vite
1064 3217 1225 3289 multum

135 3333 314 3426 profutura
333 3342 408 3405 erat
429 3332 606 3404 Ecclesiae.
625 3330 680 3405 Ad
701 3331 950 3426 octogesimum
968 3352 1105 3406 annum
1122 3340 1225 3412 venit

134 3452 277 3525 Asinius
298 3454 414 3526 Pollio.
433 3457 571 3527 Marcus
586 3456 695 3526 Varro
707 3455 861 3528 vivendo
877 3467 913 3528 et
933 3454 1132 3532 scribendo
1155 3482 1224 3536 sne-

135 3578 202 3651 culi
223 3579 326 3650 unius
348 3579 491 3650 sortitus
511 3587 566 3650 est
585 3579 745 3673 spatium.
759 3579 867 3651 lllulta
886 3579 930 3652 de
951 3600 1015 3651 sua
1036 3595 1226 3659 senectute

135 3704 270 3774 locutus
287 3712 343 3775 est
362 3702 493 3774 Seneca
507 3722 626 3788 senex,
642 3703 819 3797 aliquanto
833 3703 948 3775 senior
967 3705 1130 3796 iuturus,
1155 3710 1225 3784 nisi

134 3826 233 3898 lerox
253 3825 644 3923 discipulusvetuisset.
662 3827 825 3919 Permitte
839 3827 936 3910 mihi,
951 3848 1013 3900 oro
1025 3838 1080 3916 te,
1103 3832 1228 3907 indul-

135 3947 339 4039 gentissime
359 3958 471 4045 pater,
499 3949 657 4042 permitte
679 3949 777 4034 mihi,
799 3959 838 4021 ut
862 3950 1116 4038 narrationem,
1141 3979 1226 4052 quae

135 4071 238 4142 valde
258 4072 409 4143 animum
431 4094 546 4145 meum
567 4073 701 4167 premit,
720 4073 801 4147 huic
821 4061 897 4146 loco
917 4073 1086 4163 inseram,
1115 4088 1157 4152 te
1178 4083 1228 4156 ia-

136 4206 251 4279 vente,
279 4205 313 4266 et
339 4196 528 4269 senectutis
553 4197 668 4270 adhuc
688 4196 828 4269 unicum
846 4198 1064 4292 exemplum,
1084 4200 1228 4278 humile

133 4316 274 4406 quidem
295 4340 336 4390 ac
352 4342 486 4406 recens
510 4321 574 4394 sed
593 4321 792 4406 honestum,
819 4329 855 4393 et
873 4320 974 4393 cuius
1000 4323 1088 4396 mihi
1106 4326 1229 4404 dulcis

135 4455 176 4506 ac
200 4440 401 4513 veneranda
432 4444 624 4517 recordatio
649 4453 715 4531 est,
749 4455 799 4518 tot
826 4444 1059 4539 gloriosorum
1092 4471 1230 4529 senum
